2033 3381
340 172 422 212 152
729 168 779 209 Β.
817 165 1096 208 CYRILLI
1139 161 1524 205 ALEXANDR.
1773 156 1829 197 iii.
1853 168 1912 195 11.

297 302 318 327 e
339 287 364 309 ‘⁶
392 279 518 331 τόν.”
569 278 735 329 οὐκοῦν
760 275 814 328 τὸ
841 277 1083 344 ὑψοῦσθαι
1107 273 1189 325 τὸν
1215 275 1343 335 ἥλιον,
1372 271 1588 335 σημαίνει
1613 290 1705 320 που
1729 264 1916 318 πάντως

337 361 367 427 ἢ
392 361 447 413 τὸ
474 362 547 413 ἐπὶ
576 365 660 411 τοῦ
690 364 898 425 σταυροῦ
923 357 1087 420 πάθος,
1113 356 1258 422 ἠ’γουν
1282 355 1368 420 τὴν
1393 358 1456 407 εἰς
1479 348 1699 419 οὐρανοὺς
1722 347 1918 416 ἀναφοί-

339 461 493 510 τησιν·
534 445 778 511 ὑψοῦσθαι
802 439 896 508 γὰρ
923 439 980 505 δὴ
1005 440 1080 491 καὶ
1108 437 1201 490 ὧδέ
1218 442 1376 508 φαμεν
1403 434 1556 487 αὐτόν.

432 654 606 696 Βολίὸεε
633 670 707 697 σου
734 654 1018 712 Πορεύσονται
1046 649 1106 693 εἷς
1133 651 1287 708 φὲΓΓοε
1314 650 1537 707 ἀστραπῆς
1563 649 1710 690 ὅπλων
1737 660 1826 687 σου.

416 775 610 833 Βολιθοις
649 776 847 829 ἐνταῦθά
883 781 1006 845 φησι
1043 774 1127 829 τὰς
1165 772 1254 825 ἀνὰ
1291 777 1454 825 πᾶσαν
1493 771 1655 825 ἰούσας
1689 768 1774 832 τὴν
1811 768 1918 833 γῆν,
1942 789 1964 825 5

342 864 418 913 καὶ
462 863 525 916 ὡς
573 860 666 912 ἀπὸ
718 860 860 929 τόξου
909 856 1223 922 πεμπομένας,
1269 855 1416 921 ἤγουν
1467 852 1617 922 χειρὸς
1662 852 1921 911 εὐσθενοῦς,

341 943 450 998 τοὺς
498 944 659 1010 ἁγίους
702 942 1005 995 ἀποστόλους
1047 943 1122 990 καὶ
1167 936 1522 1005 εὐαγγελιστάς,
1565 936 1669 1002 περὶ
1719 930 1784 983 ὧν
1831 931 1922 1000 ε”φη

122 1052 209 1086 569
233 1050 281 1084 Α.
304 1051 434 1082 ηπου
477 1029 552 1078 καὶ
587 1028 611 1077 ὁ
650 1023 875 1091 μακάριος
913 1023 1088 1075 Δαυείδ
1114 1022 1295 1072 (ΕὨσεὶ
1333 1021 1453 1083 βέλη
1485 1021 1533 1070 ἐν
1557 1021 1673 1086 χειρὶ
1709 1018 1921 1072 δυνατοῦ,

122 1102 177 1132 Ps.

121 1145 230 1176 cxxvi.
248 1157 278 1184 4.

134 1946 186 1975 Ps.
204 1944 281 1975 xliv.

142 2296 156 2316 2
171 2287 253 2317 Tim.

139 2331 179 2362 iv.
196 2332 225 2361 8.

345 1118 371 1140 ‘⁶
398 1111 544 1163 οὕτως
571 1110 657 1160 υἱοὶ
684 1113 777 1159 τῶν
803 1105 1238 1172 ἐκτετιναγμε’νων.”
1304 1101 1575 1172 ἐξετινάχθη
1610 1099 1693 1164 μὲν
1727 1097 1819 1164 γὰρ
1849 1099 1924 1147 καὶ

344 1193 630 1257 ε’κβέβληται
668 1189 722 1242 τὸ
762 1195 855 1242 τῶν
879 1190 1116 1241 Ἰουδαίων
1142 1188 1285 1249 ἔθνος,
1313 1185 1459 1236 διάτοι
1496 1183 1550 1235 τὸ
1586 1182 1925 1247 ἐμπαροινῆσαι
1952 1207 1996 1233 ιο

345 1278 544 1343 Χριστῷ
583 1279 805 1325 καλοῦντι
842 1272 959 1338 πρὸς
995 1269 1129 1337 ζωήν·
1173 1273 1215 1320 οἱ
1253 1267 1401 1335 γεμὴν
1430 1268 1612 1318 ἐκείνων
1645 1266 1731 1316 υἱοὶ
1761 1264 1836 1313 καὶ
1874 1261 1931 1330 ἐξ

346 1358 540 1421 αἵματος
568 1356 696 1410 ὅντες
722 1361 804 1407 τοῦ
830 1353 1044 1421 Ἰσραὴλ,
1072 1357 1113 1404 οἱ
1148 1351 1401 1403 ἀπόλεκτοι
1438 1350 1641 1413 μαθηταὶ
1672 1341 1851 1407 βολίθες
1878 1365 1927 1394 τε

348 1443 422 1490 καὶ
456 1439 578 1503 βέλη
612 1438 882 1504 γεγόνασιν,
909 1436 1006 1488 οἷον
1045 1437 1094 1486 ἐκ
1133 1434 1284 1502 χειρός
1321 1432 1562 1500 τρέχοντες
1593 1433 1676 1493 τῆς
1713 1430 1923 1491 ἀλκιμω-

348 1522 505 1586 τάτης,
555 1523 631 1572 καὶ
671 1519 846 1574 παντὸς
886 1519 1089 1572 εὐκόλως
1134 1516 1439 1579 διϊκνούμεναι
1484 1519 1566 1564 τοῦ
1604 1508 1930 1575 πληττομένου

349 1603 467 1670 πρὸς
505 1603 723 1656 θάνατον.
789 1606 835 1653 αἱ
868 1607 1075 1653 τοιαῦται
1112 1596 1291 1660 βολιθες
1330 1596 1710 1649 ἀποστέλλονται
1744 1591 1841 1656 μὲν,
1869 1593 1930 1645 ὡς
1953 1616 1999 1653 15

306 1686 445 1742 1)ἀπὸ
470 1685 622 1754 χειρὸς
656 1691 740 1737 τοῦ
772 1689 1005 1752 Χριστοῦ,
1032 1681 1347 1747 ἐμπήγνυνται
1387 1679 1434 1730 δὲ
1472 1683 1567 1732 τοῖς
1596 1682 1678 1728 τοῦ
1705 1674 1932 1736 διαβόλου

353 1769 670 1837 σπλάγχνοις,
710 1769 784 1818 καὶ
822 1768 1066 1833 ἀναιροῦσι
1103 1763 1186 1815 τὸν
1223 1763 1469 1829 δράκοντα.
1536 1763 1611 1810 καὶ
1649 1764 1763 1824 γοῦν
1797 1759 1871 1808 καὶ
1907 1758 1933 1807 ὁ

354 1851 580 1919 μακάριος
619 1852 794 1902 Δαυεὶδ
831 1851 1124 1917 ἀναμελῳδεῖ
1155 1869 1246 1898 που
1285 1845 1438 1911 λέγων
1474 1842 1593 1909 πρὸς
1631 1840 1714 1892 τὸν
1758 1840 1934 1906 Κύριον

355 1935 486 1999 ἡμῶν
511 1935 701 1999 Ἰησοῦν
738 1931 821 1984 τὸν
860 1929 1076 1997 Χριστόν
1103 1928 1224 1980 “Τὰ
1263 1928 1384 1992 βέλη
1422 1949 1514 1977 σου
1551 1923 1823 1989 ἠκονημένα,
1849 1926 1929 1974 δυ-

357 2026 383 2048 “
411 2016 531 2081 νατέ,
562 2019 670 2067 λαοὶ
707 2015 923 2067 ὑποκάτω
948 2036 1039 2064 σου
1064 2017 1317 2064 πεσοῦνται
1352 2011 1399 2060 ἐν
1435 2009 1597 2077 καρδίᾳ
1630 2011 1723 2058 τῶν
1757 2007 1936 2073 ἐχθρῶν
1955 2034 2005 2059 20

357 2107 385 2129 “
413 2106 495 2151 τοῦ
520 2097 804 2159 βασιλέως.”
870 2097 1036 2147 οὐκοῦν
1059 2098 1355 2145 δαπανῶνται
1390 2090 1474 2154 μὲν
1501 2094 1596 2144 τοῖς
1630 2091 1830 2139 τοιοῖσδε
1857 2093 1935 2146 βε-

359 2190 468 2233 λεσι
506 2181 565 2232 τὰ
608 2185 703 2232 τῶν
740 2178 989 2243 δαιμονίων
1024 2177 1190 2244 στίφη,
1224 2178 1300 2226 καὶ
1342 2174 1460 2241 πρὸς
1498 2171 1695 2237 ὀλέθρου
1732 2171 1936 2236 γίνονται

359 2270 454 2319 τοῖς
490 2266 686 2332 ἐχθροῖς·
726 2266 823 2316 τοῖς
859 2259 1008 2327 γεμὴν
1044 2257 1334 2324 ἐπεγνωκόσι
1372 2256 1457 2320 τὴν
1493 2253 1764 2323 ἐπιφάνειαν
1797 2254 1938 2303 αὑτοῦ

360 2349 435 2399 καὶ
461 2343 733 2411 τετιμηκόσι
759 2343 834 2394 διὰ
868 2346 951 2407 τῆς
981 2343 1197 2404 πίστεως,
1222 2339 1381 2406 ἑτέραν
1406 2340 1740 2403 ἀποπληροῦσι
1765 2335 1938 2403 χρείαν.

412 2523 442 2546 1.
468 2509 646 2556 ὒψοῦσθαι
664 2509 711 2544 D.
729 2508 892 2555 ὑψῶσθαι
912 2508 955 2542 Β.
973 2508 1114 2550 ὑψῶσαι
1132 2505 1225 2541 Edd.
1274 2519 1339 2539 που
1356 2516 1426 2538 om.
1447 2504 1490 2538 B.
1633 2513 1664 2536 2.
1683 2502 1701 2546 ἢ
1720 2507 1941 2546 assumptum

362 2572 402 2593 ex
425 2559 517 2592 B.D.
722 2568 756 2602 3.
783 2556 959 2601 ὑψοῦσθαι
980 2555 1026 2588 D.
1044 2554 1207 2599 ὑψῶσθαι
1226 2552 1268 2587 Β.
1287 2553 1428 2597 ὑψῶσαι
1446 2549 1537 2585 Edd.
1603 2550 1703 2583 αὐτόν
1720 2554 1941 2592 assumptum

363 2619 405 2640 ex
426 2606 471 2639 D.
491 2605 588 2639 deest
604 2604 638 2638 in
660 2603 705 2639 Β.
908 2615 940 2644 4.
966 2601 1259 2646 προπορεύσονται
1280 2599 1325 2633 D.
1534 2605 1568 2639 5.
1594 2594 1752 2641 ἐνταῦθα]
1772 2595 1888 2628 ἐνθάδε
1906 2594 1941 2628 b.

365 2653 541 2687 Neutrum
560 2651 665 2685 habet
683 2651 729 2686 D.
793 2648 912 2685 ἷούσας
928 2649 989 2682 ἀνὰ
1006 2650 1120 2682 πᾶσαν
1137 2648 1208 2681 inv.
1234 2645 1356 2680 ordine
1373 2645 1420 2679 D.
1683 2642 1716 2675 6.
1743 2639 1939 2686 εὐσθενοῦς]

365 2700 521 2741 εὐμενοῦς
540 2697 632 2733 Edd.
892 2697 925 2730 8.
947 2710 1012 2730 που
1029 2707 1099 2729 om.
1120 2695 1161 2729 B.
1412 2703 1445 2736 9.
1470 2690 1532 2735 μὲν
1548 2695 1768 2734 assumptum
1787 2700 1827 2722 ex
1847 2687 1942 2722 B.D.

370 2757 422 2780 12.
448 2748 508 2779 τοῦ
525 2757 596 2779 om.
615 2745 661 2779 D.
830 2754 884 2788 13.
909 2743 1094 2787 τρέχουσαι
1114 2741 1155 2775 Β.
1173 2740 1244 2774 inv.
1263 2739 1309 2773 D.
1478 2746 1530 2781 15.
1556 2738 1704 2770 τοιαῦται
1721 2735 1859 2775 βολίδες
1877 2734 1943 2768 hoc

366 2792 488 2826 ordine
507 2792 548 2825 B.
574 2791 699 2825 τοιαῖδε
719 2790 848 2837 [τοιάδε
866 2789 956 2834 (sic)
977 2788 1041 2834 D.]
1061 2790 1140 2828 βολ.
1159 2786 1244 2822 D.b.
1269 2787 1349 2827 βολ.
1375 2786 1523 2818 τοιαῦται
1551 2782 1641 2817 Edd.
1709 2782 1834 2816 Statim
1860 2781 1943 2815 (ἰπο-

367 2838 571 2877 στίλβονται
588 2837 647 2873 iid.
664 2837 942 2884 repugnantibus
962 2835 1092 2870 B.D.b.
1366 2840 1417 2876 17.
1445 2831 1497 2864 καὶ
1516 2830 1579 2863 ult.
1597 2835 1817 2874 assumptum
1835 2840 1876 2862 ex
1896 2827 1943 2862 D.

372 2886 425 2918 18,
452 2884 611 2930 ἐμελῴδει
631 2885 678 2919 D.
1133 2893 1185 2925 19.
1210 2878 1248 2913 Ἰ.
1266 2880 1324 2913 τὸν
1341 2883 1382 2912 X.
1400 2889 1470 2911 om.
1491 2877 1536 2911 D.
1601 2876 1724 2910 δυνατὰ
1742 2874 1831 2920 (Sic)
1851 2873 1942 2908 Edd.

370 2941 425 2964 20.
452 2932 600 2975 καρδίαις
617 2931 675 2965 iid.
829 2941 884 2964 22.
910 2929 1088 2974 δαιμονίων
1107 2928 1198 2963 B.D.
1216 2927 1382 2970 δαιμόνων
1400 2923 1491 2959 Edd.
1540 2923 1683 2968 ὀλέθρου
1700 2922 1831 2957 habent
1850 2920 1943 2955 B.D.

369 2988 426 3019 24.
452 2977 566 3022 χρείαν
586 2977 716 3013 B.D.b.
735 2977 835 3022 χάριν
854 2975 945 3011 Edd.
