2028 3356
322 175 404 214 100
710 175 760 215 B.
803 173 1080 214 CYRILLI
1118 172 1497 214 ALEXANDR.
1787 171 1829 211 ii.
1854 181 1889 222 7.

318 288 544 334 σατανᾶν.
613 283 893 346 συνεκόμισε
919 283 1004 347 μὲν
1029 282 1122 349 γὰρ
1153 287 1214 337 εὶς
1239 283 1401 335 ἑαυτὸν
1426 282 1581 336 πάντα
1606 281 1664 333 τὰ
1690 282 1812 345 ἔθνη,
1838 281 1893 332 τὸ

318 371 399 432 τῆς
425 368 658 420 πολυθεόυ
692 366 876 432 πλάνης
911 367 1144 422 ἁπλώσας
1181 368 1326 430 λίνον,
1353 371 1427 420 καὶ
1464 373 1559 422 τοῖς
1596 366 1787 434 βρόχοις
1813 369 1895 430 τῆς

321 452 547 518 ἁμαρτίας
579 448 928 515 καταπυκάζων.
994 449 1123 514 πλὴν
1158 451 1456 519 ἐξανέστησαν
1495 458 1529 503 οἱ
1565 447 1788 504 δάκνοντες
1815 452 1896 500 αὐ-

320 531 400 596 nb,
447 532 674 595 τουτέστι,
717 536 810 582 τῶν
854 533 1171 598 εὑαγγελικῶν
1222 533 1562 597 θεσπισμάτων
1605 535 1646 583 οἱ
1690 531 1895 598 κήρυκες,

321 615 418 666 οἷον
451 616 613 665 ὀδοῦσι
647 613 1017 680 σπαράσσοντες
1053 614 1107 666 τὸ
1146 619 1288 678 σῶμα
1326 616 1483 676 αὐτοῦ,
1518 614 1623 669 τοὺς
1658 614 1717 665 τὰ
1755 615 1896 665 αὑτοῦ
1917 631 1938 669 5

322 697 539 760 δηλονότι
579 701 767 764 φρονεῖν
805 697 1073 764 ᾑρημένους.
1141 696 1302 763 ὥσπερ
1335 696 1426 763 γάρ
1461 698 1569 748 “Ὀ
1597 698 1897 761 κολλώμενος

283 799 305 825 c
322 786 350 808 “
375 783 440 848 τῷ
469 780 628 848 Κυρίῳ
662 777 711 829 ἓν
744 779 927 839 πνεῦμά
956 780 1125 841 ε’στιν,”
1153 781 1298 833 οὕτως
1325 780 1349 829 ὁ
1373 783 1438 849 τῷ
1465 780 1674 849 διαβόλῳ
1707 779 1894 830 κολλώ-

106 708 116 728 1
139 699 212 729 (for.

100 743 141 772 vi.
163 743 209 776 17.

319 884 468 926 μενος,
495 861 544 912 ἓν
580 860 698 927 πρὸς
736 861 877 912 αὐτόν
915 863 1017 913 ε’στι
1049 867 1205 925 σῶμα.
1273 860 1510 931 ἐκνήψσυσι
1550 862 1606 926 δὴ
1632 863 1712 912 οῦν
1739 868 1773 913 οἱ
1800 863 1898 913 ἐπι-

319 944 597 1005 βουλεύοντες
639 948 772 1014 οιὺτῷ.
839 945 1055 999 συνέντες
1097 944 1188 1012 γὰρ
1234 944 1304 996 ὅτι
1355 946 1549 996 τέθειται
1593 944 1762 996 λοιπὸν
1809 944 1898 997 ὑπὸ

101 1046 229 1077 s.Lue.
320 1026 468 1081 πόδας
511 1026 670 1093 ἁγίων,
719 1031 934 1094 Χριστοῦ
978 1028 1199 1094 λέγοντος
1251 1030 1456 1094 ἐναργῶς
1506 1035 1533 1057 “
1554 1027 1676 1079 Ἰδοὺ
1724 1028 1900 1079 δέδωκα
1923 1047 1969 1071 10

100 1100 133 1120 x.
158 1100 204 1130 ¹9·
323 1116 350 1139 ‘⁶
375 1111 480 1172 ὑμῖν
522 1114 685 1160 πατεῖν
726 1109 881 1161 ἐπάνω
923 1109 1078 1178 ὄφεων
1116 1113 1190 1161 καὶ
1235 1111 1476 1176 σκορπίων
1514 1112 1589 1162 καὶ
1626 1112 1699 1162 ἐπὶ
1737 1115 1901 1162 πᾶσαν

323 1199 350 1220 “
375 1191 460 1255 τὴν
486 1192 681 1255 δύναμιν
707 1198 789 1243 τοῦ
815 1193 1030 1259 ε’χθροῦ,”
1052 1192 1158 1246 τοὺς
1184 1192 1242 1243 τὰ
1268 1194 1408 1244 αὐτοῦ
1435 1197 1725 1261 φρονοῦντας
1751 1194 1900 1262 ἁρπυι-

322 1297 482 1337 σουσι,
518 1277 592 1325 καὶ
632 1278 694 1329 εἱς
739 1274 824 1338 τὴν
864 1277 947 1339 τῆς
988 1276 1207 1339 ἀληθείας
1247 1277 1502 1341 ἐπίγνωσιν
1540 1282 1901 1339 μετακομιοῦσιν

323 1357 537 1418 εὐκόλως,
565 1357 632 1410 τίς
665 1359 689 1407 ὁ
723 1358 865 1426 φύσει
902 1381 949 1408 τε
989 1360 1064 1408 καὶ
1103 1360 1291 1422 ἀληθῶς
1317 1360 1419 1410 ἐστι
1450 1358 1570 1412 Θεὸς
1597 1358 1895 1409 ἐκδιδάσκον-

281 1453 417 1504 (1τες,
449 1443 524 1491 καὶ
555 1440 608 1491 τὸ
639 1446 722 1491 τοῦ
756 1444 971 1506 Χριστοῦ
1009 1440 1268 1506 μυστήριον
1301 1441 1613 1510 ἐξηγούμενοι,
1644 1440 1693 1495 ’ὸς
1731 1440 1787 1506 δὴ
1826 1442 1901 1491 καὶ
1927 1462 1970 1499 15

324 1528 509 1590 πρῶτος
553 1525 714 1589 ὁρᾶται
762 1520 1021 1593 ἕιηρπακὼς
1065 1523 1219 1574 αὐτόν.
1282 1526 1412 1575 ε”στιν
1454 1525 1534 1575 οῦν
1576 1526 1776 1576 ἀκοῦσαι
1816 1523 1898 1574 λε’-

103 1629 260 1660 SMatth.
326 1630 491 1672 γοντος
531 1605 640 1657 “'NH
681 1610 781 1659 πῶς
823 1606 1017 1656 δύναταί
1052 1629 1119 1659 τις
1160 1610 1387 1657 εἰσελθεῖν
1425 1610 1486 1660 εἷς
1524 1605 1609 1671 τὴν
1644 1608 1790 1657 οἰκίαν
1820 1612 1902 1657 τοῦ

103 1683 226 1714 ‘⁸¹¹'29'
326 1698 353 1718 ‘⁶
380 1693 577 1757 ἰσχυροῦ
615 1690 690 1739 καὶ
727 1687 785 1739 τὰ
817 1687 962 1752 σκεύη
1001 1689 1142 1739 αὑτοῦ
1181 1688 1455 1754 διαρπάσαι,
1497 1688 1575 1739 ἐὰν
1613 1688 1677 1753 μὴ
1715 1693 1903 1754 πρῶτον

324 1780 351 1802 “
378 1771 502 1839 δήσῃ
531 1770 614 1822 τὸν
646 1770 871 1838 ἱσχυρὸνς
912 1773 987 1822 καὶ
1023 1772 1127 1822 τότε
1162 1771 1402 1840 διαρπάσῃ
1439 1771 1498 1822 τὰ
1536 1774 1680 1835 σκεύη
1715 1771 1900 1821 αὐτοῦ.”

323 1854 455 1908 εὐθὺς
489 1853 537 1905 δὲ
575 1857 750 1922 τεχθεὶς
789 1855 838 1904 ἐκ
872 1856 954 1917 τῆς
992 1854 1127 1919 ἁγίας
1164 1853 1410 1920 παρθένου,
1438 1853 1701 1920 διαρπάζειν
1726 1853 1903 1921 ἤρξατο
1925 1875 1973 1900 20

324 1936 384 1988 τὰ
423 1936 569 2000 σκεύη
607 1938 763 1988 αὐτοῦ.
831 1937 1054 2004 ἀφίκοντο
1098 1935 1191 2002 γὰρ
1242 1936 1298 2005 ἐξ
1345 1938 1589 1987 ἀνατολῶν
1637 1940 1679 1987 οἱ
1726 1935 1903 2001 Μάγοι,

104 2025 265 2099 Ξζῐέιωὶ·
326 2027 353 2049 “
380 2020 596 2085 λέγοντες
631 2023 735 2070 Ποῦ
772 2021 903 2069 ἐστιν
943 2019 968 2068 ὁ
1013 2021 1188 2086 τεχθεὶς
1228 2018 1456 2080 βασιλεὺς
1495 2023 1588 2069 τῶν
1631 2019 1899 2081 Ἰουδαι’ων;

131 2094 136 2099 ’
174 2094 179 2099 ¹
329 2109 355 2131 ‘⁶
379 2102 556 2166 εἴδομεν
581 2101 675 2168 γὰρ
701 2103 841 2152 αὐτοῦ
866 2100 949 2152 τὸν
974 2101 1152 2167 ἀστέρα
1184 2102 1232 2151 ἐν
1257 2105 1314 2167 τῇ
1341 2103 1568 2169 ἀνατολῇ,
1599 2104 1673 2152 καὶ
1698 2102 1905 2167 ἤλθομεν

288 2206 309 2231 e
329 2192 354 2214 ‘⁶
379 2187 710 2250 προσκυνῆσαι
760 2184 924 2253 αὑτῴ.”
990 2187 1064 2235 καὶ
1117 2183 1173 2247 δὴ
1224 2185 1298 2234 καὶ
1349 2184 1776 2250 προσκεκυνήκασι,
1830 2187 1905 2235 καὶ

327 2268 490 2333 δώροις
516 2266 803 2330 τετιμήκασι,
830 2268 905 2316 καὶ
942 2265 1132 2333 ἀπαρχὴ
1172 2266 1399 2331 γεγόνασι
1433 2270 1515 2330 τῆς
1543 2271 1636 2317 τῶν
1662 2269 1807 2318 ἐθνῶν
1832 2269 1904 2318 ε’κ-
1925 2281 1972 2318 25

325 2350 544 2413 κλησιάς·
588 2347 733 2413 σκεύη
772 2348 819 2399 δὲ
854 2348 982 2402 ὅντες
1014 2348 1276 2411 διαβολικά,
1305 2351 1380 2399 καὶ
1417 2353 1511 2399 τῶν
1541 2350 1712 2399 ἐκείνου
1747 2354 1905 2413 μελῶν

327 2430 386 2482 τὰ
426 2436 520 2482 τῶν
560 2431 725 2482 ἄλλων
763 2429 982 2482 ἁπάντων
1025 2431 1094 2481 ὅτι
1128 2433 1343 2494 μάλιστα
1380 2429 1653 2495 τιμιώτατα,
1691 2434 1901 2498 προσδε-

378 2638 407 2661 1.
433 2628 493 2670 μὲν
510 2633 734 2672 assumptum
752 2639 793 2660 ex
813 2627 859 2660 D.
1097 2638 1128 2662 2.
1153 2626 1271 2661 ἁπλῶν
1288 2625 1380 2660 Edd.
1617 2638 1650 2671 3.
1675 2628 1828 2669 πυκάζων
1844 2627 1903 2661 iid.

327 2675 468 2718 βρόχοις
486 2681 565 2719 post
583 2689 742 2709 καταπυκ.
762 2681 805 2709 tr.
827 2674 871 2707 D.
937 2674 1089 2717 ἔξανέστ.
1116 2675 1147 2708 οἶ
1173 2674 1263 2708 δάκν.
1289 2673 1389 2707 αὐτὸν
1414 2672 1479 2707 hoc
1505 2672 1626 2707 ordine
1646 2673 1690 2707 D.
1718 2674 1807 2717 ἐξαν.
1826 2680 1905 2718 post

327 2721 427 2754 αὐτὸν
445 2728 487 2755 tr.
508 2720 598 2755 Edd.
760 2735 793 2763 4.
819 2721 1032 2766 διδαγμιὶτων
1050 2733 1111 2766 pro
1130 2721 1294 2761 θεσπισμ.
1317 2720 1363 2753 D.
1550 2731 1583 2764 5.
1610 2721 1790 2765 σπαράσσ.
1811 2720 1852 2754 Β.
1859 2721 1903 2755 D.

329 2768 496 2810 σπαράττ.
514 2768 549 2802 b.
570 2767 662 2802 Edd.
870 2779 922 2801 11.
949 2767 1041 2813 ὑμῖν]
1066 2772 1102 2808 -4-
1124 2768 1282 2813 ἐξουσίαν
1301 2766 1346 2800 D.
1548 2777 1599 2800 12.
1626 2767 1727 2800 αὐτοῦ
1746 2767 1791 2800 D.
1812 2767 1903 2801 Edd.

329 2813 412 2847 αὐτὰ
432 2813 473 2847 B
789 2826 842 2857 14.
867 2815 996 2858 ἀληθὴς
1014 2814 1105 2849 Edd.
1406 2824 1458 2858 15.
1484 2815 1543 2846 τοῦ
1561 2821 1781 2858 assumptum
1800 2826 1840 2847 ex
1861 2814 1903 2848 Β.

333 2868 387 2904 17.
414 2860 579 2894 εἰσελθεῖν
597 2869 676 2906 post
693 2862 838 2906 ἷσχυρου
856 2862 1054 2906 t1·1nsp.l)
1250 2861 1302 2894 18.
1327 2860 1478 2903 ἁρπάσαι
1498 2860 1544 2894 D.
1736 2872 1789 2905 19.
1816 2861 1903 2904 δ’]σῃ

328 2907 387 2940 τὸν
404 2906 545 2950 ισχυρὸν
563 2908 628 2942 hoc
645 2909 765 2942 oldine
784 2909 831 2943 D.
879 2909 1052 2954 διαρπάσῃ
1072 2909 1118 2942 D.
1137 2909 1315 2952 διαρπάσει
1334 2906 1425 2941 Edd.
1586 2917 1640 2940 21.
1666 2906 1838 2941 ἀνατολῶν
1856 2908 1902 2941 D.

329 2952 493 2995 ἀνατολῆς
512 2953 602 2987 Edd
1000 2966 1055 3000 25.
1080 2954 1225 2999 τετιμὴκ.
1245 2954 1389 2998 δώροις
1382 2966 1451 2987 mv.
1470 2952 1546 2987 ord.
1567 2953 1612 2987 D.
1662 2953 1842 2998 εκκλησίας
1862 2954 1903 2989 Β.

331 2999 482 3043 κλήσεως
502 3000 545 3034 D.
565 3002 785 3045 κληρονομίας
803 3002 894 3036 Edd.
1092 3012 1148 3046 27.
1174 3017 1214 3036 τιι
1232 3006 1453 3046 assumptum
1472 3012 1513 3034 ex
1533 3000 1573 3034 B.
1580 3000 1625 3034 D.
