1997 3361
93 153 203 195 iii.2.
537 156 603 195 IN
652 155 923 195 ABACUC.
985 154 1134 194 TUM.
1175 154 1239 193 Η..
1596 153 1659 187 1ιέ

91 262 221 314 ἀλλὰ
247 266 321 314 καὶ
348 270 485 315 τοῦτο
511 266 700 316 ἄτοπον.
766 267 819 316 οὐ
852 265 943 331 γὰρ
976 268 1022 315 ἐν
1054 266 1184 334 τόπῳ
1211 263 1263 313 τὸ
1298 267 1432 321 θεῖον,
1461 261 1529 310 ὅτι
1556 261 1668 322 μήτε

91 348 140 396 ἐν
165 350 317 415 ποσῷ,
343 346 457 410 μήτε
484 347 575 410 μὴν
601 347 718 397 κατὰ
745 347 887 409 σῶμά
913 349 1058 397 ἐστιν.

158 429 347 494 ἢνΕτεροι
386 428 434 479 δὲ
477 430 535 479 αῦ
576 426 645 480 δύο
689 432 783 499 ζῷα,
829 430 1054 494 εἰρήκασι,
1095 429 1179 492 τήν
1219 452 1267 478 τε
1321 427 1427 477 νέαν
1469 428 1541 476 καὶ
1588 425 1672 486 τὴν

91 509 301 560 παλαιὰν
335 511 572 575 διαθήκην,
607 509 670 561 ὧν
712 514 759 562 ἐν
798 511 928 580 με’σῳ
963 512 1243 576 γινώσκεται
1279 512 1303 560 ὁ
1335 508 1560 574 Χριστός.
1626 511 1673 555 ἐν

51 613 72 651 5
94 591 140 641 δὲ
174 597 268 645 τοῖς
305 594 528 647 τοιούτοις
567 592 865 658 θεωρήμασιν
893 591 1024 654 οἶμον
1050 594 1131 644 ἰ’τω
1167 616 1254 655 τις,
1283 592 1340 656 ἢν
1367 592 1424 642 ἂν
1450 590 1672 651 βούλοιτο

93 675 198 724 καθ’
225 675 403 726 ἑαυτόν·
446 676 574 738 ἡμεῖς
609 676 655 726 δὲ
688 674 823 744 ἅπαξ
849 675 931 726 τὸν
970 675 1116 740 λόγον
1154 680 1214 729 εἷς
1248 673 1302 725 τὸ
1339 680 1422 724 τοῦ
1456 677 1672 737 Χριστοῐ·

92 756 352 823 πρόσωπον
385 759 749 824 περιτρέποντες,
777 759 967 822 νομικὴν
992 758 1288 821 ποιησόμεθα
1325 757 1409 819 τὴν
1446 760 1539 805 τῶν
1567 778 1669 816 νοη-
1694 761 1717 796 l»

93 838 254 900 μάτων
298 840 558 907 ἀφήγησιν.
625 840 788 906 γε’γονε
831 842 985 890 τοίνυν
1033 842 1057 890 ὁ
1103 841 1274 905 Κύριος
1314 839 1445 902 ἡμῶν
1490 841 1671 900 Ἰησοῦς

94 920 306 987 Χριστὸς
342 923 618 988 ἱλαστήριον
649 922 724 973 διὰ
757 925 838 986 τῆς·
872 925 1090 976 πίστεως·
1133 922 1276 972 ἐδόκει
1310 921 1403 986 γὰρ
1438 919 1523 971 ὧδε
1556 927 1672 987 φρο-

30 1035 77 1059 10
97 1007 188 1053 νεῖν
218 1026 268 1054 τε
299 1006 373 1054 καὶ
403 1004 557 1069 λε’γειν
592 1006 665 1055 καὶ
705 1008 770 1073 τῷ
803 1005 1045 1073 θεσπεσίῳ
1082 1004 1277 1073 Παύλῳ·
1322 1003 1672 1067 ἀπηλλάγμεθα

96 1084 188 1150 γὰρ
227 1086 281 1136 δι’
324 1087 465 1137 αὐτοῦ
508 1086 682 1139 παντὸς
727 1086 1011 1149 αἱτιάματος,
1055 1086 1167 1136 ἵλεώ
1210 1109 1257 1136 τε
1308 1087 1383 1135 καὶ
1427 1084 1675 1147 εὐάντητον

95 1166 362 1233 ἐσχήκαμεν
404 1166 488 1218 τὸν
531 1168 737 1234 Πατέρα.
811 1171 885 1218 καὶ
932 1167 1219 1234 μαρτυρήσει
1257 1168 1412 1232 λέγων
1455 1169 1478 1217 ὁ
1521 1165 1675 1234 σοφὸς

94 1247 313 1312 Ἰωάννης
340 1257 366 1280 ‘⁶
385 1251 575 1313 Τεκνία,
605 1256 752 1301 ταῦτα
786 1250 958 1318 γράφω
993 1252 1117 1313 ὑμῖν,
1147 1250 1220 1301 ἵνα
1259 1250 1322 1313 μὴ
1362 1249 1672 1314 ἀμαρτάνητε.
1742 1255 1899 1330 ὶΤ-ἱῑῇζυ·

97 1338 124 1360 “
150 1332 225 1381 καὶ
263 1331 342 1382 ε’άν
379 1355 448 1386 τις
486 1332 533 1383 δὲ
569 1331 768 1400 ἁμάρτῃ,
793 1331 1099 1397 παράκλητον
1124 1332 1289 1399 ἔχομεν
1313 1331 1431 1397 πρὸς
1457 1331 1539 1382 τὸν
1569 1335 1671 1381 Πα-
1768 1325 1772 1329 ’

32 1420 124 1481 15“
149 1413 272 1480 τέρα,
315 1414 505 1478 Ἰησοῦν
547 1415 763 1480 Χριστὸν
802 1415 991 1474 δίκαιον,
1032 1417 1106 1466 καὶ
1153 1413 1291 1468 αὐτὸς
1334 1412 1537 1476 ἱλασμός
1575 1415 1677 1463 ἐστι

98 1502 125 1524 “
149 1498 254 1562 περὶ
278 1501 372 1547 τῶν
398 1498 636 1563 ἁμαρτιῶν
661 1498 807 1562 ἡμῶν·
849 1499 902 1548 οὐ
935 1498 1040 1563 περὶ
1069 1501 1163 1548 τῶν
1191 1495 1422 1561 ἡμετέρων
1448 1496 1496 1547 δὲ
1520 1494 1676 1559 μόνον,
1697 1525 1717 1550 ρ

97 1584 125 1606 “
150 1577 281 1629 ἀλλὰ
313 1581 388 1630 καὶ
421 1582 527 1646 περὶ
562 1579 678 1630 ὅλου
715 1586 799 1630 τοῦ
838 1580 1068 1643 κόσμου.”
1132 1579 1286 1643 ἐπειδὴ
1313 1579 1362 1630 δὲ
1392 1578 1518 1642 ἦσαν
1541 1578 1677 1629 τύποι

97 1664 192 1710 τῶν
221 1662 457 1723 ἐσομένων
491 1661 610 1712 κατὰ
648 1661 871 1726 ἀλήθειαν
897 1662 955 1713 τὰ
986 1661 1137 1713 πάλαι
1163 1663 1218 1712 δι’
1247 1660 1534 1725 αἰνιγμάτων
1560 1663 1674 1710 ἀνα-

98 1742 379 1806 τυπούμενα,
409 1744 522 1811 φέρε
556 1767 600 1794 τι
634 1744 848 1809 λε’γωμεν
872 1743 954 1795 τὸν
980 1746 1028 1795 ἐν
1053 1748 1110 1812 τῇ
1136 1745 1247 1812 ἁγίᾳ
1272 1747 1426 1811 σκηνῇ
1454 1743 1680 1809 γεγονότα

33 1856 82 1880 20
99 1823 229 1890 παρὰ
253 1831 336 1875 τοῦ
364 1824 555 1892 Πατρὸς
589 1825 868 1892 ἱλαστήριον
902 1826 1182 1880 δεικνύοντες
1217 1825 1299 1877 τὸν
1333 1827 1465 1876 Υἱόν.
1527 1848 1681 1890 προσ-

100 1905 262 1973 τέταχε
311 1909 466 1958 τοίνυν
516 1909 541 1958 ὁ
591 1912 685 1958 τῶν
737 1907 863 1959 ὅλων
915 1908 1035 1962 Θεὸς
1087 1907 1289 1968 κιβωτὸν
1334 1907 1555 1973 γενέσθαι
1606 1911 1680 1957 καὶ
1743 1919 1846 1978 &⁴5¹-

101 1988 312 2055 λυχνίαν,
352 1991 425 2040 καὶ
466 1989 622 2051 με’ντοι
663 1994 739 2040 καὶ
777 1989 1006 2057 τράπεζαν
1044 1992 1092 2040 ἐν
1129 1991 1186 2057 τῇ
1227 1990 1340 2058 ἁγίᾳ
1378 1993 1544 2055 σκηνῇ·
1585 1986 1682 2038 εἶτα
1742 1974 1818 1993 'm'

101 2069 219 2135 πρὸς
253 2069 431 2123 τούτοις
466 2070 742 2136 ἱλαστήριον
779 2073 828 2122 ἐκ
866 2077 1048 2139 χρυσοῦ
1080 2074 1154 2122 καὶ
1184 2072 1432 2139 πορφύρας
1459 2073 1533 2121 καὶ
1560 2072 1683 2132 βύσ-

102 2174 193 2202 σου
227 2152 557 2216 κεκλωσμένης
590 2155 664 2202 καὶ
699 2153 911 2204 κοκκίνου
946 2153 1317 2216 διανενησμένου,
1345 2156 1419 2202 καὶ
1445 2158 1583 2202 τοῦτο
1608 2154 1681 2202 ἐπὶ

36 2263 84 2301 25
102 2233 353 2299 τεσσάρων
395 2233 636 2299 αἰρόμενον
677 2235 870 2285 στύλων
907 2236 1188 2301 ε’πεκρέματο
1226 2240 1284 2302 τῇ
1323 2236 1435 2303 ἁγίᾳ
1473 2239 1676 2302 κιβωτῷ·
1699 2235 1725 2274 d

102 2314 199 2368 εἶτα
235 2316 317 2367 δύο
360 2318 602 2382 Χερουβὶμ
641 2319 703 2369 εἷς·
742 2316 894 2384 δεξιόν
934 2340 984 2367 τε
1025 2319 1100 2367 καὶ
1139 2318 1373 2379 εὐώνυμον
1412 2320 1461 2367 ἐκ
1499 2322 1681 2383 χρυσοῦ

170 2517 200 2540 1.
225 2507 263 2540 τὸ
291 2505 397 2551 θεῖον]
431 2506 547 2551 Pergit
576 2507 620 2540 D.
648 2506 786 2550 ἄπειρον
813 2507 879 2551 γὰρ
909 2507 960 2540 καὶ
989 2507 1240 2550 (ἶπεριόριστον,
1266 2506 1343 2540 τόδε
1368 2508 1406 2540 τὸ
1431 2508 1497 2540 πᾶν
1524 2507 1577 2539 καὶ
1606 2507 1682 2542 τοὺς

105 2553 223 2588 αἰῶνας
248 2553 468 2596 ἀνεπινοὴτως
498 2555 732 2595 διακυβερνῶν.
782 2554 1043 2598 καταλλάγμεθα
1072 2555 1136 2599 γὰρ
1167 2555 1255 2599 αὐτῷ
1288 2555 1319 2586 οἱ
1347 2555 1500 2598 γηγενοῖς
1522 2553 1610 2597 (sic)
1641 2554 1682 2587 δι’

104 2598 243 2643 αἵματος
269 2600 354 2634 υἱοῦ·
389 2599 470 2635 ἵλεώ
498 2614 534 2634 τε
564 2600 649 2645 (11)
679 2602 774 2645 (post
799 2601 976 2645 inceptum
1003 2603 1157 2640 καταλλ.,
1185 2599 1309 2634 deinde
1334 2600 1446 2639 erasit,
1477 2601 1684 2646 scripsitque

105 2646 210 2680 verba
226 2647 662 2692 ἅπειρον-διακυβερνῶν.)
682 2648 728 2681 D.
918 2658 951 2691 3.
971 2648 1037 2692 ζῷα
1054 2647 1196 2681 correxi.
1215 2648 1298 2689 ζωὰς
1316 2647 1396 2689 (sic)
1416 2646 1457 2680 B.
1476 2646 1568 2680 Edd.
1588 2654 1619 2681 et
1638 2648 1684 2680 ita

106 2693 190 2737 legit
206 2693 402 2738 Theophyl.
636 2707 668 2736 4.
695 2695 713 2727 ὁ
731 2700 951 2738 assumptum
969 2706 1010 2727 ex
1030 2693 1073 2727 B.
1307 2704 1340 2737 5.
1367 2691 1478 2738 οἶμον]
1494 2693 1572 2727 ὁδὸν
1590 2693 1682 2727 Edd.

107 2739 141 2773 6.
165 2742 225 2773 τοῦ
242 2747 464 2784 assumptum
481 2752 522 2774 ex
542 2740 585 2775 B.
803 2752 815 2774 Ι
827 2752 854 2774 Ι.
883 2740 1075 2783 αἷτιάματος
1094 2739 1135 2773 Β.
1155 2739 1362 2784 ἐγκλήματος
1381 2739 1472 2773 Edd.
1522 2739 1564 2773 δι’
1582 2741 1683 2774 αὐτοῦ

107 2792 187 2829 post
203 2787 380 2830 εὐαντητὸν
396 2793 438 2821 tr.
459 2787 505 2822 D.
745 2798 797 2821 12.
827 2788 885 2821 τὸν
902 2792 946 2820 Π.
966 2788 1044 2831 ε’σχ.
1061 2787 1133 2820 inv.
1151 2786 1271 2820 ordine
1292 2787 1336 2820 D.
1394 2786 1618 2832 μαρτυρήσει]
1644 2792 1679 2827 -f—

107 2831 236 2868 τούτοις
254 2833 300 2866 D.
349 2833 460 2879 λέγων
476 2840 556 2879 post
571 2833 723 2878 Ἰωάννης
740 2841 784 2867 tr.
804 2834 849 2867 D.
1055 2842 1107 2878 17.
1135 2833 1200 2876 καὶ]
1221 2833 1257 2866 δέ
1276 2833 1356 2876 (Sic)
1374 2832 1432 2866 iid.
1451 2840 1530 2867 ante
1548 2834 1683 2877 Migne.

108 2877 144 2911 δέ
162 2890 231 2913 om.
250 2879 330 2914 D.a.
524 2881 576 2915 18.
602 2880 852 2924 ἀνατυπούμενα
871 2880 950 2914 D.a.
968 2879 1156 2922 τυπούμενα
1175 2879 1216 2913 Β.
1235 2879 1326 2914 Edd.
1502 2891 1554 2923 19.
1580 2883 1684 2914 τὸν-

109 2927 270 2968 γεγονότα
287 2938 318 2960 a.
336 2927 669 2973 τῶν(ἓ)-γεγονότα
687 2928 730 2962 Β.
748 2929 1048 2972 τῶν-γεγονότων
1067 2927 1112 2960 D.
1133 2926 1223 2960 Edd.
1422 2938 1476 2960 22.
1501 2927 1614 2969 μέντοι
1632 2928 1682 2961 καὶ

111 2982 180 3004 om.
201 2971 243 3006 B.
261 2972 391 3007 habent
410 2973 490 3008 D.a.
651 2986 705 3020 23.
725 2975 778 3009 καὶ
795 2975 852 3008 alt.
875 2974 1001 3009 B.D.a.
1020 2973 1038 3017 ἢ
1059 2972 1149 3007 Edd.
1295 2984 1350 3015 24.
1377 2973 1501 3008 τούτων
1521 2974 1566 3008 D.

167 3038 258 3066 VOL.
282 3040 327 3067 II.
882 3041 908 3067 R
