1997 3361
95 150 260 205 i.9,10.
527 154 601 194 IN
648 155 927 195 ABACUC.
990 153 1139 194 '1¹OM.
1186 154 1220 192 l.
1611 149 1657 186 8]

166 265 320 312 Τοῦτο
361 261 417 325 δὴ
461 268 555 313 τῶν
594 264 993 330 προηγγελμένων
1030 263 1174 329 πέρας
1219 263 1293 312 καὶ
1338 259 1528 323 κορωνὶς
1573 259 1665 306 τῶν
1690 255 1717 294 d

92 348 258 396 κακῶν.
324 345 492 413 ἥξουσι
539 345 632 412 γάρ
683 352 832 414 φησιν
876 349 917 397 οἱ
964 349 1210 406 Χαλδαῖοι,
1255 343 1442 393 ε”σονται
1494 338 1541 389 δὲ
1592 339 1666 387 καὶ

92 427 268 488 τοιοίδε,
292 429 366 477 καὶ
404 425 509 478 τόδε
548 451 592 477 τι
631 427 877 493 δράσουσι,
904 427 1241 494 προσθήσουσι
1281 423 1327 475 δὲ
1367 424 1560 481 κάκεῖνο,
1594 421 1668 469 καὶ

93 506 147 557 τὸ
174 508 495 574 συναγόμενον
519 512 567 560 ἐκ
603 510 792 572 τούτων,
818 510 872 560 τὸ
897 510 1043 575 ἄρδην
1069 532 1116 559 τε
1145 510 1219 558 καὶ
1250 507 1433 558 πανοικὶ
1472 504 1547 553 καὶ
1582 502 1664 551 αὐ-

54 613 76 651 5
95 594 194 642 ταῖς
219 590 335 653 ὁμοῦ
361 591 539 642 πόλεσί
567 616 614 642 τε
640 595 715 642 καὶ
739 592 913 657 κώμαις
940 591 1203 643 ἀπολέσθαι
1229 588 1334 642 τοὺς
1361 583 1669 651 ἠσεβηκότας,

96 674 193 722 κατ’
222 672 383 723 οὐδένα
415 673 590 739 τρόπον
617 678 740 725 Θεοῦ
777 675 1181 739 κατοικτείροντος,
1208 671 1394 722 ἀνέντος
1430 667 1477 718 δὲ
1510 664 1671 730 ὥσπερ

96 756 158 807 εἷς
183 754 420 820 ἐρήμωσιν
440 755 546 810 τοὺς
565 761 659 810 τοῖς
680 757 820 806 αὐτοῦ
847 756 1070 818 νεύμασιν
1090 754 1291 806 ἀνοσίως
1311 746 1671 812 ἀνθεστηκότας,

97 838 171 886 καὶ
214 835 312 887 οἷον
353 838 603 907 προσώποις
645 837 1018 904 ὑπαντιάζοντας,
1059 838 1133 886 καὶ
1182 831 1452 901 ἀναφανδὸν
1504 833 1673 880 ἀνταν-

98 918 374 981 ισταμένους
412 922 485 970 καὶ
510 920 849 988 ἁντεξάγοντας
885 921 1089 984 ἐναργῶς
1125 917 1190 970 οἷς
1225 914 1280 966 ἂν
1306 916 1528 977 βούλοιτο
1555 909 1674 964 Θεὸς

34 1022 80 1046 10
99 998 151 1050 τὸ
180 1000 293 1050 ἰ’διον
318 999 518 1065 θέλημα.
1693 1017 1714 1042 e

175 1083 520 1136 Συντετε’λεσται
559 1082 606 1134 δὲ
645 1081 806 1149 ὥσπερ
846 1084 919 1132 καὶ
954 1083 981 1145 ἡ
1017 1086 1109 1132 τῶν
1134 1080 1370 1131 Ἰουδαίων
1399 1073 1675 1141 Συναγωγὴ,

99 1168 298 1232 Χριστῷ
361 1168 608 1233 φρονοῦσα
657 1164 715 1215 τὰ
766 1165 961 1226 ἐναντία,
1014 1165 1087 1213 καὶ
1140 1161 1404 1228 μαχόμενος
1468 1157 1677 1223 δόγμασι

99 1250 391 1299 δεσποτικοῖς
430 1249 504 1297 καὶ
542 1245 655 1297 αὐτὸ
694 1245 750 1310 δὴ
787 1252 925 1297 τοῦτο
963 1246 1208 1311 ἀκρύπτως
1250 1245 1325 1294 καὶ
1363 1243 1560 1293 ἀναιδῶς
1599 1240 1679 1289 αὐ-

100 1332 166 1397 τῷ
203 1329 443 1396 πρόσωπον
482 1330 802 1391 ἀνατείνουσα,
839 1330 915 1379 καὶ
953 1327 1011 1378 τὰ
1049 1326 1252 1388 πάντων,
1282 1328 1344 1378 ὡς
1382 1324 1490 1376 ἔπος
1524 1325 1680 1383 εἰπεῖν,

36 1423 82 1462 15
101 1414 195 1462 τῶν
221 1414 374 1461 κακῶν
401 1411 700 1462 ε’κτοπώτατα
738 1409 902 1477 δρῶσά
939 1433 988 1461 τε
1023 1412 1098 1460 καὶ
1129 1409 1353 1474 λέγουσα,
1381 1407 1457 1456 καὶ
1489 1403 1581 1468 μὴν
1606 1405 1682 1454 καὶ

102 1493 228 1562 αὐτῷ
265 1499 583 1560 προσηλοῦσα
619 1497 685 1563 τῷ
719 1492 871 1562 ξύλῳ,
916 1494 992 1543 καὶ
1036 1494 1409 1560 συκοφαντοῦσα
1446 1486 1531 1551 τὴν
1571 1484 1683 1535 ἀνά-

105 1597 295 1627 στασιν.
353 1577 406 1626 οὐ
446 1575 538 1642 γὰρ
576 1574 720 1639 μόνον
760 1574 1047 1627 ἀπεκτόνασι
1077 1572 1160 1624 τὸν
1193 1576 1287 1623 τῶν
1322 1570 1448 1622 ὅλων
1482 1570 1682 1634 Σωτῆρα

106 1659 182 1709 καὶ
201 1656 470 1724 Λυτρωτὴν,
491 1657 622 1708 ἀλλὰ
646 1656 739 1724 γὰρ
766 1658 841 1708 καὶ
867 1662 962 1710 τοῖς
984 1655 1198 1707 Πιλάτου
1222 1652 1533 1720 στρατιώταις
1558 1649 1675 1718 χρή·
1699 1672 1721 1696 a
1749 1661 1834 1740 5ξῖίῦ
1852 1660 1900 1739 ffi-

106 1762 232 1804 ματα
270 1740 543 1802 δεδώκασιν,
578 1739 885 1806 ἐγηγερμένου
910 1743 1141 1805 Χριστοῦ,
1179 1737 1253 1788 ἵνα
1292 1735 1347 1800 δὴ
1386 1735 1583 1800 λέγοιεν,
1622 1734 1682 1785 ὡς
1743 1712 1904 1785 {xvfflit

39 1840 88 1864 20
108 1822 277 1883 ἀνεβίω
314 1821 398 1886 μὲν
422 1823 648 1885 οὐδαμῶς,
675 1820 940 1890 κεκλόφασι
978 1820 1025 1872 δὲ
1063 1824 1252 1883 μᾶλλον
1288 1816 1428 1869 αὐτὸν
1461 1814 1684 1868 λαθόντες
1747 1807 1796 1829 12'

109 1907 151 1955 οἱ
175 1904 394 1968 μαθηταί.

115 2118 189 2159 Καὶ
230 2119 399 2160 συνάξει
444 2118 504 2158 ὡς
547 2118 687 2166 ἄμμον
729 2116 1033 2174 αἰχμαλωσίαν·
1086 2116 1154 2157 καὶ
1197 2115 1326 2157 αὐτὸς
1366 2114 1409 2154 ὲν
1452 2114 1686 2162 βασιλεῦσιν
1710 2129 1755 2154 10

179 2202 449 2258 ὲντρυφύσει,
489 2201 556 2241 καί
593 2202 790 2257 τύραννοι
833 2200 1004 2245 ΠαίΓνια
1050 2200 1194 2249 αὐτοῦ,
1234 2198 1302 2238 καὶ
1340 2195 1469 2239 αὐτὸς
1507 2193 1566 2236 εἷς
1602 2197 1687 2235 Πᾶν

179 2285 380 2342 ὀχύρωμα
409 2284 672 2336 ὲμΠαίΞεται,
701 2286 769 2326 καὶ
795 2283 912 2335 βαλεῖ
939 2285 1060 2341 χῶμα
1088 2285 1156 2325 καὶ
1183 2284 1385 2340 κρατήσει
1411 2281 1555 2322 αὐτοῦ.

45 2418 93 2456 25
187 2402 299 2450 Τῶν
337 2399 484 2464 ἁγίων
520 2401 779 2465 προφητῶν
818 2398 913 2449 ἄνω
951 2421 1000 2448 τε
1039 2399 1113 2448 καὶ
1153 2395 1277 2447 κάτω
1318 2399 1414 2448 τοῖς
1453 2391 1731 2443 Ἰουδαίωνῖῡ

115 2479 276 2545 δήμοις
305 2480 364 2531 τὰ
399 2479 497 2531 κατ’
526 2481 677 2531 αὐτῶν
705 2478 904 2541 ἐσόμενα
937 2476 1417 2545 προαπηγγελκότων,
1443 2476 1691 2540 μονονουχὶ

115 2562 164 2614 δὲ
190 2565 265 2614 καὶ
291 2562 648 2632 κατεπᾳδόντων
673 2562 826 2614 αὐτοῖς
860 2559 919 2611 τὰ
953 2559 1106 2611 τοιάδε
1141 2563 1235 2610 τῶν
1260 2562 1429 2614 κακῶν,
1458 2560 1519 2609 εἷς
1554 2561 1691 2606 τοῦτο

167 2707 197 2731 1.
221 2695 326 2740 πέρας
342 2696 381 2739 δὴ
398 2698 497 2730 τοῦτο
514 2700 580 2731 τῶν
595 2710 740 2740 προηγγ.
759 2695 830 2728 inv,
849 2693 969 2728 ordine
989 2694 1034 2727 D.
1178 2704 1210 2726 2.
1236 2693 1345 2736 φησιν
1362 2695 1441 2735 post
1458 2689 1567 2724 Χαλδ.
1585 2696 1627 2723 tr.
1645 2690 1691 2723 D.

118 2756 152 2786 4.
177 2745 215 2777 τὸ
233 2744 291 2777 alt.
311 2750 530 2787 assumptum
549 2755 590 2776 ex
609 2743 702 2776 B.D.
806 2741 839 2774 6.
865 2740 1011 2775 ἀνιέντος
1029 2740 1075 2774 D.
1199 2750 1211 2772 1
1223 2750 1251 2772 1.
1278 2739 1330 2772 καὶ
1348 2743 1568 2782 assumptum
1586 2748 1627 2770 ex
1647 2736 1689 2770 B.

122 2801 174 2825 12.
193 2792 382 2835 μαχόμενος
399 2789 489 2824 Edd.
509 2796 589 2823 ante
606 2789 740 2834 Migne.
790 2788 931 2822 δεσποτ.
950 2793 1029 2820 ante
1046 2801 1128 2831 μαχ.
1146 2791 1188 2820 tr.
1205 2786 1252 2818 D.
1422 2794 1474 2828 13.
1496 2784 1592 2818 Haec
1609 2783 1690 2817 αὐτὸ

119 2842 339 2871 accesserunt
355 2847 396 2869 ex
415 2836 457 2869 Β.
505 2836 774 2881 αὐτοπρόσωπον
792 2835 838 2869 D.
997 2833 1049 2866 16.
1075 2833 1175 2866 αὐτὸν
1192 2831 1284 2866 Edd.
1457 2840 1509 2875 17.
1535 2830 1688 2864 ἀπεκτόν.

119 2885 221 2927 μόνον
237 2883 309 2917 inv.
327 2882 447 2916 ordine
465 2882 510 2916 D.
842 2881 894 2915 18.
920 2880 985 2925 ’γὰρ
1009 2886 1230 2923 assumptum
1247 2890 1288 2911 ex
1307 2877 1353 2911 D.
1401 2876 1487 2922 τοῖς]
1511 2882 1548 2917 -1-
1569 2879 1629 2911 τοῦ
1648 2876 1690 2911 Β.

122 2941 176 2964 22.
204 2929 437 2974 αἰχμαλωσίας
457 2930 503 2964 D.
523 2929 633 2974 (198.)
683 2929 717 2963 ἐν
734 2940 803 2963 om.
824 2928 860 2962 F.
1051 2937 1105 2971 23.
1132 2926 1284 2971 παίγνιον
1303 2925 1338 2958 F.
1360 2923 1451 2958 Edd.
1470 2924 1583 2968 (153.)

177 2998 271 3027 VOL.
294 2999 341 3025 11.
892 2998 924 3024 M
