<?xml version="1.0" encoding="UTF-8"?>
<!DOCTYPE html PUBLIC "-//W3C//DTD XHTML 1.0 Transitional//EN"
    "http://www.w3.org/TR/xhtml1/DTD/xhtml1-transitional.dtd">
<html xmlns="http://www.w3.org/1999/xhtml" xml:lang="en" lang="en">
 <head>
  <title>
</title>
<meta http-equiv="Content-Type" content="text/html;charset=utf-8" />
  <meta name='ocr-system' content='tesseract 3.04.00' />
  <meta name='ocr-capabilities' content='ocr_page ocr_carea ocr_par ocr_line ocrx_word'/>
</head>
<body>
  <div class='ocr_page' id='page_1' title='image "./operacyrilli02cyriuoft/operacyrilli02cyriuoft_0568.png"; bbox 0 0 2053 3382; ppageno 0'>
   <div class='ocr_carea' id='block_1_1' title="bbox 316 170 1900 214">
    <p class='ocr_par' dir='ltr' id='par_1_1' title="bbox 316 170 1900 214">
     <span class='ocr_line' id='line_1_1' title="bbox 316 170 1900 214; baseline -0.002 -3"><span class='ocrx_word' id='word_1_1' title='bbox 316 173 401 214; x_wconf 85' lang='lat'>560</span> <span class='ocrx_word' id='word_1_2' title='bbox 703 175 753 214; x_wconf 90' lang='lat' dir='ltr'>B.</span> <span class='ocrx_word' id='word_1_3' title='bbox 797 172 1079 213; x_wconf 88' lang='lat' dir='ltr'>CYRILLI</span> <span class='ocrx_word' id='word_1_4' title='bbox 1131 170 1517 212; x_wconf 85' lang='lat' dir='ltr'><strong>ALEXANDR.</strong></span> <span class='ocrx_word' id='word_1_5' title='bbox 1812 171 1838 210; x_wconf 90' lang='lat' dir='ltr'>i.</span> <span class='ocrx_word' id='word_1_6' title='bbox 1864 170 1900 209; x_wconf 80' lang='lat'>8.</span> 
     </span>
    </p>
   </div>
   <div class='ocr_carea' id='block_1_2' title="bbox 89 279 1976 2480">
    <p class='ocr_par' dir='ltr' id='par_1_2' title="bbox 266 279 1976 1578">
     <span class='ocr_line' id='line_1_2' title="bbox 315 279 1905 347; baseline -0.001 -16"><span class='ocrx_word' id='word_1_7' title='bbox 315 280 540 345; x_wconf 80' lang='grc' dir='ltr'>δασμένη,</span> <span class='ocrx_word' id='word_1_8' title='bbox 567 279 621 332; x_wconf 80' lang='grc' dir='ltr'>τὸ</span> <span class='ocrx_word' id='word_1_9' title='bbox 652 279 862 332; x_wconf 80' lang='grc' dir='ltr'>πλεῖστά</span> <span class='ocrx_word' id='word_1_10' title='bbox 892 303 941 331; x_wconf 85' lang='grc' dir='ltr'>τε</span> <span class='ocrx_word' id='word_1_11' title='bbox 977 280 1072 331; x_wconf 82' lang='grc' dir='ltr'>ὅσα</span> <span class='ocrx_word' id='word_1_12' title='bbox 1107 279 1401 347; x_wconf 83' lang='grc' dir='ltr'>συναγείρειν</span> <span class='ocrx_word' id='word_1_13' title='bbox 1426 280 1626 343; x_wconf 81' lang='grc' dir='ltr'>θύματα,</span> <span class='ocrx_word' id='word_1_14' title='bbox 1652 280 1727 329; x_wconf 79' lang='grc' dir='ltr'>καὶ</span> <span class='ocrx_word' id='word_1_15' title='bbox 1759 282 1905 344; x_wconf 88' lang='grc' dir='ltr'>κρεῶν</span> 
     </span>
     <span class='ocr_line' id='line_1_3' title="bbox 313 361 1905 431; baseline -0.002 -18"><span class='ocrx_word' id='word_1_16' title='bbox 313 364 547 430; x_wconf 84' lang='grc' dir='ltr'>ἀφθονίαν</span> <span class='ocrx_word' id='word_1_17' title='bbox 587 362 702 413; x_wconf 75' lang='grc' dir='ltr'>οἴκοι</span> <span class='ocrx_word' id='word_1_18' title='bbox 752 385 802 413; x_wconf 91' lang='grc' dir='ltr'>τε</span> <span class='ocrx_word' id='word_1_19' title='bbox 846 363 968 431; x_wconf 78' lang='grc' dir='ltr'>ἔχειν</span> <span class='ocrx_word' id='word_1_20' title='bbox 1011 365 1086 413; x_wconf 81' lang='grc' dir='ltr'>καὶ</span> <span class='ocrx_word' id='word_1_21' title='bbox 1131 364 1180 413; x_wconf 85' lang='grc' dir='ltr'>ἐν</span> <span class='ocrx_word' id='word_1_22' title='bbox 1221 363 1338 430; x_wconf 83' lang='grc' dir='ltr'>αὐτῇ</span> <span class='ocrx_word' id='word_1_23' title='bbox 1388 384 1481 413; x_wconf 87' lang='grc' dir='ltr'>που</span> <span class='ocrx_word' id='word_1_24' title='bbox 1524 361 1649 428; x_wconf 83' lang='grc' dir='ltr'>τάχα</span> <span class='ocrx_word' id='word_1_25' title='bbox 1691 362 1749 427; x_wconf 86' lang='grc' dir='ltr'>τῇ</span> <span class='ocrx_word' id='word_1_26' title='bbox 1793 361 1905 428; x_wconf 85' lang='grc' dir='ltr'>ἁγία</span> 
     </span>
     <span class='ocr_line' id='line_1_4' title="bbox 313 441 1905 512; baseline 0 -18"><span class='ocrx_word' id='word_1_27' title='bbox 313 445 481 511; x_wconf 86' lang='grc' dir='ltr'>σκηνῇ.</span> <span class='ocrx_word' id='word_1_28' title='bbox 553 441 624 509; x_wconf 73' lang='grc' dir='ltr'>ἆρ’</span> <span class='ocrx_word' id='word_1_29' title='bbox 673 445 767 507; x_wconf 83' lang='grc' dir='ltr'>οῦν,</span> <span class='ocrx_word' id='word_1_30' title='bbox 814 442 850 495; x_wconf 80' lang='grc' dir='ltr'>ῶ</span> <span class='ocrx_word' id='word_1_31' title='bbox 894 449 977 495; x_wconf 91' lang='grc' dir='ltr'>τοῦ</span> <span class='ocrx_word' id='word_1_32' title='bbox 1022 443 1167 507; x_wconf 86' lang='grc' dir='ltr'>νόμου</span> <span class='ocrx_word' id='word_1_33' title='bbox 1211 445 1434 511; x_wconf 82' lang='grc' dir='ltr'>φύλακες,</span> <span class='ocrx_word' id='word_1_34' title='bbox 1480 447 1517 494; x_wconf 83' lang='grc' dir='ltr'>εἰ</span> <span class='ocrx_word' id='word_1_35' title='bbox 1562 443 1785 512; x_wconf 65' lang='grc' dir='ltr'>προσάγει</span> <span class='ocrx_word' id='word_1_36' title='bbox 1836 464 1905 495; x_wconf 90' lang='grc' dir='ltr'>τις</span> 
     </span>
     <span class='ocr_line' id='line_1_5' title="bbox 274 523 1904 594; baseline 0 -20"><span class='ocrx_word' id='word_1_37' title='bbox 274 525 477 594; x_wconf 78' lang='grc' dir='ltr'>οτυφλον</span> <span class='ocrx_word' id='word_1_38' title='bbox 510 530 569 580; x_wconf 78' lang='grc' dir='ltr'>εἷς</span> <span class='ocrx_word' id='word_1_39' title='bbox 604 524 767 585; x_wconf 73' lang='grc' dir='ltr'>θυσίαν,</span> <span class='ocrx_word' id='word_1_40' title='bbox 804 530 847 577; x_wconf 77' lang='grc' dir='ltr'>οὐ</span> <span class='ocrx_word' id='word_1_41' title='bbox 884 549 1022 578; x_wconf 80' lang='grc' dir='ltr'>κακον</span> <span class='ocrx_word' id='word_1_42' title='bbox 1055 525 1109 578; x_wconf 82' lang='grc' dir='ltr'>τὸ</span> <span class='ocrx_word' id='word_1_43' title='bbox 1144 531 1300 588; x_wconf 91' lang='grc' dir='ltr'>θῦμα;</span> <span class='ocrx_word' id='word_1_44' title='bbox 1345 528 1381 576; x_wconf 80' lang='grc' dir='ltr'>εἰ</span> <span class='ocrx_word' id='word_1_45' title='bbox 1418 523 1466 575; x_wconf 80' lang='grc' dir='ltr'>δὲ</span> <span class='ocrx_word' id='word_1_46' title='bbox 1502 523 1558 589; x_wconf 81' lang='grc' dir='ltr'>δὴ</span> <span class='ocrx_word' id='word_1_47' title='bbox 1594 547 1669 575; x_wconf 90' lang='grc' dir='ltr'>και</span> <span class='ocrx_word' id='word_1_48' title='bbox 1704 525 1851 587; x_wconf 77' lang='grc' dir='ltr'>χωλον</span> <span class='ocrx_word' id='word_1_49' title='bbox 1882 549 1904 583; x_wconf 81' lang='grc' dir='ltr'>η</span> 
     </span>
     <span class='ocr_line' id='line_1_6' title="bbox 313 605 1946 676; baseline 0 -20"><span class='ocrx_word' id='word_1_50' title='bbox 313 606 538 676; x_wconf 71' lang='grc' dir='ltr'>ὀίῤῥωσ-τον,</span> <span class='ocrx_word' id='word_1_51' title='bbox 567 606 649 658; x_wconf 83' lang='grc' dir='ltr'>τὸν</span> <span class='ocrx_word' id='word_1_52' title='bbox 681 611 763 672; x_wconf 85' lang='grc' dir='ltr'>τῆς</span> <span class='ocrx_word' id='word_1_53' title='bbox 798 608 1024 674; x_wconf 87' lang='grc' dir='ltr'>ἐμπηριάς</span> <span class='ocrx_word' id='word_1_54' title='bbox 1061 607 1360 676; x_wconf 73' lang='grc' dir='ltr'>διαφεύξεται</span> <span class='ocrx_word' id='word_1_55' title='bbox 1396 611 1590 670; x_wconf 87' lang='grc' dir='ltr'>μῶμον;</span> <span class='ocrx_word' id='word_1_56' title='bbox 1632 607 1686 657; x_wconf 78' lang='grc' dir='ltr'>οὐ</span> <span class='ocrx_word' id='word_1_57' title='bbox 1720 605 1813 672; x_wconf 78' lang='grc' dir='ltr'>γὰρ</span> <span class='ocrx_word' id='word_1_58' title='bbox 1847 605 1903 670; x_wconf 87' lang='grc' dir='ltr'>δὴ</span> <span class='ocrx_word' id='word_1_59' title='bbox 1925 620 1946 657; x_wconf 89' lang='lat'>5</span> 
     </span>
     <span class='ocr_line' id='line_1_7' title="bbox 312 687 1899 757; baseline -0.001 -18"><span class='ocrx_word' id='word_1_60' title='bbox 312 690 387 739; x_wconf 74' lang='grc' dir='ltr'>καὶ</span> <span class='ocrx_word' id='word_1_61' title='bbox 414 687 473 739; x_wconf 76' lang='grc' dir='ltr'>τὰ</span> <span class='ocrx_word' id='word_1_62' title='bbox 499 689 654 740; x_wconf 83' lang='grc' dir='ltr'>τοιάδε</span> <span class='ocrx_word' id='word_1_63' title='bbox 680 694 921 757; x_wconf 79' lang='grc' dir='ltr'>λογιεῖσθε</span> <span class='ocrx_word' id='word_1_64' title='bbox 950 689 1079 742; x_wconf 73' lang='grc' dir='ltr'>κακὰ</span> <span class='ocrx_word' id='word_1_65' title='bbox 1104 692 1180 740; x_wconf 77' lang='grc' dir='ltr'>καὶ</span> <span class='ocrx_word' id='word_1_66' title='bbox 1206 689 1323 756; x_wconf 79' lang='grc' dir='ltr'>πρὸς</span> <span class='ocrx_word' id='word_1_67' title='bbox 1352 688 1500 741; x_wconf 75' lang='grc' dir='ltr'>θυσίαν</span> <span class='ocrx_word' id='word_1_68' title='bbox 1523 690 1606 739; x_wconf 82' lang='grc' dir='ltr'>οὐκ</span> <span class='ocrx_word' id='word_1_69' title='bbox 1636 689 1899 753; x_wconf 72' lang='grc' dir='ltr'>ἐπιτήδεια,</span> 
     </span>
     <span class='ocr_line' id='line_1_8' title="bbox 312 769 1903 841; baseline 0.002 -20"><span class='ocrx_word' id='word_1_70' title='bbox 312 772 423 821; x_wconf 82' lang='grc' dir='ltr'>ἀλλ’</span> <span class='ocrx_word' id='word_1_71' title='bbox 452 771 579 839; x_wconf 76' lang='grc' dir='ltr'>εἴπερ</span> <span class='ocrx_word' id='word_1_72' title='bbox 615 772 771 824; x_wconf 75' lang='grc' dir='ltr'>οἴεσθε</span> <span class='ocrx_word' id='word_1_73' title='bbox 807 772 926 824; x_wconf 78' lang='grc' dir='ltr'>κατὰ</span> <span class='ocrx_word' id='word_1_74' title='bbox 962 777 1095 841; x_wconf 79' lang='grc' dir='ltr'>σφᾶς</span> <span class='ocrx_word' id='word_1_75' title='bbox 1127 773 1213 840; x_wconf 80' lang='grc' dir='ltr'>οὐχ</span> <span class='ocrx_word' id='word_1_76' title='bbox 1249 769 1336 822; x_wconf 83' lang='grc' dir='ltr'>ῶδε</span> <span class='ocrx_word' id='word_1_77' title='bbox 1370 770 1505 838; x_wconf 72' lang='grc' dir='ltr'>ἔχειν,</span> <span class='ocrx_word' id='word_1_78' title='bbox 1532 771 1808 838; x_wconf 78' lang='grc' dir='ltr'>ἀποφερέτω</span> <span class='ocrx_word' id='word_1_79' title='bbox 1834 793 1903 824; x_wconf 87' lang='grc' dir='ltr'>τις</span> 
     </span>
     <span class='ocr_line' id='line_1_9' title="bbox 312 853 1900 924; baseline 0 -21"><span class='ocrx_word' id='word_1_80' title='bbox 312 853 430 904; x_wconf 81' lang='grc' dir='ltr'>αὐτὰ</span> <span class='ocrx_word' id='word_1_81' title='bbox 465 854 618 923; x_wconf 75' lang='grc' dir='ltr'>ξένιον</span> <span class='ocrx_word' id='word_1_82' title='bbox 652 857 727 906; x_wconf 80' lang='grc' dir='ltr'>καὶ</span> <span class='ocrx_word' id='word_1_83' title='bbox 761 856 810 906; x_wconf 88' lang='grc' dir='ltr'>ἐν</span> <span class='ocrx_word' id='word_1_84' title='bbox 845 855 998 922; x_wconf 84' lang='grc' dir='ltr'>δώρου</span> <span class='ocrx_word' id='word_1_85' title='bbox 1035 853 1167 924; x_wconf 76' lang='grc' dir='ltr'>τάξει</span> <span class='ocrx_word' id='word_1_86' title='bbox 1205 858 1300 904; x_wconf 91' lang='grc' dir='ltr'>τῶν</span> <span class='ocrx_word' id='word_1_87' title='bbox 1335 857 1618 919; x_wconf 83' lang='grc' dir='ltr'>καθηγητῶν</span> <span class='ocrx_word' id='word_1_88' title='bbox 1651 853 1731 904; x_wconf 85' lang='grc' dir='ltr'>ἑνί.</span> <span class='ocrx_word' id='word_1_89' title='bbox 1788 855 1900 904; x_wconf 78' lang='grc' dir='ltr'>ἀλλ’</span> 
     </span>
     <span class='ocr_line' id='line_1_10' title="bbox 311 934 1902 1007; baseline 0.001 -20"><span class='ocrx_word' id='word_1_90' title='bbox 311 937 394 987; x_wconf 81' lang='grc' dir='ltr'>οὐκ</span> <span class='ocrx_word' id='word_1_91' title='bbox 431 935 488 987; x_wconf 81' lang='grc' dir='ltr'>ἂν</span> <span class='ocrx_word' id='word_1_92' title='bbox 526 934 817 1007; x_wconf 56' lang='grc' dir='ltr'>προσ-δέξαιτο</span> <span class='ocrx_word' id='word_1_93' title='bbox 857 940 1022 1006; x_wconf 74' lang='grc' dir='ltr'>φησὶν,</span> <span class='ocrx_word' id='word_1_94' title='bbox 1060 938 1159 988; x_wconf 78' lang='grc' dir='ltr'>οὐδ’</span> <span class='ocrx_word' id='word_1_95' title='bbox 1197 934 1255 986; x_wconf 78' lang='grc' dir='ltr'>ἂν</span> <span class='ocrx_word' id='word_1_96' title='bbox 1293 934 1346 986; x_wconf 82' lang='grc' dir='ltr'>τὸ</span> <span class='ocrx_word' id='word_1_97' title='bbox 1385 941 1468 986; x_wconf 91' lang='grc' dir='ltr'>τοῦ</span> <span class='ocrx_word' id='word_1_98' title='bbox 1505 935 1902 1001; x_wconf 74' lang='grc' dir='ltr'>προσκομίζοντος</span> 
     </span>
     <span class='ocr_line' id='line_1_11' title="bbox 310 1017 1976 1086; baseline -0.002 -16"><span class='ocrx_word' id='word_1_99' title='bbox 310 1017 572 1086; x_wconf 87' lang='grc' dir='ltr'>πρόσωπον</span> <span class='ocrx_word' id='word_1_100' title='bbox 598 1022 844 1083; x_wconf 72' lang='grc' dir='ltr'>αἰδεσθεὶς,</span> <span class='ocrx_word' id='word_1_101' title='bbox 872 1017 1036 1071; x_wconf 80' lang='grc' dir='ltr'>οἰστὸν</span> <span class='ocrx_word' id='word_1_102' title='bbox 1065 1017 1118 1070; x_wconf 83' lang='grc' dir='ltr'>τὸ</span> <span class='ocrx_word' id='word_1_103' title='bbox 1154 1021 1313 1086; x_wconf 80' lang='grc' dir='ltr'>χρῆμα</span> <span class='ocrx_word' id='word_1_104' title='bbox 1348 1019 1614 1082; x_wconf 79' lang='grc' dir='ltr'>ποιήσαιτο,</span> <span class='ocrx_word' id='word_1_105' title='bbox 1647 1022 1907 1085; x_wconf 81' lang='grc' dir='ltr'>χαλεπανεῖ</span> <span class='ocrx_word' id='word_1_106' title='bbox 1928 1041 1976 1066; x_wconf 94' lang='lat'>10</span> 
     </span>
     <span class='ocr_line' id='line_1_12' title="bbox 311 1100 909 1168; baseline 0.002 -17"><span class='ocrx_word' id='word_1_107' title='bbox 311 1100 359 1152; x_wconf 76' lang='grc' dir='ltr'>δὲ</span> <span class='ocrx_word' id='word_1_108' title='bbox 387 1101 496 1152; x_wconf 85' lang='grc' dir='ltr'>λίαν</span> <span class='ocrx_word' id='word_1_109' title='bbox 523 1104 584 1155; x_wconf 87' lang='grc' dir='ltr'>ὡς</span> <span class='ocrx_word' id='word_1_110' title='bbox 612 1101 909 1168; x_wconf 73' lang='grc' dir='ltr'>ὑβρισμένος.</span> 
     </span>
     <span class='ocr_line' id='line_1_13' title="bbox 378 1181 1902 1250; baseline -0.001 -16"><span class='ocrx_word' id='word_1_111' title='bbox 378 1181 526 1234; x_wconf 81' lang='grc' dir='ltr'>’Έστι</span> <span class='ocrx_word' id='word_1_112' title='bbox 574 1185 729 1235; x_wconf 77' lang='grc' dir='ltr'>τοίνυν</span> <span class='ocrx_word' id='word_1_113' title='bbox 767 1189 861 1235; x_wconf 88' lang='grc' dir='ltr'>τῶν</span> <span class='ocrx_word' id='word_1_114' title='bbox 900 1183 1024 1250; x_wconf 80' lang='grc' dir='ltr'>ἄγαν</span> <span class='ocrx_word' id='word_1_115' title='bbox 1064 1182 1420 1243; x_wconf 80' lang='grc' dir='ltr'>ἐκτοπωτάτων,</span> <span class='ocrx_word' id='word_1_116' title='bbox 1464 1184 1572 1250; x_wconf 75' lang='grc' dir='ltr'>Θεῷ</span> <span class='ocrx_word' id='word_1_117' title='bbox 1612 1182 1902 1250; x_wconf 72' lang='grc' dir='ltr'>προσφέρειν</span> 
     </span>
     <span class='ocr_line' id='line_1_14' title="bbox 312 1264 1899 1331; baseline -0.001 -15"><span class='ocrx_word' id='word_1_118' title='bbox 312 1266 604 1328; x_wconf 79' lang='grc' dir='ltr'>ἀποτολμᾶν,</span> <span class='ocrx_word' id='word_1_119' title='bbox 645 1265 676 1316; x_wconf 80' lang='grc' dir='ltr'><em>ἃ</em></span> <span class='ocrx_word' id='word_1_120' title='bbox 712 1266 825 1331; x_wconf 90' lang='grc' dir='ltr'>μηδ’</span> <span class='ocrx_word' id='word_1_121' title='bbox 868 1265 925 1317; x_wconf 76' lang='grc' dir='ltr'>ἂν</span> <span class='ocrx_word' id='word_1_122' title='bbox 966 1265 1028 1319; x_wconf 75' lang='grc' dir='ltr'>εἷς</span> <span class='ocrx_word' id='word_1_123' title='bbox 1069 1271 1163 1316; x_wconf 90' lang='grc' dir='ltr'>τῶν</span> <span class='ocrx_word' id='word_1_124' title='bbox 1203 1265 1312 1315; x_wconf 87' lang='grc' dir='ltr'>καθ’</span> <span class='ocrx_word' id='word_1_125' title='bbox 1355 1266 1471 1326; x_wconf 79' lang='grc' dir='ltr'>ὑμᾶς</span> <span class='ocrx_word' id='word_1_126' title='bbox 1516 1264 1670 1314; x_wconf 83' lang='grc' dir='ltr'>ἕλοιτο</span> <span class='ocrx_word' id='word_1_127' title='bbox 1715 1269 1899 1325; x_wconf 81' lang='grc' dir='ltr'>λαβεῖν·</span> 
     </span>
     <span class='ocr_line' id='line_1_15' title="bbox 266 1343 1902 1416; baseline -0.002 -17"><span class='ocrx_word' id='word_1_128' title='bbox 266 1347 438 1399; x_wconf 80' lang='grc' dir='ltr'>(Ιπολὺ</span> <span class='ocrx_word' id='word_1_129' title='bbox 477 1347 526 1399; x_wconf 78' lang='grc' dir='ltr'>δὲ</span> <span class='ocrx_word' id='word_1_130' title='bbox 564 1355 702 1400; x_wconf 89' lang='grc' dir='ltr'>τοῦτο</span> <span class='ocrx_word' id='word_1_131' title='bbox 740 1350 848 1416; x_wconf 86' lang='grc' dir='ltr'>παρ’</span> <span class='ocrx_word' id='word_1_132' title='bbox 882 1349 992 1413; x_wconf 84' lang='grc' dir='ltr'>ἡμῖν</span> <span class='ocrx_word' id='word_1_133' title='bbox 1027 1347 1081 1399; x_wconf 78' lang='grc' dir='ltr'>τὸ</span> <span class='ocrx_word' id='word_1_134' title='bbox 1120 1348 1461 1411; x_wconf 76' lang='grc' dir='ltr'>πλημμέλημα.</span> <span class='ocrx_word' id='word_1_135' title='bbox 1512 1350 1548 1397; x_wconf 81' lang='grc' dir='ltr'>εἰ</span> <span class='ocrx_word' id='word_1_136' title='bbox 1583 1346 1676 1413; x_wconf 79' lang='grc' dir='ltr'>γάρ</span> <span class='ocrx_word' id='word_1_137' title='bbox 1709 1369 1751 1397; x_wconf 92' lang='grc' dir='ltr'>τι</span> <span class='ocrx_word' id='word_1_138' title='bbox 1787 1343 1902 1408; x_wconf 76' lang='grc' dir='ltr'>μὲλ-</span> 
     </span>
     <span class='ocr_line' id='line_1_16' title="bbox 311 1428 1973 1499; baseline -0.001 -20"><span class='ocrx_word' id='word_1_139' title='bbox 311 1437 476 1493; x_wconf 88' lang='grc' dir='ltr'>λοιμεν</span> <span class='ocrx_word' id='word_1_140' title='bbox 515 1430 850 1496; x_wconf 73' lang='grc' dir='ltr'>προσκομίζειν</span> <span class='ocrx_word' id='word_1_141' title='bbox 897 1434 1020 1499; x_wconf 73' lang='grc' dir='ltr'>Θεῷ,</span> <span class='ocrx_word' id='word_1_142' title='bbox 1065 1428 1130 1480; x_wconf 82' lang='grc' dir='ltr'>ῶν</span> <span class='ocrx_word' id='word_1_143' title='bbox 1171 1429 1227 1480; x_wconf 78' lang='grc' dir='ltr'>ἂν</span> <span class='ocrx_word' id='word_1_144' title='bbox 1271 1429 1455 1496; x_wconf 77' lang='grc' dir='ltr'>ε”χοιμεν</span> <span class='ocrx_word' id='word_1_145' title='bbox 1496 1428 1555 1480; x_wconf 81' lang='grc' dir='ltr'>τὰ</span> <span class='ocrx_word' id='word_1_146' title='bbox 1605 1429 1778 1496; x_wconf 79' lang='grc' dir='ltr'>αἰσχίω</span> <span class='ocrx_word' id='word_1_147' title='bbox 1826 1430 1900 1479; x_wconf 75' lang='grc' dir='ltr'>καὶ</span> <span class='ocrx_word' id='word_1_148' title='bbox 1928 1447 1973 1485; x_wconf 88' lang='lat'>15</span> 
     </span>
     <span class='ocr_line' id='line_1_17' title="bbox 311 1510 1901 1578; baseline -0.001 -16"><span class='ocrx_word' id='word_1_149' title='bbox 311 1512 500 1578; x_wconf 83' lang='grc' dir='ltr'>δεύτερα</span> <span class='ocrx_word' id='word_1_150' title='bbox 540 1511 765 1577; x_wconf 72' lang='grc' dir='ltr'>ζητοῦμεν</span> <span class='ocrx_word' id='word_1_151' title='bbox 797 1516 839 1562; x_wconf 80' lang='grc' dir='ltr'>οἱ</span> <span class='ocrx_word' id='word_1_152' title='bbox 878 1511 1092 1573; x_wconf 80' lang='grc' dir='ltr'>τάλανες,</span> <span class='ocrx_word' id='word_1_153' title='bbox 1126 1513 1207 1561; x_wconf 78' lang='grc' dir='ltr'>οὐκ</span> <span class='ocrx_word' id='word_1_154' title='bbox 1246 1513 1520 1572; x_wconf 75' lang='grc' dir='ltr'>ἐννοοῦντες,</span> <span class='ocrx_word' id='word_1_155' title='bbox 1557 1510 1627 1561; x_wconf 80' lang='grc' dir='ltr'>ὅτι</span> <span class='ocrx_word' id='word_1_156' title='bbox 1666 1510 1751 1574; x_wconf 85' lang='grc' dir='ltr'>τὴν</span> <span class='ocrx_word' id='word_1_157' title='bbox 1779 1511 1901 1562; x_wconf 57' lang='lat' dir='ltr'><em>Koch)</em></span> 
     </span>
    </p>

    <p class='ocr_par' dir='ltr' id='par_1_3' title="bbox 89 1590 1900 1662">
     <span class='ocr_line' id='line_1_18' title="bbox 89 1590 1900 1662; baseline 0 -17"><span class='ocrx_word' id='word_1_158' title='bbox 89 1601 171 1662; x_wconf 51' lang='lat'>§¹2¹¹-</span> <span class='ocrx_word' id='word_1_159' title='bbox 191 1601 234 1632; x_wconf 83' lang='lat' dir='ltr'>iv.</span> <span class='ocrx_word' id='word_1_160' title='bbox 311 1595 483 1644; x_wconf 86' lang='grc' dir='ltr'>θυσίαν</span> <span class='ocrx_word' id='word_1_161' title='bbox 528 1595 611 1645; x_wconf 82' lang='grc' dir='ltr'>οὐκ</span> <span class='ocrx_word' id='word_1_162' title='bbox 662 1596 859 1645; x_wconf 82' lang='grc' dir='ltr'>ἐποιεῖτο</span> <span class='ocrx_word' id='word_1_163' title='bbox 909 1592 1087 1657; x_wconf 82' lang='grc' dir='ltr'>δεκτὴν,</span> <span class='ocrx_word' id='word_1_164' title='bbox 1132 1593 1203 1643; x_wconf 81' lang='grc' dir='ltr'>ὅτι</span> <span class='ocrx_word' id='word_1_165' title='bbox 1248 1590 1557 1658; x_wconf 75' lang='grc' dir='ltr'>προσεκόμιζε</span> <span class='ocrx_word' id='word_1_166' title='bbox 1609 1591 1692 1653; x_wconf 76' lang='grc' dir='ltr'>μὲν</span> <span class='ocrx_word' id='word_1_167' title='bbox 1736 1593 1900 1657; x_wconf 88' lang='grc' dir='ltr'>ὀρθῶς,</span> 
     </span>
    </p>

    <p class='ocr_par' dir='ltr' id='par_1_4' title="bbox 93 1663 1972 1990">
     <span class='ocr_line' id='line_1_19' title="bbox 93 1663 1901 1744; baseline -0.001 -17"><span class='ocrx_word' id='word_1_168' title='bbox 93 1663 118 1684; x_wconf 38' lang='grc' dir='ltr'>ι’</span> <span class='ocrx_word' id='word_1_169' title='bbox 314 1678 453 1726; x_wconf 82' lang='grc' dir='ltr'>διεῖλε</span> <span class='ocrx_word' id='word_1_170' title='bbox 499 1675 547 1727; x_wconf 83' lang='grc' dir='ltr'>δὲ</span> <span class='ocrx_word' id='word_1_171' title='bbox 598 1677 680 1727; x_wconf 79' lang='grc' dir='ltr'>οὐκ</span> <span class='ocrx_word' id='word_1_172' title='bbox 726 1677 889 1742; x_wconf 81' lang='grc' dir='ltr'>ὀρθῶς,</span> <span class='ocrx_word' id='word_1_173' title='bbox 934 1675 1083 1744; x_wconf 74' lang='grc' dir='ltr'>ἑαυτῷ</span> <span class='ocrx_word' id='word_1_174' title='bbox 1127 1674 1213 1738; x_wconf 78' lang='grc' dir='ltr'>μὲν</span> <span class='ocrx_word' id='word_1_175' title='bbox 1257 1674 1317 1724; x_wconf 76' lang='grc' dir='ltr'>τὰ</span> <span class='ocrx_word' id='word_1_176' title='bbox 1359 1678 1524 1740; x_wconf 90' lang='grc' dir='ltr'>πρῶτα</span> <span class='ocrx_word' id='word_1_177' title='bbox 1567 1675 1642 1724; x_wconf 81' lang='grc' dir='ltr'>καὶ</span> <span class='ocrx_word' id='word_1_178' title='bbox 1687 1674 1901 1742; x_wconf 76' lang='grc' dir='ltr'>ἐξαίρετα</span> 
     </span>
     <span class='ocr_line' id='line_1_20' title="bbox 309 1755 1901 1824; baseline -0.001 -16"><span class='ocrx_word' id='word_1_179' title='bbox 309 1756 586 1824; x_wconf 80' lang='grc' dir='ltr'>τετηρηκὼς,</span> <span class='ocrx_word' id='word_1_180' title='bbox 619 1762 758 1821; x_wconf 83' lang='grc' dir='ltr'>τιμᾶν</span> <span class='ocrx_word' id='word_1_181' title='bbox 789 1757 837 1809; x_wconf 82' lang='grc' dir='ltr'>δὲ</span> <span class='ocrx_word' id='word_1_182' title='bbox 876 1757 1075 1821; x_wconf 81' lang='grc' dir='ltr'>νομίσας</span> <span class='ocrx_word' id='word_1_183' title='bbox 1114 1761 1209 1810; x_wconf 81' lang='grc' dir='ltr'>τοῖς</span> <span class='ocrx_word' id='word_1_184' title='bbox 1249 1755 1473 1822; x_wconf 75' lang='grc' dir='ltr'>δευτέροις</span> <span class='ocrx_word' id='word_1_185' title='bbox 1510 1755 1647 1807; x_wconf 88' lang='grc' dir='ltr'>Θεόν.</span> <span class='ocrx_word' id='word_1_186' title='bbox 1699 1757 1808 1806; x_wconf 84' lang='grc' dir='ltr'>ἀλλ’</span> <span class='ocrx_word' id='word_1_187' title='bbox 1847 1757 1901 1807; x_wconf 80' lang='grc' dir='ltr'>οὐ</span> 
     </span>
     <span class='ocr_line' id='line_1_21' title="bbox 308 1836 1972 1908; baseline -0.004 -17"><span class='ocrx_word' id='word_1_188' title='bbox 308 1839 581 1908; x_wconf 78' lang='grc' dir='ltr'>προσέσχεν</span> <span class='ocrx_word' id='word_1_189' title='bbox 613 1841 754 1891; x_wconf 81' lang='grc' dir='ltr'>αὑτοῦ</span> <span class='ocrx_word' id='word_1_190' title='bbox 789 1845 890 1894; x_wconf 80' lang='grc' dir='ltr'>ταῖς</span> <span class='ocrx_word' id='word_1_191' title='bbox 929 1841 1114 1894; x_wconf 82' lang='grc' dir='ltr'>θυσίαις</span> <span class='ocrx_word' id='word_1_192' title='bbox 1154 1840 1179 1889; x_wconf 86' lang='grc' dir='ltr'>ὁ</span> <span class='ocrx_word' id='word_1_193' title='bbox 1218 1842 1312 1889; x_wconf 91' lang='grc' dir='ltr'>τῶν</span> <span class='ocrx_word' id='word_1_194' title='bbox 1345 1837 1472 1889; x_wconf 80' lang='grc' dir='ltr'>ὅλων</span> <span class='ocrx_word' id='word_1_195' title='bbox 1511 1837 1648 1891; x_wconf 84' lang='grc' dir='ltr'>Θεός.</span> <span class='ocrx_word' id='word_1_196' title='bbox 1715 1838 1768 1889; x_wconf 81' lang='grc' dir='ltr'>οὐ</span> <span class='ocrx_word' id='word_1_197' title='bbox 1806 1836 1900 1904; x_wconf 78' lang='grc' dir='ltr'>γὰρ</span> <span class='ocrx_word' id='word_1_198' title='bbox 1924 1860 1972 1884; x_wconf 91' lang='lat'>20</span> 
     </span>
     <span class='ocr_line' id='line_1_22' title="bbox 310 1918 1589 1990; baseline -0.001 -18"><span class='ocrx_word' id='word_1_199' title='bbox 310 1927 538 1987; x_wconf 82' lang='grc' dir='ltr'>λογιεῖται</span> <span class='ocrx_word' id='word_1_200' title='bbox 570 1922 709 1987; x_wconf 87' lang='grc' dir='ltr'>τιμὴν</span> <span class='ocrx_word' id='word_1_201' title='bbox 739 1927 833 1973; x_wconf 86' lang='grc' dir='ltr'>τῶν</span> <span class='ocrx_word' id='word_1_202' title='bbox 864 1923 1240 1990; x_wconf 84' lang='grc' dir='ltr'>προσφερόντων</span> <span class='ocrx_word' id='word_1_203' title='bbox 1274 1919 1328 1971; x_wconf 81' lang='grc' dir='ltr'>τὸ</span> <span class='ocrx_word' id='word_1_204' title='bbox 1362 1918 1589 1988; x_wconf 73' lang='grc' dir='ltr'>ῥᾴθυμον.</span> 
     </span>
    </p>

    <p class='ocr_par' dir='ltr' id='par_1_5' title="bbox 271 2000 1970 2480">
     <span class='ocr_line' id='line_1_23' title="bbox 271 2000 1901 2071; baseline -0.002 -16"><span class='ocrx_word' id='word_1_205' title='bbox 271 2029 292 2055; x_wconf 82' lang='lat' dir='ltr'>e</span> <span class='ocrx_word' id='word_1_206' title='bbox 383 2003 716 2071; x_wconf 79' lang='grc' dir='ltr'>Ἀπαράδεκτα</span> <span class='ocrx_word' id='word_1_207' title='bbox 751 2002 900 2069; x_wconf 85' lang='grc' dir='ltr'>γεμὴν</span> <span class='ocrx_word' id='word_1_208' title='bbox 928 2005 952 2054; x_wconf 84' lang='grc' dir='ltr'>ὁ</span> <span class='ocrx_word' id='word_1_209' title='bbox 981 2004 1121 2064; x_wconf 87' lang='grc' dir='ltr'>νόμος</span> <span class='ocrx_word' id='word_1_210' title='bbox 1154 2009 1212 2058; x_wconf 73' lang='grc' dir='ltr'>εἷς</span> <span class='ocrx_word' id='word_1_211' title='bbox 1248 2002 1395 2054; x_wconf 69' lang='grc' dir='ltr'>θυσίαν</span> <span class='ocrx_word' id='word_1_212' title='bbox 1421 2005 1617 2053; x_wconf 73' lang='grc' dir='ltr'>ε’ποιεῖτο</span> <span class='ocrx_word' id='word_1_213' title='bbox 1653 2000 1711 2052; x_wconf 79' lang='grc' dir='ltr'>τὰ</span> <span class='ocrx_word' id='word_1_214' title='bbox 1746 2001 1901 2071; x_wconf 78' lang='grc' dir='ltr'>τυφλὰ</span> 
     </span>
     <span class='ocr_line' id='line_1_24' title="bbox 309 2081 1901 2153; baseline -0.003 -16"><span class='ocrx_word' id='word_1_215' title='bbox 309 2090 405 2138; x_wconf 90' lang='grc' dir='ltr'>τῶν</span> <span class='ocrx_word' id='word_1_216' title='bbox 437 2085 731 2153; x_wconf 78' lang='grc' dir='ltr'>θρεμμάτων,</span> <span class='ocrx_word' id='word_1_217' title='bbox 764 2088 838 2136; x_wconf 77' lang='grc' dir='ltr'>καὶ</span> <span class='ocrx_word' id='word_1_218' title='bbox 872 2085 966 2150; x_wconf 87' lang='grc' dir='ltr'>μὴν</span> <span class='ocrx_word' id='word_1_219' title='bbox 997 2084 1056 2136; x_wconf 79' lang='grc' dir='ltr'>τὰ</span> <span class='ocrx_word' id='word_1_220' title='bbox 1094 2083 1232 2148; x_wconf 80' lang='grc' dir='ltr'>χωλά</span> <span class='ocrx_word' id='word_1_221' title='bbox 1266 2108 1314 2135; x_wconf 90' lang='grc' dir='ltr'>τε</span> <span class='ocrx_word' id='word_1_222' title='bbox 1352 2086 1427 2135; x_wconf 79' lang='grc' dir='ltr'>καὶ</span> <span class='ocrx_word' id='word_1_223' title='bbox 1462 2086 1674 2153; x_wconf 66' lang='grc' dir='ltr'>ἄῤῥωσ-τα,</span> <span class='ocrx_word' id='word_1_224' title='bbox 1700 2089 1782 2134; x_wconf 87' lang='grc' dir='ltr'>τοῦ</span> <span class='ocrx_word' id='word_1_225' title='bbox 1815 2081 1901 2146; x_wconf 78' lang='grc' dir='ltr'>μὲν</span> 
     </span>
     <span class='ocr_line' id='line_1_25' title="bbox 311 2165 1900 2237; baseline -0.001 -17"><span class='ocrx_word' id='word_1_226' title='bbox 311 2174 486 2237; x_wconf 81' lang='grc' dir='ltr'>τυφλοῦ</span> <span class='ocrx_word' id='word_1_227' title='bbox 512 2169 827 2233; x_wconf 86' lang='grc' dir='ltr'>σημαίνοντος</span> <span class='ocrx_word' id='word_1_228' title='bbox 854 2170 1206 2233; x_wconf 79' lang='grc' dir='ltr'>αἰνιγματωδῶς</span> <span class='ocrx_word' id='word_1_229' title='bbox 1233 2166 1339 2220; x_wconf 75' lang='grc' dir='ltr'>τοὺς</span> <span class='ocrx_word' id='word_1_230' title='bbox 1366 2165 1448 2217; x_wconf 80' lang='grc' dir='ltr'>τὸν</span> <span class='ocrx_word' id='word_1_231' title='bbox 1467 2170 1590 2217; x_wconf 82' lang='grc' dir='ltr'>θεῖον</span> <span class='ocrx_word' id='word_1_232' title='bbox 1607 2167 1688 2216; x_wconf 79' lang='grc' dir='ltr'>οὐκ</span> <span class='ocrx_word' id='word_1_233' title='bbox 1709 2165 1900 2233; x_wconf 75' lang='grc' dir='ltr'>ἔχοντας</span> 
     </span>
     <span class='ocr_line' id='line_1_26' title="bbox 310 2247 1970 2318; baseline -0.001 -18"><span class='ocrx_word' id='word_1_234' title='bbox 310 2249 566 2318; x_wconf 79' lang='grc' dir='ltr'>ὀφθαλμὸν</span> <span class='ocrx_word' id='word_1_235' title='bbox 590 2251 637 2300; x_wconf 83' lang='grc' dir='ltr'>ἐν</span> <span class='ocrx_word' id='word_1_236' title='bbox 665 2250 844 2318; x_wconf 78' lang='grc' dir='ltr'>καρδίᾳ·</span> <span class='ocrx_word' id='word_1_237' title='bbox 885 2255 967 2300; x_wconf 88' lang='grc' dir='ltr'>τοῦ</span> <span class='ocrx_word' id='word_1_238' title='bbox 1003 2248 1051 2300; x_wconf 80' lang='grc' dir='ltr'>δὲ</span> <span class='ocrx_word' id='word_1_239' title='bbox 1084 2253 1246 2312; x_wconf 78' lang='grc' dir='ltr'>χωλοῦ</span> <span class='ocrx_word' id='word_1_240' title='bbox 1281 2248 1388 2301; x_wconf 79' lang='grc' dir='ltr'>τοῦς</span> <span class='ocrx_word' id='word_1_241' title='bbox 1422 2250 1504 2298; x_wconf 80' lang='grc' dir='ltr'>οὐκ</span> <span class='ocrx_word' id='word_1_242' title='bbox 1543 2247 1719 2301; x_wconf 81' lang='grc' dir='ltr'>εἰδότας</span> <span class='ocrx_word' id='word_1_243' title='bbox 1756 2247 1893 2313; x_wconf 87' lang='grc' dir='ltr'>ὁρθο-</span> <span class='ocrx_word' id='word_1_244' title='bbox 1922 2260 1970 2298; x_wconf 87' lang='lat'>25</span> 
     </span>
     <span class='ocr_line' id='line_1_27' title="bbox 311 2327 1900 2400; baseline -0.004 -17"><span class='ocrx_word' id='word_1_245' title='bbox 311 2335 470 2383; x_wconf 85' lang='grc' dir='ltr'>ποδεῖν</span> <span class='ocrx_word' id='word_1_246' title='bbox 501 2333 549 2382; x_wconf 89' lang='grc' dir='ltr'>ἐν</span> <span class='ocrx_word' id='word_1_247' title='bbox 583 2333 929 2397; x_wconf 82' lang='grc' dir='ltr'>ἀγαθοεργίαις·</span> <span class='ocrx_word' id='word_1_248' title='bbox 978 2336 1061 2382; x_wconf 90' lang='grc' dir='ltr'>τοῦ</span> <span class='ocrx_word' id='word_1_249' title='bbox 1099 2329 1248 2396; x_wconf 89' lang='grc' dir='ltr'>γεμὴν</span> <span class='ocrx_word' id='word_1_250' title='bbox 1282 2331 1505 2400; x_wconf 67' lang='grc' dir='ltr'>ὀιῤῥώο-του</span> <span class='ocrx_word' id='word_1_251' title='bbox 1544 2328 1650 2382; x_wconf 77' lang='grc' dir='ltr'>τοὺς</span> <span class='ocrx_word' id='word_1_252' title='bbox 1687 2327 1752 2393; x_wconf 86' lang='grc' dir='ltr'>μὴ</span> <span class='ocrx_word' id='word_1_253' title='bbox 1791 2329 1900 2378; x_wconf 87' lang='grc' dir='ltr'>λίαν</span> 
     </span>
     <span class='ocr_line' id='line_1_28' title="bbox 312 2409 1898 2480; baseline -0.003 -16"><span class='ocrx_word' id='word_1_254' title='bbox 312 2415 561 2472; x_wconf 83' lang='grc' dir='ltr'>εὑσθενῶς,</span> <span class='ocrx_word' id='word_1_255' title='bbox 601 2413 807 2466; x_wconf 81' lang='grc' dir='ltr'>ἐκλύτως</span> <span class='ocrx_word' id='word_1_256' title='bbox 848 2412 894 2464; x_wconf 74' lang='grc' dir='ltr'>δὲ</span> <span class='ocrx_word' id='word_1_257' title='bbox 936 2411 1100 2480; x_wconf 77' lang='grc' dir='ltr'>ὥσπερ</span> <span class='ocrx_word' id='word_1_258' title='bbox 1142 2414 1216 2463; x_wconf 78' lang='grc' dir='ltr'>καὶ</span> <span class='ocrx_word' id='word_1_259' title='bbox 1257 2410 1648 2475; x_wconf 78' lang='grc' dir='ltr'>κατημελημένως</span> <span class='ocrx_word' id='word_1_260' title='bbox 1685 2409 1771 2474; x_wconf 84' lang='grc' dir='ltr'>τὴν</span> <span class='ocrx_word' id='word_1_261' title='bbox 1809 2409 1898 2460; x_wconf 82' lang='grc' dir='ltr'>ὑπὸ</span> 
     </span>
    </p>
   </div>
   <div class='ocr_carea' id='block_1_3' title="bbox 91 2491 1899 2600">
    <p class='ocr_par' dir='ltr' id='par_1_6' title="bbox 91 2491 1899 2600">
     <span class='ocr_line' id='line_1_29' title="bbox 315 2491 1899 2562; baseline -0.001 -16"><span class='ocrx_word' id='word_1_262' title='bbox 315 2499 440 2546; x_wconf 85' lang='grc' dir='ltr'>Θεοῦ</span> <span class='ocrx_word' id='word_1_263' title='bbox 484 2501 785 2562; x_wconf 84' lang='grc' dir='ltr'>πληροῦντας</span> <span class='ocrx_word' id='word_1_264' title='bbox 828 2496 1058 2546; x_wconf 85' lang='grc' dir='ltr'>δουλείαν.</span> <span class='ocrx_word' id='word_1_265' title='bbox 1135 2494 1225 2562; x_wconf 74' lang='grc' dir='ltr'>ἔφη</span> <span class='ocrx_word' id='word_1_266' title='bbox 1271 2494 1326 2544; x_wconf 79' lang='grc' dir='ltr'>δέ</span> <span class='ocrx_word' id='word_1_267' title='bbox 1364 2517 1457 2545; x_wconf 92' lang='grc' dir='ltr'>που</span> <span class='ocrx_word' id='word_1_268' title='bbox 1501 2495 1576 2543; x_wconf 83' lang='grc' dir='ltr'>καὶ</span> <span class='ocrx_word' id='word_1_269' title='bbox 1621 2491 1694 2543; x_wconf 79' lang='grc' dir='ltr'>διὰ</span> <span class='ocrx_word' id='word_1_270' title='bbox 1739 2493 1899 2559; x_wconf 81' lang='grc' dir='ltr'>φωνῆς</span> 
     </span>
     <span class='ocr_line' id='line_1_30' title="bbox 91 2568 185 2600; baseline 0.011 -1"><span class='ocrx_word' id='word_1_271' title='bbox 91 2568 185 2600; x_wconf 78' lang='lat' dir='ltr'>Hier.</span> 
     </span>
    </p>
   </div>
   <div class='ocr_carea' id='block_1_4' title="bbox 92 2621 1970 2727">
    <p class='ocr_par' dir='ltr' id='par_1_7' title="bbox 92 2621 1970 2727">
     <span class='ocr_line' id='line_1_31' title="bbox 92 2621 249 2643; baseline 0.006 -1"><span class='ocrx_word' id='word_1_272' title='bbox 92 2621 249 2643; x_wconf 76' lang='lat' dir='ltr'>xxx1.10.</span> 
     </span>
     <span class='ocr_line' id='line_1_32' title="bbox 95 2653 1970 2727; baseline -0.001 -18"><span class='ocrx_word' id='word_1_273' title='bbox 95 2675 178 2711; x_wconf 89' lang='lat'>827</span> <span class='ocrx_word' id='word_1_274' title='bbox 195 2676 244 2709; x_wconf 84' lang='lat' dir='ltr'>A.</span> <span class='ocrx_word' id='word_1_275' title='bbox 276 2657 406 2726; x_wconf 71' lang='grc' dir='ltr'>αχρὴ</span> <span class='ocrx_word' id='word_1_276' title='bbox 456 2664 705 2725; x_wconf 84' lang='grc' dir='ltr'>τοιγαροῦν</span> <span class='ocrx_word' id='word_1_277' title='bbox 755 2659 875 2723; x_wconf 82' lang='grc' dir='ltr'>ἡμᾶς</span> <span class='ocrx_word' id='word_1_278' title='bbox 924 2658 1286 2727; x_wconf 78' lang='grc' dir='ltr'>πεφωτισμένον</span> <span class='ocrx_word' id='word_1_279' title='bbox 1330 2656 1415 2722; x_wconf 79' lang='grc' dir='ltr'>μὲν</span> <span class='ocrx_word' id='word_1_280' title='bbox 1464 2656 1583 2724; x_wconf 76' lang='grc' dir='ltr'>ἔχειν</span> <span class='ocrx_word' id='word_1_281' title='bbox 1621 2653 1715 2706; x_wconf 74' lang='grc' dir='ltr'>τὸν</span> <span class='ocrx_word' id='word_1_282' title='bbox 1765 2659 1893 2719; x_wconf 86' lang='grc' dir='ltr'>νοῦν,</span> <span class='ocrx_word' id='word_1_283' title='bbox 1920 2671 1970 2707; x_wconf 86' lang='lat'>30</span> 
     </span>
    </p>
   </div>
   <div class='ocr_carea' id='block_1_5' title="bbox 313 2573 1895 2646">
    <p class='ocr_par' dir='ltr' id='par_1_8' title="bbox 313 2573 1895 2646">
     <span class='ocr_line' id='line_1_33' title="bbox 313 2573 1895 2646; baseline -0.002 -18"><span class='ocrx_word' id='word_1_284' title='bbox 313 2576 563 2646; x_wconf 85' lang='grc' dir='ltr'>προφήτου</span> <span class='ocrx_word' id='word_1_285' title='bbox 603 2584 629 2606; x_wconf 87' lang='grc'><strong>“</strong></span> <span class='ocrx_word' id='word_1_286' title='bbox 648 2577 771 2628; x_wconf 78' lang='grc' dir='ltr'>Οὐαὶ</span> <span class='ocrx_word' id='word_1_287' title='bbox 812 2580 853 2627; x_wconf 83' lang='grc' dir='ltr'>οἱ</span> <span class='ocrx_word' id='word_1_288' title='bbox 895 2582 1132 2630; x_wconf 89' lang='grc' dir='ltr'>ποιοῦντες</span> <span class='ocrx_word' id='word_1_289' title='bbox 1177 2576 1231 2627; x_wconf 81' lang='grc' dir='ltr'>τὸ</span> <span class='ocrx_word' id='word_1_290' title='bbox 1272 2575 1410 2643; x_wconf 68' lang='grc' dir='ltr'>ἔργον</span> <span class='ocrx_word' id='word_1_291' title='bbox 1455 2576 1632 2641; x_wconf 87' lang='grc' dir='ltr'>Κυρίου</span> <span class='ocrx_word' id='word_1_292' title='bbox 1669 2573 1895 2635; x_wconf 82' lang='grc' dir='ltr'>ἀμελῶς.”</span> 
     </span>
    </p>
   </div>
   <div class='ocr_carea' id='block_1_6' title="bbox 310 2834 1900 2980">
    <p class='ocr_par' dir='ltr' id='par_1_9' title="bbox 310 2834 1900 2980">
     <span class='ocr_line' id='line_1_34' title="bbox 362 2834 1898 2887; baseline -0.005 -11"><span class='ocrx_word' id='word_1_293' title='bbox 362 2852 392 2876; x_wconf 91' lang='lat'>1.</span> <span class='ocrx_word' id='word_1_294' title='bbox 418 2856 454 2876; x_wconf 91' lang='grc' dir='ltr'>τε</span> <span class='ocrx_word' id='word_1_295' title='bbox 472 2846 695 2886; x_wconf 82' lang='lat' dir='ltr'>assumptum</span> <span class='ocrx_word' id='word_1_296' title='bbox 714 2853 755 2875; x_wconf 83' lang='lat' dir='ltr'>ex</span> <span class='ocrx_word' id='word_1_297' title='bbox 776 2841 818 2876; x_wconf 90' lang='lat' dir='ltr'>B.</span> <span class='ocrx_word' id='word_1_298' title='bbox 883 2839 1004 2887; x_wconf 83' lang='grc' dir='ltr'>κρεῶν]</span> <span class='ocrx_word' id='word_1_299' title='bbox 1025 2843 1126 2886; x_wconf 84' lang='grc' dir='ltr'>κριῶν</span> <span class='ocrx_word' id='word_1_300' title='bbox 1144 2839 1236 2874; x_wconf 89' lang='lat' dir='ltr'><strong>Edd.</strong></span> <span class='ocrx_word' id='word_1_301' title='bbox 1567 2847 1619 2881; x_wconf 84' lang='lat'>13.</span> <span class='ocrx_word' id='word_1_302' title='bbox 1647 2834 1718 2869; x_wconf 82' lang='grc' dir='ltr'>καθ’</span> <span class='ocrx_word' id='word_1_303' title='bbox 1736 2834 1820 2878; x_wconf 81' lang='grc' dir='ltr'>ἡμᾶς</span> <span class='ocrx_word' id='word_1_304' title='bbox 1837 2834 1898 2870; x_wconf 80' lang='lat' dir='ltr'>iid.</span> 
     </span>
     <span class='ocr_line' id='line_1_35' title="bbox 316 2881 1897 2934; baseline -0.004 -13"><span class='ocrx_word' id='word_1_305' title='bbox 316 2899 367 2930; x_wconf 83' lang='lat'>14.</span> <span class='ocrx_word' id='word_1_306' title='bbox 396 2889 431 2922; x_wconf 81' lang='grc' dir='ltr'>δέ</span> <span class='ocrx_word' id='word_1_307' title='bbox 450 2895 672 2934; x_wconf 80' lang='lat' dir='ltr'>assumptum</span> <span class='ocrx_word' id='word_1_308' title='bbox 691 2900 732 2922; x_wconf 86' lang='lat' dir='ltr'>ex</span> <span class='ocrx_word' id='word_1_309' title='bbox 754 2888 795 2922; x_wconf 83' lang='grc' dir='ltr'>Β.</span> <span class='ocrx_word' id='word_1_310' title='bbox 1047 2897 1100 2932; x_wconf 85' lang='lat'>15.</span> <span class='ocrx_word' id='word_1_311' title='bbox 1128 2886 1225 2932; x_wconf 72' lang='grc' dir='ltr'>ὣν]“</span> <span class='ocrx_word' id='word_1_312' title='bbox 1210 2902 1253 2922; x_wconf 84' lang='grc' dir='ltr'>ως</span> <span class='ocrx_word' id='word_1_313' title='bbox 1271 2885 1330 2920; x_wconf 83' lang='lat' dir='ltr'><strong>iid.</strong></span> <span class='ocrx_word' id='word_1_314' title='bbox 1587 2882 1639 2916; x_wconf 88' lang='lat'>16.</span> <span class='ocrx_word' id='word_1_315' title='bbox 1667 2883 1820 2925; x_wconf 81' lang='grc' dir='ltr'>ζητοῖμεν</span> <span class='ocrx_word' id='word_1_316' title='bbox 1837 2881 1897 2916; x_wconf 86' lang='lat' dir='ltr'>iid.</span> 
     </span>
     <span class='ocr_line' id='line_1_36' title="bbox 310 2929 1900 2980; baseline -0.003 -13"><span class='ocrx_word' id='word_1_317' title='bbox 310 2933 385 2978; x_wconf 79' lang='grc' dir='ltr'>τὴν]</span> <span class='ocrx_word' id='word_1_318' title='bbox 407 2949 460 2968; x_wconf 90' lang='grc' dir='ltr'>και</span> <span class='ocrx_word' id='word_1_319' title='bbox 477 2934 534 2968; x_wconf 82' lang='lat' dir='ltr'>iid.</span> <span class='ocrx_word' id='word_1_320' title='bbox 727 2943 781 2980; x_wconf 90' lang='lat'>17.</span> <span class='ocrx_word' id='word_1_321' title='bbox 807 2934 926 2978; x_wconf 81' lang='grc' dir='ltr'>ὀρθῶς,</span> <span class='ocrx_word' id='word_1_322' title='bbox 944 2934 1048 2968; x_wconf 76' lang='grc' dir='ltr'>διεῖλε</span> <span class='ocrx_word' id='word_1_323' title='bbox 1066 2935 1102 2968; x_wconf 82' lang='grc' dir='ltr'>δέ</span> <span class='ocrx_word' id='word_1_324' title='bbox 1121 2939 1302 2979; x_wconf 82' lang='lat' dir='ltr'>assumpta</span> <span class='ocrx_word' id='word_1_325' title='bbox 1319 2944 1360 2967; x_wconf 82' lang='lat' dir='ltr'>ex</span> <span class='ocrx_word' id='word_1_326' title='bbox 1381 2931 1424 2967; x_wconf 86' lang='grc' dir='ltr'>Β.</span> <span class='ocrx_word' id='word_1_327' title='bbox 1634 2938 1689 2973; x_wconf 84' lang='lat'>25.</span> <span class='ocrx_word' id='word_1_328' title='bbox 1716 2929 1900 2974; x_wconf 82' lang='grc' dir='ltr'>ὀφθαλμὸν</span> 
     </span>
    </p>
   </div>
   <div class='ocr_carea' id='block_1_7' title="bbox 312 2979 996 3025">
    <p class='ocr_par' dir='ltr' id='par_1_10' title="bbox 312 2979 996 3025">
     <span class='ocr_line' id='line_1_37' title="bbox 312 2979 996 3025; baseline 0.003 -13"><span class='ocrx_word' id='word_1_329' title='bbox 312 2979 346 3012; x_wconf 76' lang='grc' dir='ltr'>ἐν</span> <span class='ocrx_word' id='word_1_330' title='bbox 364 2980 498 3025; x_wconf 80' lang='grc' dir='ltr'>καρδίᾳ]</span> <span class='ocrx_word' id='word_1_331' title='bbox 518 2981 733 3025; x_wconf 80' lang='grc' dir='ltr'>φωτισμὸν’</span> <span class='ocrx_word' id='word_1_332' title='bbox 717 2996 752 3015; x_wconf 75' lang='grc' dir='ltr'>εν</span> <span class='ocrx_word' id='word_1_333' title='bbox 769 2981 919 3024; x_wconf 75' lang='grc' dir='ltr'>καρδίαις</span> <span class='ocrx_word' id='word_1_334' title='bbox 936 2980 996 3015; x_wconf 79' lang='lat' dir='ltr'>iid</span> 
     </span>
    </p>
   </div>
  </div>
 </body>
</html>
