2049 3366
135 205 340 229 CHRISTUS.

189 315 375 357 Christus,
426 316 461 351 in
513 316 742 363 Baptismate
791 328 896 352 sacro

188 386 381 427 peecatum
403 381 524 416 abolet
547 383 622 417 405
641 381 677 417 b.
711 381 896 422 Christus,

188 450 226 480 et
253 445 407 480 Judaeis
437 446 676 486 circumcisis,
699 451 735 481 et
766 446 897 481 Genti-

189 508 257 543 bus
296 509 469 545 omnibus
505 515 633 557 pastor
666 515 723 546 est
758 512 834 546 467
867 522 896 545 e.

190 572 375 614 Christus
443 574 550 621 virga
613 574 733 610 ferrea
801 574 898 619 regit

189 649 385 685 perversos
437 639 514 673 467
568 651 613 683 e3
668 651 778 673 manu
831 638 895 673 be-

711 702 897 743 Christus,

191 764 405 813 Scripturae
441 766 586 802 literam
623 766 758 807 abolet,
791 766 897 813 spiri-

715 831 898 876 Christus,

189 895 296 942 plura
335 895 511 930 miracula
549 908 623 930 non
664 895 752 937 visa,
789 907 898 942 quam

188 959 277 1001 visa,
300 959 415 995 edidit
436 962 508 995 471
535 959 570 995 d.
628 959 811 1000 Christus
834 959 896 994 de-

189 1035 320 1059 mones
359 1023 395 1059 in
435 1024 570 1072 abysso
605 1024 846 1066 concludens,
879 1036 898 1058 a

188 701 305 747 nigna
351 701 432 748 pios
479 704 554 737 408
595 715 626 738 a.

189 835 269 865 tum
318 837 442 866 servat
491 834 568 867 470
612 844 643 867 c.

188 1087 279 1123 Jcsu
310 1087 433 1129 Naue,
464 1101 573 1136 reges
604 1088 640 1124 in
671 1101 783 1136 specu
809 1101 896 1124 con-

189 1151 364 1197 eludenti,
399 1159 720 1200 praemonstratus
755 1156 828 1189 471
864 1166 896 1189 e.

191 1216 375 1261 Christus,
402 1230 528 1253 amore
557 1230 623 1253 suo
654 1230 803 1253 omnem
832 1217 896 1253 ad-

190 1280 427 1317 mirationem
474 1282 707 1317 transcendit
748 1285 823 1318 472
864 1294 896 1317 c.

191 1344 376 1390 Christus,
402 1345 698 1391 Consummatio,
731 1352 766 1382 et
797 1347 896 1381 Con-

190 1409 312 1445 cussio
344 1410 479 1446 saeculi
510 1413 586 1446 479
618 1423 650 1447 e.
710 1410 895 1451 Christus,

190 1486 263 1521 quo
283 1486 395 1510 sensu
409 1476 429 1492 ‘¹
444 1475 633 1521 pulverem
655 1475 896 1511 excitaverit’'

191 1541 267 1575 480
307 1551 340 1574 a.
398 1538 583 1580 Christus,
623 1539 895 1581 inundationes,

189 1602 211 1637 i.
239 1615 272 1638 e.
316 1608 523 1650 potestates
566 1603 727 1640 Satanae
774 1604 894 1639 insur-

190 1672 322 1715 gentes
343 1667 529 1715 extinguit
550 1670 623 1704 481
642 1668 678 1704 b.
709 1668 895 1711 Christus,

191 1744 304 1779 quare
354 1732 490 1768 missus
541 1745 563 1768 a
608 1733 689 1769 Deo
738 1735 815 1769 489
863 1745 896 1769 e.

190 1796 370 1843 quasdam
430 1796 604 1844 reliquias
665 1796 896 1833 Judaeorum

191 1860 353 1896 servavit
390 1862 467 1896 489
502 1861 537 1896 d.
606 1861 791 1903 Christus
830 1862 893 1897 ab—

191 1924 291 1972 rupit
344 1924 498 1960 ,Iudaeis
553 1925 698 1973 virgam
760 1926 894 1961 Phari-

191 2001 362 2024 saeorum
420 1990 498 2025 489
546 2001 594 2035 e3
656 1995 693 2025 et
749 1989 896 2025 Diaboli

191 2055 269 2089 490
311 2053 347 2089 b.

191 2129 275 2152 cum
317 2117 427 2154 Patre
470 2118 765 2166 inseparabiliter
807 2131 895 2155 con-

186 2181 315 2230 jungit
348 2184 423 2218 491
461 2183 494 2218 d.
551 2183 734 2224 Christus,
769 2183 897 2219 hostes

190 2246 317 2294 populi
363 2246 417 2282 sui
465 2247 676 2296 superabat,
718 2247 897 2283 Diabolos

192 2323 371 2358 superans
401 2313 478 2348 495
509 2324 542 2348 a.
601 2311 787 2353 Christus,
823 2325 897 2360 quo

192 2387 302 2410 sensu
351 2375 587 2411 “insufflavit
639 2376 677 2411 in
726 2376 896 2421 faciem,’'

193 2440 269 2475 496
291 2451 323 2475 e.
380 2439 564 2480 Christus,
585 2440 897 2486 Fundamentum,

191 2509 229 2540 et
292 2502 465 2539 Salvator
524 2504 655 2539 unicus
720 2506 797 2541 510
860 2505 896 2540 d.

192 2567 381 2609 Christus,
416 2573 566 2603 accusat
601 2568 766 2604 Judaeos
799 2569 898 2616 quod

190 2631 311 2668 Mosis
344 2632 466 2680 legem
502 2631 740 2668 Sabbaticam
774 2633 898 2669 detor-

193 2696 311 2732 serint
332 2698 405 2733 521
425 2708 455 2732 c.
502 2696 684 2742 Christus,
704 2696 898 2733 nominato

192 2760 355 2802 nemine,
373 2760 655 2808 praenuntiatur
675 2760 779 2808 quasi
794 2760 896 2796 Ven-

193 2831 298 2861 turus
320 2827 395 2862 533
412 2825 446 2860 b.
496 2825 680 2869 Christus,
700 2837 766 2872 per
785 2824 896 2860 fidem

192 2890 447 2936 expectandus
477 2892 553 2926 533
575 2901 608 2926 ο.
667 2888 852 2933 Christus,
878 2901 898 2924 a

194 2954 305 3000 Cyro,
368 2953 600 3001 Babylonem
665 2953 897 3001 expugnanti

411 2053 594 2095 Christus,
633 2067 720 2090 suos
766 2067 896 2090 omnes

670 195 882 231 INDEX
946 194 1069 231 RER
1088 196 1118 232 U
1136 196 1188 232 M.
1646 197 1721 231 0553

1026 321 1344 365 praemonstratus
1367 318 1442 352 533
1465 315 1499 351 d.
1545 314 1730 356 Christus.

1022 384 1096 427 Qui
1120 383 1199 426 Est,
1222 388 1258 417 ct
1281 382 1375 425 Fuit,
1397 387 1432 416 et
1456 380 1646 416 Venturus
1673 386 1731 415 est

1025 451 1100 484 533
1141 460 1173 483 c.
1238 446 1351 481 Filius
1390 445 1458 480 Dei
1502 445 1730 493 Unigenitus

1024 516 1098 549 534
1131 524 1172 556 a;
1206 514 1281 547 554
1313 523 1359 556 a3
1393 512 1468 545 611
1500 509 1536 545 b.

1022 577 1120 613 tibus
1177 576 1240 611 dat
1298 574 1483 622 stipendio
1540 579 1730 609 aeternam

1022 641 1135 676 vitam
1186 643 1261 676 534
1303 640 1337 675 b.
1396 639 1582 681 Christus,
1623 638 1731 674 Sata-

1022 718 1109 741 nam
1166 705 1314 740 vasibus
1372 704 1447 739 suis
1504 703 1731 751 spoliaturus

1596 509 1729 544 Fiden-

1024 775 1345 818 praemonstratur
1381 770 1456 804 537
1492 767 1537 812 b;
1584 769 1658 803 538
1695 779 1728 802 a.

1023 833 1209 874 Christus,
1277 838 1385 880 capta
1454 832 1729 879 Hierosolyma,

1022 903 1156 946 gentes
1190 897 1384 933 inundavit
1422 896 1544 944 gratia
1584 897 1659 932 542
1697 896 1730 931 b.

1024 962 1210 1003 Christus,
1225 967 1354 997 auctor
1376 961 1492 1002 Pacis,
1507 966 1543 996 et
1565 960 1731 995 omnium

1022 1027 1206 1063 bonorum
1230 1028 1304 1062 5²12
1324 1039 1356 1062 c.
1392 1025 1575 1069 Christus,
1594 1032 1732 1072 quanta

1022 1091 1267 1127 admiratione
1313 1090 1450 1138 dignus
1495 1090 1542 1125 sit
1582 1091 1657 1125 548
1699 1101 1730 1124 c.

1023 1155 1209 1196 Christus,
1232 1155 1400 1202 quamvis
1426 1154 1588 1202 aequalis
1616 1153 1730 1195 Patri,

1023 1232 1110 1255 vera
1126 1225 1250 1255 tamen
1260 1220 1358 1255 Caro
1374 1219 1494 1254 faetus
1508 1224 1564 1254 est
1579 1220 1654 1253 548
1664 1218 1685 1252 d
1700 1230 1730 1253 e.

1022 1284 1207 1324 Christus
1238 1284 1315 1319 Pax
1344 1282 1485 1326 mundi,
1515 1282 1599 1317 fons
1635 1283 1730 1317 Gra-

1021 1347 1106 1389 tiae,
1128 1347 1312 1395 primitiae
1336 1346 1648 1387 Resurrectionis,
1669 1347 1732 1381 de-

1022 1413 1194 1448 scribitur
1217 1414 1292 1448 549
1315 1412 1384 1448 ab.
1435 1410 1618 1455 Christus,
1640 1411 1731 1445 Pro-

1021 1477 1166 1525 pitiatio
1222 1489 1289 1524 pro
1345 1480 1499 1524 peccato
1558 1475 1732 1510 universa

1023 1544 1099 1579 550
1125 1555 1157 1577 c.
1208 1541 1391 1582 Christus,
1412 1539 1603 1588 praedicta
1633 1538 1728 1574 Pro-

1021 1606 1219 1654 phetarum
1258 1605 1437 1652 implevit,
1477 1616 1590 1651 quum
1639 1616 1727 1638 ven-

1022 1671 1160 1707 ditores
1185 1683 1204 1706 e
1233 1670 1375 1717 templo
1403 1668 1545 1716 expulit
1575 1670 1648 1704 551
1683 1679 1728 1712 c3

1022 1736 1111 1771 item
1142 1734 1241 1782 quod
1270 1746 1289 1769 e
1310 1733 1469 1780 Virgine
1499 1744 1589 1780 pura
1618 1737 1730 1766 natus

1021 1800 1068 1835 sit
1103 1801 1176 1835 551
1211 1798 1233 1834 d
1254 1810 1284 1834 e.
1345 1797 1529 1841 Christus,
1564 1808 1611 1832 ex
1644 1808 1727 1843 per-

1019 1863 1180 1899 fectione
1198 1862 1486 1909 praedictorum,
1508 1865 1545 1896 et
1565 1872 1727 1908 congru-

1019 1928 1110 1963 itate
1166 1933 1389 1973 temporum,
1441 1925 1614 1973 cognitus
1671 1930 1729 1960 est

1021 1994 1096 2027 552
1118 1991 1154 2027 b.
1209 1990 1393 2031 Christus
1414 2002 1459 2025 ex
1479 1989 1632 2025 Judaeis
1653 1989 1727 2024 ori-

1019 2056 1141 2092 undus
1162 2058 1238 2091 554
1260 2067 1291 2091 e.
1340 2054 1523 2095 Christus,
1546 2058 1728 2101 quatenus

1018 2120 1132 2156 homo
1156 2119 1279 2164 fuerit,
1300 2118 1455 2166 Angelis
1474 2118 1545 2154 fuit
1564 2118 1727 2162 inferior,

1020 2197 1094 2232 qua
1140 2184 1255 2229 Deus,
1303 2183 1422 2219 multo
1477 2182 1728 2230 praestantior

1021 2251 1097 2285 554
1146 2248 1181 2283 d.
1252 2247 1436 2292 Christus,
1481 2259 1555 2294 qua
1600 2247 1727 2292 homo,

1020 2312 1325 2360 Propitiatorium
1365 2311 1473 2347 nobis
1517 2317 1585 2353 est,
1623 2311 1728 2346 Deus

1019 2383 1145 2413 tamen
1166 2388 1363 2424 supremus
1386 2378 1461 2412 555
1477 2388 1508 2411 a.
1542 2375 1727 2420 Christus,

1021 2454 1095 2489 quo
1125 2453 1237 2476 sensu
1267 2440 1389 2476 caelos
1417 2439 1570 2486 impleat
1594 2441 1670 2475 555
1693 2451 1726 2475 c.

1021 2505 1207 2549 Christus,
1238 2505 1386 2540 Lumen
1418 2503 1556 2539 Mundi
1587 2506 1663 2540 555
1694 2516 1727 2540 e.

1022 2569 1206 2614 Christus,
1229 2567 1297 2604 sibi
1325 2567 1522 2616 proposuit
1547 2579 1632 2603 cum
1658 2566 1728 2603 Sa-

1019 2638 1130 2669 tanae
1159 2632 1401 2677 eversionem,
1427 2636 1509 2667 tum
1531 2631 1728 2667 hominum

1021 2697 1181 2733 salutem
1212 2699 1288 2732 557
1309 2696 1343 2732 b.
1404 2695 1591 2741 Christus
1615 2708 1729 2743 quam

1021 2760 1177 2797 robusto
1224 2760 1262 2796 in
1310 2772 1398 2796 suos
1441 2772 1568 2795 amore
1614 2759 1728 2795 fuerit

1022 2827 1097 2861 557
1113 2824 1147 2860 d.
1189 2824 1373 2869 Christus,
1391 2830 1570 2871 quantam
1589 2823 1727 2860 famam

1020 2889 1159 2936 ubique
1206 2889 1435 2933 excitaverit,
1479 2900 1525 2924 ex
1569 2888 1727 2936 Virgine

1020 2958 1130 2989 natus
1152 2955 1227 2989 557
1242 2966 1273 2989 e.
1311 2952 1495 2995 Christus
1514 2951 1728 2988 Seminator
