1997 3361
102 161 242 207 iii.11.
540 172 611 213 IN
654 175 937 218 ABACUC.
998 179 1147 222 TOM.
1183 181 1241 222 ΙΙ.
1591 187 1666 226 153

99 278 406 340 τετρωμένους
430 280 522 347 γὰρ
548 283 732 348 ἀγάπης
762 287 1043 354 ἐργάζονται,
1071 291 1189 341 κατά
1226 314 1279 356 γε
1318 291 1404 355 τὴν
1430 293 1666 358 λέγουσαν
1685 318 1705 343 c

98 355 285 425 νύμφην
334 363 382 412 ἐν
429 367 496 433 τῷ
553 363 730 433 ᾄσματι
780 373 872 419 τῶν
921 372 1150 439 ᾀσμάτων
1202 373 1359 424 “”Ὀτι
1407 377 1665 441 τετρωμένη
1728 383 1812 455 {5²⁸st
1843 394 1868 413 ‘'-

96 444 123 465 “
149 440 335 505 ἀγάπης
373 445 463 510 ἐγώ
502 449 631 508 εἷμι.”

169 523 478 588 Εὑρίσκονται
517 528 565 579 δὲ
603 532 676 580 καὶ
712 532 874 598 ἑτέρως
913 534 1089 602 φέγγος
1127 538 1359 606 οἰστροιπῆς
1399 539 1477 590 τῶν
1518 544 1665 592 ὅπλων

53 601 249 653 5αὐτοῦ·
305 606 430 659 ’σ’πλοι
474 609 523 660 δὲ
573 613 713 663 αὐτοῦ
762 620 964 675 νοηθεῖεν
1005 617 1080 680 ἂν,
1124 617 1189 672 οἷς
1229 623 1304 670 καὶ
1343 621 1460 684 ἡμᾶς
1499 622 1664 677 αὐτοὺς

91 683 443 750 ἐναρμόσασθαι
495 695 587 743 δεῖν
639 695 663 744 ὁ
710 697 934 763 μακάριος
987 703 1181 754 Παῦλος
1232 702 1458 753 ἐπιτάττει
1509 704 1661 769 λέγων

90 769 119 792 “
143 763 440 822 Ἐνδύσασθε
478 773 563 838 τὴν
600 779 869 828 πανοπλίαν
907 786 989 830 τοῦ
1015 782 1183 833 Θεοῦ.”
1249 786 1364 848 αὕτη
1395 785 1448 835 δέ
1478 787 1607 836 ἐστιν
1634 789 1658 837 ὁ
1723 788 1866 828 ΕΙ’ῙῙ·”Ῑ·

1725 842 1771 862 ΙΙ.

89 847 254 918 θώραξ
290 855 372 916 τῆς
415 856 728 921 δικαιοσύνης,
776 860 803 923 ἡ
844 865 1182 929 περικεφαλαιά
1223 872 1305 915 τοῦ
1350 868 1595 932 σωτηρίου,
1633 871 1657 920 ὁ
1720 875 1770 906 ¹¹²·
1794 886 1839 915 ¹4¹

1721 927 1769 948 1‘.

88 931 246 995 θυρεὸς
271 936 353 997 τῆς
377 937 592 1001 πίστεως,
619 939 672 990 τὸ
709 942 1012 994 ὑποδεδέσθαι
1039 945 1145 998 τοὺς
1169 946 1315 1000 πόδας
1341 950 1389 998 ἐν
1412 950 1657 1020 ἑτοιμασίᾳ
1719 962 1730 1034 ξ
1740 938 1766 1019 ¹1>-
1793 963 1838 1001 ¹⁶,

21 1032 68 1059 10
86 1017 168 1062 τοῦ
210 1014 481 1081 εὐαγγελίου
529 1023 610 1084 τῆς
659 1022 850 1088 εἰρήνης,
895 1025 920 1088 ἡ
969 1027 1176 1093 μάχαιρα
1226 1034 1307 1079 τοῦ
1361 1031 1650 1094 Πνεύματος.
1741 1024 1769 1044 θ’

85 1093 249 1146 οὐκοῦν
281 1098 408 1151 ‘obryza
451 1100 534 1163 μὲν
568 1101 627 1153 τὰ
667 1105 817 1155 τοιάδε
859 1110 1089 1172 Χριστοῦ,
1129 1110 1211 1160 οὐκ
1244 1109 1384 1162 αὐτὸν
1417 1113 1647 1179 περιβάλ-
1672 1121 1699 1162 d

83 1181 243 1241 λοντα,
263 1181 369 1246 παρ’
389 1182 528 1234 αὐτοῦ
554 1184 601 1235 δὲ
624 1190 814 1247 μᾶλλον
833 1193 928 1242 τοῖς
954 1190 1099 1258 ἀξίοις
1120 1192 1399 1258 δωρούμενα.
1452 1197 1651 1262 λαμπρὰ

81 1256 131 1307 δὲ
167 1258 227 1309 τὰ
262 1261 401 1326 ἔπλει,
439 1267 514 1316 καὶ
557 1265 654 1317 οἷον
698 1269 932 1339 οἰστροιπῆς
972 1271 1168 1335 ἔμπλεα·
1212 1273 1452 1343 φανοτάτη
1491 1277 1583 1343 γὰρ
1621 1280 1649 1343 ἡ

80 1340 235 1406 ἀρετή·
277 1347 322 1394 αὶ
359 1347 513 1398 τοίνυν
548 1346 731 1408 βολίδες
769 1357 829 1406 εἰς
867 1350 1045 1421 φέγγος
1089 1354 1255 1407 ἔσονται
1294 1360 1376 1421 τῆς
1413 1359 1648 1428 α’στροιπῆς

14 1445 60 1482 15
79 1427 172 1472 τῶν
197 1424 343 1477 ’ὅπλων
373 1451 466 1479 σου.
534 1429 603 1481 ὅτι
635 1430 727 1499 γὰρ
760 1434 1086 1500 ἀπαστράπτει
1125 1437 1184 1488 τὰ
1222 1438 1361 1503 ὅπλα,
1390 1445 1648 1508 φωτιοῦσιν

77 1504 204 1556 αὐτοὶ
247 1508 541 1566 διδάσκοντες
585 1512 692 1567 τοὺς
736 1515 1036 1580 ἠγνοηκότας.
1105 1520 1234 1586 παρὰ
1282 1521 1365 1584 μὲν
1415 1522 1506 1589 γὰρ
1551 1529 1647 1579 τοῖς

76 1591 493 1655 φιλαμαρτήμοσιν
526 1595 739 1660 ἀκαλλὴς
774 1596 847 1648 οἶά
879 1622 948 1653 τις
985 1602 1115 1652 ἐστιν
1152 1603 1180 1666 ἡ
1219 1604 1370 1669 ἀρετὴ,
1404 1608 1478 1655 καὶ
1517 1607 1646 1658 οὔπω

75 1671 284 1736 λαμπρά·
322 1674 449 1741 παρὰ
491 1677 547 1727 δέ
583 1701 635 1743 γε
676 1683 771 1732 τοῖς
815 1680 988 1732 εἰδόσιν
1029 1683 1184 1748 αὐτὴν,
1225 1685 1356 1736 οὐδὲν
1398 1688 1644 1753 ἀστραπῆς

73 1750 281 1816 ἔλαττον,
315 1758 535 1823 λαμπρὸν
572 1762 647 1810 καὶ
685 1763 903 1830 διαφανῆ,
939 1766 1013 1815 καὶ
1054 1771 1149 1820 τοῖς
1191 1768 1437 1836 ἁπανταχῆ
1469 1792 1638 1836 γνωρι-
1659 1789 1681 1816 θ

5 1859 55 1884 20
72 1833 286 1894 μώτατον
328 1840 628 1892 ἀποτελοῦσα
676 1842 758 1893 τὸν
807 1844 1070 1912 ἄνθρωπον.
1143 1854 1319 1915 πρῶτοι
1370 1852 1425 1915 δὴ
1472 1852 1552 1902 οὖν
1600 1855 1642 1902 οἱ

71 1917 314 1970 θεσπέσιοι
349 1926 553 1986 μαθηταὶ
595 1923 679 1989 τὴν
716 1930 809 1976 τῶν
846 1932 947 1978 σῶν
984 1928 1131 1981 ’όπλων
1169 1931 1350 1999 ἔχοντες
1389 1932 1639 1998 οἰστροιπῆν,

71 1996 258 2049 ἔσονται
292 2003 366 2051 καὶ
403 2003 569 2070 ἑτέροις
609 2011 668 2060 εἰς
709 2007 886 2076 φέγγος
927 2011 1082 2075 αὐτῆς.
1149 2012 1290 2079 ὅνπερ
1335 2013 1426 2080 γὰρ
1465 2015 1640 2080 τρόπον

69 2081 111 2128 οἱ
140 2082 221 2143 τῆς
256 2085 458 2149 ἰατρικῆς
491 2087 723 2152 ἐμπειρίας
754 2090 1073 2156 ἐπιστήμονες,
1100 2094 1206 2148 τοὺς
1237 2100 1336 2149 ταῖς
1366 2100 1460 2146 τῶν
1486 2096 1637 2159 ὀμμά-

68 2182 162 2211 των
192 2163 470 2229 ἀῤῥωστιάις
503 2168 870 2234 ἐμπεπτωκότας,
903 2176 977 2224 καὶ
1014 2173 1067 2225 τὸ
1105 2179 1186 2240 τῆς
1224 2178 1417 2241 ἡλιακῆς
1455 2180 1636 2231 ἀκτῖνος

1 2260 48 2297 25
69 2242 327 2310 φεύγοντας
362 2252 475 2315 φῶς,
502 2251 883 2306 ἀπαλλάττοντες
920 2261 1002 2306 τοῦ
1039 2257 1216 2312 πάθους
1249 2261 1330 2322 τῆς
1360 2265 1442 2309 τοῦ
1476 2260 1634 2327 φωτὸς

66 2330 343 2391 προσβολῆς
366 2329 613 2397 ἀνέχεσθαι
639 2333 804 2384 λοιπὸν
823 2336 1144 2401 ἀναπείθουσι,
1169 2342 1243 2390 καὶ
1270 2340 1448 2408 φέγγος
1469 2339 1630 2408 ὥσπερ

64 2427 106 2455 τι
131 2407 372 2473 γεγονότες
403 2412 555 2466 αὐτοῖς
590 2414 747 2466 ἁλοῖεν
781 2414 850 2478 ἂν,
879 2420 954 2468 καὶ
990 2419 1123 2482 μάλα
1160 2421 1356 2476 εἰκότως·
1396 2425 1515 2474 οὕτω
1554 2425 1629 2474 καὶ

110 2614 140 2638 Ι.
157 2603 268 2650 ἀγάπῃ
286 2606 380 2642 Aub.
521 2621 554 2655 3.
572 2611 701 2657 ἀγάπης
719 2612 798 2648 B.b.
817 2613 927 2659 ἀγάπῃ
946 2615 993 2650 D.
1013 2616 1103 2651 Edd.
1245 2632 1277 2661 4.
1300 2620 1473 2664 ἀστραπῆς
1491 2632 1560 2655 0111.
1580 2622 1622 2657 Β.

64 2660 116 2684 10.
141 2650 285 2697 εἰρήνης]
309 2658 345 2693 -Ι-
367 2655 420 2688 καὶ
437 2655 471 2690 b.
633 2670 685 2692 11.
715 2660 833 2694 οὐκοῦν
850 2673 919 2695 om.
940 2662 985 2696 D.
1145 2675 1198 2708 13.
1224 2664 1277 2710 δὲ]
1298 2670 1334 2706 -Ι-
1354 2668 1487 2709 μᾶλλον
1501 2667 1546 2701 D.
1565 2669 1622 2704 Ab

60 2696 233 2741 ἀστραπῆς
251 2699 294 2733 ad
310 2700 485 2747 ἀστραπῆς
501 2705 652 2740 firansilit
663 2706 709 2740 D.
757 2707 884 2750 ἔμπλεα
898 2708 931 2742 b.
948 2708 1038 2743 Edd.
1053 2710 1186 2753 ξ’μπλεω
1202 2711 1243 2745 Β.
1295 2712 1417 2746 Statim
1432 2715 1622 2757 φανότατον

60 2742 150 2777 Edd.
169 2744 285 2780 invitis
303 2746 384 2781 B.b.
609 2763 660 2794 14.
687 2751 816 2798 φέγγος
832 2766 862 2788 a.
880 2756 955 2799 φῶς
973 2755 1015 2789 Β.
1035 2756 1126 2790 Edd.
1340 2770 1393 2804 15.
1419 2775 1483 2794 σου
1500 2772 1569 2796 om.
1586 2774 1618 2796 a.

58 2787 288 2834 ἀπαστράπτει
305 2805 335 2828 a.
352 2794 586 2840 ἀστράπτουσι
605 2798 646 2832 Β.
665 2799 849 2843 ἀστράπτει
870 2801 914 2835 D.
932 2802 1154 2846 ἀστράψουσι
1171 2804 1262 2839 Edd.
1410 2815 1461 2851 17.
1487 2807 1617 2853 ἀκαλλῆ

60 2834 138 2879 (sie)
156 2837 249 2872 Aub.
300 2839 423 2875 Statim
441 2841 493 2876 οἷά
510 2852 729 2889 assumptum
746 2858 787 2880 ex
806 2847 933 2882 B.D.a.
981 2848 1066 2883 οὕτω
1086 2849 1131 2884 D.
1347 2852 1398 2886 18.
1424 2867 1463 2898 γε
1480 2865 1549 2888 om.
1569 2855 1616 2890 D.

61 2891 114 2924 19.
139 2882 287 2919 ἐλάττων
312 2897 343 2921 a.
422 2891 589 2935 περιφανῆ
618 2892 664 2926 D.
750 2892 923 2939 ὁπανταχῆ
952 2894 1045 2929 Β.Β.
1077 2899 1228 2942 πανταχῆ
1257 2910 1287 2932 a.
1320 2902 1490 2944 πανταχοῦ
1523 2901 1615 2937 Edd.

59 2937 113 2961 22.
136 2929 244 2966 αὐτοῖς
264 2932 309 2966 D.
575 2949 629 2983 23.
655 2938 824 2985 ἐμπειρίας
840 2952 908 2976 om.
930 2941 970 2976 B.
990 2942 1146 2988 ἐπιστὴμ.
1165 2944 1241 2988 ἐμπ.
1259 2945 1329 2980 inv.
1347 2945 1421 2981 ord.
1441 2947 1488 2981 D.
1551 2952 1616 2983 τῶν

55 2982 272 3020 assumptum
289 2990 329 3013 ex
349 2979 439 3016 B.D.

111 3044 201 3076 VOL.
223 3047 270 3077 ΙΙ.
819 3057 845 3083 X
