2007 3387
278 186 365 227 340
670 192 722 233 B.
767 192 1044 233 CYRILLI
1086 194 1466 234 ALEXANDR.
1672 194 1725 233 iv.
1751 192 1790 242 8,
1814 205 1853 246 9.

279 295 500 362 Ἱερεμίας
533 302 594 352 ὡς
627 300 907 352 πεπτωκότα
940 324 989 352 τε
1033 305 1106 353 καὶ
1144 303 1456 365 σεσεισμένον
1492 300 1854 371 κατωλοφύρετο

56 383 160 416 Amos
173 396 203 417 v.
235 389 261 429 d
281 378 435 443 λε’γων
460 388 487 408 “
509 379 651 434 Οἶκος
677 383 754 432 'Io'
826 382 879 433 *A
921 384 942 400 ''
1159 386 1169 399 ’
1247 385 1270 402 ''
1417 386 1428 399 ‘
1475 386 1485 400 '
1628 383 1639 399 '
1815 383 1854 422 '—

753 406 843 447 ραη
913 407 1092 447 επεσεν,
1121 408 1202 436 ουκ
1240 408 1370 436 εστιν
1409 408 1433 435 ο
1459 406 1747 448 αναστησων
1773 405 1831 433 αυ

60 436 85 465 1,
108 438 136 460 2.

61 790 69 809 ι
90 780 173 810 Tim.

55 824 100 855 iii.
121 833 168 863 15.

53 1110 140 1150 Affg.
156 1110 187 1140 ii.

87 1135 106 1150 ζ)

54 1162 83 1191 3.

53 1451 102 1482 ]b.
121 1461 151 1492 9.

280 468 306 490 ‘⁴
330 461 455 511 τόν·”
496 464 650 527 ἐπειδὴ
694 463 787 531 γὰρ
831 465 1227 536 πεπαρῳνήκασιν
1269 470 1330 521 εἷς
1372 466 1600 533 Χριστὸν,
1643 466 1855 517 πέπτωκε

277 543 352 593 διὰ
377 549 514 595 τοῦτο
545 548 620 596 καὶ
656 547 738 597 οὐκ
775 545 833 611 ἦν
870 549 936 599 ε”τι
972 547 1140 600 λοιπὸν
1166 550 1191 599 ὁ
1217 549 1504 613 ἀναστήσων
1531 548 1685 600 αὐτόν·
1725 546 1856 610 πλὴν

273 624 519 691 ἐγήγερται
552 628 626 678 διὰ
653 633 881 696 Χριστοῦ,
909 634 983 681 καὶ
1017 631 1370 696 μετεσκευάσθη
1403 632 1522 698 πρὸς
1560 632 1614 682 τὸ
1653 630 1853 693 ἄμεινον,
1873 646 1895 684 5

276 709 700 773 εἶσκεκομισμὲνων
738 715 785 762 ἐν
823 714 948 782 αὐτῷ
986 718 1079 765 τῶν
1117 716 1274 777 ἐθνῶν,
1307 716 1383 765 καὶ
1421 714 1770 781 ἀναδειχθείσης
1807 713 1855 763 ἐν

277 787 443 859 κόσμῳ
468 795 550 854 τῆς
584 793 888 859 Ἐκκλησίας,
915 803 942 824 “
967 796 1065 860 ἥτις
1096 798 1225 847 ἐστὶν
1256 795 1378 850 οἶκος
1404 800 1529 847 Θεοῦ
1562 795 1774 862 ζῶντος,”
1802 795 1856 859 ἧς

275 876 358 921 τοῦ
397 873 605 929 κάλλους
640 874 832 942 γέγονεν
865 877 1066 944 ἐραστὴς
1094 879 1118 928 ὁ
1145 883 1238 929 τῶν
1266 878 1391 929 ὅλων
1420 878 1591 945 Κύριος
1618 881 1693 929 καὶ
1719 876 1852 931 Θεός.

273 952 346 1003 ὅτι
372 954 465 1021 γὰρ
491 958 787 1023 ἀσυγκρίτως
812 961 1010 1023 ἀμείνων
1032 960 1162 1026 παρὰ
1194 960 1276 1012 τὸν
1300 966 1488 1027 πρῶτον
1514 963 1539 1012 ὁ
1564 963 1612 1012 ἐν
1636 958 1855 1028 ἐσχάτοις

274 1042 448 1102 καιροῖς
486 1040 792 1106 ἐγηγερμένος
831 1040 960 1105 νεῶς,
1001 1042 1246 1094 τουτέστιν
1279 1044 1307 1108 ἡ
1344 1043 1624 1108 Ἐκκλησία,
1663 1050 1848 1105 πεπλη-
1876 1062 1924 1087 10

274 1119 537 1188 ροφόρηκεν
571 1122 713 1173 εἰπὼν
751 1123 825 1174 διὰ
864 1128 1024 1193 φωνῆς
1054 1127 1284 1191 Ἀγγαίου
1322 1132 1403 1177 τοῦ
1443 1126 1689 1194 προφήτου
1721 1132 1747 1155 “
1768 1125 1854 1177 Τίς

276 1208 303 1230 “
330 1203 460 1253 ἐστιν
498 1204 554 1272 ἐξ
587 1206 713 1267 ὑμῶν
749 1207 995 1273 ἄνθρωπος
1030 1207 1080 1262 ὃς
1118 1206 1206 1259 εἶδε
1245 1207 1327 1259 τὸν
1358 1206 1484 1259 οἷκον
1517 1214 1682 1259 τοῦτον
1715 1208 1763 1258 ἐν
1795 1210 1854 1274 τῇ

232 1290 302 1330 e“
330 1283 446 1354 δόξῃ
480 1288 622 1338 αὑτοῦ
656 1292 713 1356 τῇ
749 1289 1047 1355 ἐμπροσθεω
1088 1292 1164 1340 καὶ
1197 1295 1296 1344 πῶς
1329 1292 1454 1354 ὑμεῖς
1488 1291 1686 1351 βλέπετε
1712 1287 1854 1340 αὐτὸν

274 1373 301 1394 “
328 1372 409 1417 νῦν
435 1367 589 1423 καθὼς
615 1370 701 1438 οὐχ
728 1371 999 1438 ὑπάρχοντα
1024 1373 1220 1423 ἐνώπιον
1253 1374 1381 1435 ὑμῶν
1403 1374 1446 1435 ;''
1488 1375 1562 1423 καὶ
1586 1371 1693 1435 μεθ’
1721 1372 1852 1438 ἕτερα

274 1455 301 1477 “
328 1449 463 1501 Διότι
499 1450 685 1516 μεγάλη
723 1453 856 1503 ε”σται
895 1454 921 1517 ἡ
955 1454 1072 1523 δόξα
1111 1460 1193 1505 τοῦ
1237 1454 1362 1506 οἴκου
1399 1456 1566 1505 τούτου
1603 1456 1631 1519 ἡ
1671 1453 1850 1522 ἐσχάτη
1875 1474 1921 1512 15

275 1541 302 1564 ‘⁶
328 1533 443 1601 ὑπὲρ
477 1535 562 1599 τὴν
598 1537 803 1602 πρώτην,
831 1538 956 1604 λε’γει
994 1539 1166 1606 Κύριος
1204 1540 1578 1606 παντοκράτωρ.”
1643 1541 1752 1590 ἀλλ’
1782 1539 1852 1590 ὅτι

273 1615 358 1679 μὲν
385 1620 630 1684 ἱστορικῶς
655 1617 714 1670 τὰ
739 1619 891 1671 τοιάδε
922 1625 1040 1671 νοεῖν
1064 1621 1384 1686 ἀπόπληκτον,
1413 1623 1494 1672 οὐκ
1521 1620 1578 1672 ἂν
1603 1620 1861 1672 ἐνδοιάσειέ

274 1720 356 1761 τις,
382 1699 674 1765 ἐννενοηκὼς,
705 1701 774 1752 ὅτι
812 1707 912 1756 πῶς
951 1701 1008 1752 ἂν
1040 1708 1191 1754 νοοῖτο
1223 1704 1581 1772 προφερεστέρα
1610 1707 1691 1767 τῆς
1724 1703 1851 1767 πρώ-

274 1784 372 1844 τῆς,
413 1783 441 1846 ἡ
480 1785 527 1833 ἐν
565 1782 783 1851 ἐσχάτοις
818 1785 935 1854 δόξα
969 1791 1051 1836 τοῦ
1086 1786 1209 1837 θείου
1244 1792 1371 1845 ναοῦ,
1408 1786 1534 1851 εἴπερ
1560 1788 1729 1836 ἐκεῖνον
1766 1784 1852 1849 μὲν

274 1865 572 1931 κατεπίμπρα
610 1868 685 1916 καὶ
721 1865 981 1932 διήρπασεν
1014 1868 1037 1917 ὁ
1066 1868 1373 1928 Βαβυλώνιος
1404 1866 1847 1935 Ναβουχοδονόσορ·
1873 1891 1921 1916 20

51 1952 143 1985 690
156 1950 207 1984 A·
233 1961 255 1985 a
274 1945 355 1997 τὸν
389 1945 438 1997 δὲ
473 1947 570 2011 μετ’
601 1949 770 1999 ἐκεῖνον
808 1950 1115 2014 ἐγηγερμένον
1142 1949 1257 2013 μετὰ
1292 1950 1373 2001 τὸν
1405 1953 1486 2014 τῆς
1521 1951 1851 2018 αἰχμαλωσίας

53 2359 136 2399 Eph.
155 2360 184 2390 ii.

56 2412 102 2443 21,
125 2414 172 2434 22.

55 2516 102 2546 lb.
125 2525 174 2547 20.

274 2027 447 2095 καιρὸν,
478 2028 607 2080 οὐδὲν
641 2030 780 2094 ἧττον
805 2032 1026 2094 “Ρωμαῖοι
1064 2033 1471 2098 κατεπίμπρασαν,
1513 2032 1852 2100 συγκαταδῃώ-

273 2134 443 2166 σαντες
479 2113 603 2182 αὐτῷ
638 2115 713 2163 καὶ
748 2113 864 2163 αὐτὰ
902 2113 961 2163 τὰ
986 2113 1309 2181 Ἰεροσόλυμα,
1337 2118 1411 2165 καὶ
1450 2114 1644 2166 ἅπασαν
1682 2114 1729 2165 δὲ
1766 2113 1853 2178 τὴν

272 2194 509 2245 Ἰουδαίων
545 2195 721 2262 χώραν.
789 2196 953 2246 οὐκοῦν
987 2197 1068 2246 οὐκ
1103 2196 1286 2264 ἀπόχρη
1320 2197 1437 2263 πρὸς
1467 2196 1690 2260 ἀλήθειαν
1715 2196 1743 2260 ἡ
1769 2199 1852 2260 τῆς

273 2277 486 2342 ἱστορίας
519 2276 762 2330 ἀπόδοσις·
803 2279 1002 2341 ἀμείνων
1027 2278 1075 2328 δὲ
1106 2281 1181 2329 καὶ
1214 2279 1570 2347 προφερεστέρα
1603 2281 1687 2342 τῆς
1723 2278 1850 2344 πρώ-
1871 2296 1919 2334 25

273 2380 355 2421 της
389 2359 417 2421 ἡ
455 2360 697 2410 τελευταία
732 2360 861 2427 δόξα,
896 2360 1293 2429 παραληφθείσης
1318 2364 1400 2424 τῆς
1424 2361 1715 2424 Ἐκκλησίας
1742 2368 1768 2390 “
1789 2364 1850 2414 εἰς

275 2447 301 2468 “
328 2440 439 2491 ναὸν
479 2439 632 2506 ἅγιον,
682 2445 744 2495 εἷς
792 2442 1141 2509 κατοικητήριον
1185 2448 1267 2493 τοῦ
1313 2447 1438 2493 Θεοῦ
1474 2445 1522 2493 ἐν
1563 2443 1848 2507 Πνεύματι.”

228 2532 254 2572 b
274 2522 697 2587 ἐποικοδομούμεθα
740 2522 832 2590 γὰρ
874 2531 900 2552 “
925 2526 998 2575 ἐπὶ
1042 2529 1107 2594 τῷ
1151 2525 1350 2595 θεμελίῳ
1396 2529 1489 2576 τῶν
1532 2524 1851 2575 Ἀποστόλων

318 2720 351 2753 3,
371 2721 403 2751 4.
431 2709 527 2743 Haec
546 2710 658 2753 ἐπειδὴ
676 2711 890 2755 γὰρ-αὐτόν
908 2717 1127 2746 accesserunt
1145 2723 1185 2745 ex
1203 2711 1246 2745 C.
1265 2711 1392 2745 desunt
1409 2712 1445 2746 in
1464 2712 1510 2747 D.
1756 2714 1786 2747 6.
1814 2714 1850 2748 ἐν

273 2757 369 2798 prius
387 2763 608 2801 assumptum
627 2769 667 2790 cx
687 2757 727 2791 C.
979 2770 1031 2793 10.
1057 2760 1137 2794 νεὼς
1155 2758 1196 2792 C.
1216 2759 1291 2793 ναὸς
1310 2758 1401 2793 Edd.
1641 2769 1693 2793 12.
1718 2758 1788 2793 ἰ’δεν
1807 2760 1848 2795 C.

278 2811 328 2845 17.
355 2802 431 2847 μέν]
455 2807 491 2842 4—
512 2805 613 2845 μόνον
633 2803 723 2838 Edd.
743 2804 852 2838 invito
871 2804 912 2840 C.
1112 2816 1166 2839 20.
1192 2806 1402 2849 κατεπίμπρα
1422 2804 1461 2839 C.
1483 2804 1720 2850 [κατεπὴμπρα
1739 2806 1845 2852 Cod.]

273 2847 497 2892 κατενέπρησε
518 2849 608 2884 Edd.
1058 2864 1112 2887 22.
1138 2852 1414 2897 κατεπίμπρασαν
1433 2851 1473 2885 C.
1494 2851 1718 2897 [κατεπὴμπρ.
1738 2852 1845 2900 Cod.]

273 2896 521 2939 κατενέπρησιιν
539 2896 630 2930 Edd.
696 2898 1049 2941 συγκατιιδειώσαντες
1068 2899 1109 2933 C.
1453 2909 1507 2942 23-
1534 2899 1637 2932 ταύτὰ
1657 2899 1747 2934 Edd.
1766 2907 1847 2935 ante

275 2939 418 3020 Mignel..
629 2954 683 2985 24.
711 2945 769 2978 οὐκ
786 2952 1007 2989 assumptum
1027 2958 1065 2980 ex
1087 2945 1127 2980 C.
1364 2944 1417 2979 26.
1443 2946 1736 2990 παραλειφθείσης
1755 2946 1846 2982 Edd-

273 2994 351 3020 ante
371 2996 395 3020 ι’
412 2999 500 3031 lgne.
