<?xml version="1.0" encoding="UTF-8"?>
<!DOCTYPE html PUBLIC "-//W3C//DTD XHTML 1.0 Transitional//EN"
    "http://www.w3.org/TR/xhtml1/DTD/xhtml1-transitional.dtd">
<html xmlns="http://www.w3.org/1999/xhtml" xml:lang="en" lang="en">
 <head>
  <title>
</title>
<meta http-equiv="Content-Type" content="text/html;charset=utf-8" />
  <meta name='ocr-system' content='tesseract 3.04.00' />
  <meta name='ocr-capabilities' content='ocr_page ocr_carea ocr_par ocr_line ocrx_word'/>
</head>
<body>
  <div class='ocr_page' id='page_1' title='image "./operacyrilli02cyriuoft/operacyrilli02cyriuoft_0347.png"; bbox 0 0 1997 3361; ppageno 0'>
   <div class='ocr_carea' id='block_1_1' title="bbox 136 163 1713 220">
    <p class='ocr_par' dir='ltr' id='par_1_1' title="bbox 136 163 1713 220">
     <span class='ocr_line' id='line_1_1' title="bbox 136 163 1713 220; baseline -0.001 -16"><span class='ocrx_word' id='word_1_1' title='bbox 136 163 190 205; x_wconf 88' lang='lat' dir='ltr'><strong>iv.</strong></span> <span class='ocrx_word' id='word_1_2' title='bbox 211 165 249 215; x_wconf 85' lang='lat'>8,</span> <span class='ocrx_word' id='word_1_3' title='bbox 272 182 310 220; x_wconf 80' lang='lat'>9.</span> <span class='ocrx_word' id='word_1_4' title='bbox 514 168 587 209; x_wconf 93' lang='lat' dir='ltr'>IN</span> <span class='ocrx_word' id='word_1_5' title='bbox 628 168 1044 209; x_wconf 70' lang='lat' dir='ltr'><strong>ZACIIARIAM.</strong></span> <span class='ocrx_word' id='word_1_6' title='bbox 1106 166 1255 208; x_wconf 77' lang='lat' dir='ltr'><strong>TOM.</strong></span> <span class='ocrx_word' id='word_1_7' title='bbox 1295 166 1356 206; x_wconf 88' lang='grc' dir='ltr'>ΙΙ.</span> <span class='ocrx_word' id='word_1_8' title='bbox 1627 165 1713 204; x_wconf 82' lang='grc'>339</span> 
     </span>
    </p>
   </div>
   <div class='ocr_carea' id='block_1_2' title="bbox 133 274 1709 343">
    <p class='ocr_par' dir='ltr' id='par_1_2' title="bbox 133 274 1709 343">
     <span class='ocr_line' id='line_1_2' title="bbox 133 274 1709 343; baseline -0.006 -12"><span class='ocrx_word' id='word_1_9' title='bbox 133 274 352 340; x_wconf 79' lang='grc' dir='ltr'>Ἰσραὴλ,</span> <span class='ocrx_word' id='word_1_10' title='bbox 399 280 474 328; x_wconf 79' lang='grc' dir='ltr'>καὶ</span> <span class='ocrx_word' id='word_1_11' title='bbox 519 277 574 342; x_wconf 81' lang='grc' dir='ltr'>δὴ</span> <span class='ocrx_word' id='word_1_12' title='bbox 619 280 693 330; x_wconf 79' lang='grc' dir='ltr'>καὶ</span> <span class='ocrx_word' id='word_1_13' title='bbox 743 279 972 342; x_wconf 81' lang='grc' dir='ltr'>ἐπανῆκον</span> <span class='ocrx_word' id='word_1_14' title='bbox 1024 281 1084 331; x_wconf 77' lang='grc' dir='ltr'>εἷς</span> <span class='ocrx_word' id='word_1_15' title='bbox 1133 274 1460 343; x_wconf 77' lang='grc' dir='ltr'>Ἰεροσόλυμα,</span> <span class='ocrx_word' id='word_1_16' title='bbox 1506 274 1709 339; x_wconf 85' lang='grc' dir='ltr'>Δαρείου</span> 
     </span>
    </p>
   </div>
   <div class='ocr_carea' id='block_1_3' title="bbox 134 356 1933 427">
    <p class='ocr_par' dir='ltr' id='par_1_3' title="bbox 134 356 1933 427">
     <span class='ocr_line' id='line_1_3' title="bbox 255 356 1640 377; baseline 0.001 -2"><span class='ocrx_word' id='word_1_17' title='bbox 255 357 266 370; x_wconf 56' lang='lat'><strong>⁸</strong></span> <span class='ocrx_word' id='word_1_18' title='bbox 379 358 390 373; x_wconf 72' lang='lat' dir='ltr'>x</span> <span class='ocrx_word' id='word_1_19' title='bbox 643 361 652 377; x_wconf 72' lang='lat' dir='ltr'><em>e</em></span> <span class='ocrx_word' id='word_1_20' title='bbox 809 360 821 375; x_wconf 69' lang='lat' dir='ltr'><em>t</em></span> <span class='ocrx_word' id='word_1_21' title='bbox 1032 362 1042 376; x_wconf 69' lang='lat'><em>2</em></span> <span class='ocrx_word' id='word_1_22' title='bbox 1120 359 1130 373; x_wconf 68' lang='lat' dir='ltr'>x</span> <span class='ocrx_word' id='word_1_23' title='bbox 1240 359 1258 376; x_wconf 68' lang='lat' dir='ltr'>,t</span> <span class='ocrx_word' id='word_1_24' title='bbox 1285 358 1294 373; x_wconf 65' lang='grc' dir='ltr'>ν</span> <span class='ocrx_word' id='word_1_25' title='bbox 1368 358 1385 366; x_wconf 54' lang='grc' dir='ltr'>Α</span> <span class='ocrx_word' id='word_1_26' title='bbox 1631 356 1640 371; x_wconf 66' lang='grc' dir='ltr'><em>Ι</em></span> 
     </span>
     <span class='ocr_line' id='line_1_4' title="bbox 134 361 1933 427; baseline -0.001 -20"><span class='ocrx_word' id='word_1_27' title='bbox 134 364 304 408; x_wconf 90' lang='grc' dir='ltr'>λοιπον</span> <span class='ocrx_word' id='word_1_28' title='bbox 340 381 425 422; x_wconf 93' lang='grc' dir='ltr'>την</span> <span class='ocrx_word' id='word_1_29' title='bbox 457 362 714 411; x_wconf 88' lang='grc' dir='ltr'>Χαλδαιων</span> <span class='ocrx_word' id='word_1_30' title='bbox 751 362 986 414; x_wconf 90' lang='grc' dir='ltr'>διεποντος</span> <span class='ocrx_word' id='word_1_31' title='bbox 1016 383 1179 427; x_wconf 83' lang='grc' dir='ltr'>αρχην,</span> <span class='ocrx_word' id='word_1_32' title='bbox 1218 382 1283 409; x_wconf 89' lang='grc' dir='ltr'>ειτ</span> <span class='ocrx_word' id='word_1_33' title='bbox 1334 367 1413 409; x_wconf 82' lang='grc' dir='ltr'>οὑν</span> <span class='ocrx_word' id='word_1_34' title='bbox 1444 361 1707 417; x_wconf 88' lang='grc' dir='ltr'>βασιλειαν,</span> <span class='ocrx_word' id='word_1_35' title='bbox 1727 382 1749 406; x_wconf 81' lang='lat' dir='ltr'>a</span> <span class='ocrx_word' id='word_1_36' title='bbox 1778 372 1865 406; x_wconf 85' lang='lat'>689</span> <span class='ocrx_word' id='word_1_37' title='bbox 1881 371 1933 405; x_wconf 75' lang='lat' dir='ltr'>A,</span> 
     </span>
    </p>
   </div>
   <div class='ocr_carea' id='block_1_4' title="bbox 132 439 1713 589">
    <p class='ocr_par' dir='ltr' id='par_1_4' title="bbox 132 439 1713 589">
     <span class='ocr_line' id='line_1_5' title="bbox 132 439 1704 506; baseline -0.001 -17"><span class='ocrx_word' id='word_1_38' title='bbox 132 441 391 505; x_wconf 81' lang='grc' dir='ltr'>προῦτρεπε</span> <span class='ocrx_word' id='word_1_39' title='bbox 429 442 550 496; x_wconf 81' lang='grc' dir='ltr'>Θεὸς</span> <span class='ocrx_word' id='word_1_40' title='bbox 584 443 690 496; x_wconf 76' lang='grc' dir='ltr'>τοὺς</span> <span class='ocrx_word' id='word_1_41' title='bbox 718 442 1137 506; x_wconf 81' lang='grc' dir='ltr'>ὑπονοστήσαντας</span> <span class='ocrx_word' id='word_1_42' title='bbox 1161 441 1242 492; x_wconf 76' lang='grc' dir='ltr'>τὸν</span> <span class='ocrx_word' id='word_1_43' title='bbox 1270 445 1392 491; x_wconf 81' lang='grc' dir='ltr'>θεῖον</span> <span class='ocrx_word' id='word_1_44' title='bbox 1427 439 1558 491; x_wconf 73' lang='grc' dir='ltr'>εὐθὺς</span> <span class='ocrx_word' id='word_1_45' title='bbox 1591 439 1704 487; x_wconf 82' lang='grc' dir='ltr'>ἁνα-</span> 
     </span>
     <span class='ocr_line' id='line_1_6' title="bbox 134 519 1713 589; baseline 0.001 -19"><span class='ocrx_word' id='word_1_46' title='bbox 134 521 382 583; x_wconf 85' lang='grc' dir='ltr'>δείμασθαι</span> <span class='ocrx_word' id='word_1_47' title='bbox 414 524 538 586; x_wconf 83' lang='grc' dir='ltr'>ναὸν,</span> <span class='ocrx_word' id='word_1_48' title='bbox 573 525 910 585; x_wconf 79' lang='grc' dir='ltr'>βασιλεύοντος</span> <span class='ocrx_word' id='word_1_49' title='bbox 944 524 1027 587; x_wconf 72' lang='grc' dir='ltr'>μὲν</span> <span class='ocrx_word' id='word_1_50' title='bbox 1069 522 1362 589; x_wconf 75' lang='grc' dir='ltr'>Ζοροβάβελ,</span> <span class='ocrx_word' id='word_1_51' title='bbox 1400 519 1713 588; x_wconf 75' lang='grc' dir='ltr'>ἱερατεύοντος</span> 
     </span>
    </p>
   </div>
   <div class='ocr_carea' id='block_1_5' title="bbox 92 602 1714 672">
    <p class='ocr_par' dir='ltr' id='par_1_5' title="bbox 92 602 1714 672">
     <span class='ocr_line' id='line_1_7' title="bbox 92 602 1714 672; baseline -0.004 -14"><span class='ocrx_word' id='word_1_52' title='bbox 92 602 283 667; x_wconf 82' lang='grc' dir='ltr'>5γεμὴν</span> <span class='ocrx_word' id='word_1_53' title='bbox 327 608 486 669; x_wconf 89' lang='grc' dir='ltr'>Ἰησοῦ</span> <span class='ocrx_word' id='word_1_54' title='bbox 527 612 608 658; x_wconf 91' lang='grc' dir='ltr'>τοῦ</span> <span class='ocrx_word' id='word_1_55' title='bbox 648 606 864 658; x_wconf 76' lang='grc' dir='ltr'>Ἰωσεδὲκ</span> <span class='ocrx_word' id='word_1_56' title='bbox 907 613 989 657; x_wconf 90' lang='grc' dir='ltr'>τοῦ</span> <span class='ocrx_word' id='word_1_57' title='bbox 1032 606 1182 672; x_wconf 68' lang='grc' dir='ltr'>ἱερέως</span> <span class='ocrx_word' id='word_1_58' title='bbox 1226 611 1308 656; x_wconf 89' lang='grc' dir='ltr'>τοῦ</span> <span class='ocrx_word' id='word_1_59' title='bbox 1348 603 1574 669; x_wconf 77' lang='grc' dir='ltr'>μεγάλου.</span> <span class='ocrx_word' id='word_1_60' title='bbox 1639 604 1714 652; x_wconf 80' lang='grc' dir='ltr'>καὶ</span> 
     </span>
    </p>
   </div>
   <div class='ocr_carea' id='block_1_6' title="bbox 135 685 1776 755">
    <p class='ocr_par' dir='ltr' id='par_1_6' title="bbox 135 685 1776 755">
     <span class='ocr_line' id='line_1_8' title="bbox 135 685 1776 755; baseline -0.001 -19"><span class='ocrx_word' id='word_1_61' title='bbox 135 685 338 749; x_wconf 81' lang='grc' dir='ltr'>ἥπτοντο</span> <span class='ocrx_word' id='word_1_62' title='bbox 371 686 455 750; x_wconf 75' lang='grc' dir='ltr'>μὲν</span> <span class='ocrx_word' id='word_1_63' title='bbox 488 692 582 739; x_wconf 79' lang='grc' dir='ltr'>τῶν</span> <span class='ocrx_word' id='word_1_64' title='bbox 622 689 783 755; x_wconf 72' lang='grc' dir='ltr'>ἔργων,</span> <span class='ocrx_word' id='word_1_65' title='bbox 824 691 898 740; x_wconf 79' lang='grc' dir='ltr'>καὶ</span> <span class='ocrx_word' id='word_1_66' title='bbox 938 688 994 752; x_wconf 83' lang='grc' dir='ltr'>δὴ</span> <span class='ocrx_word' id='word_1_67' title='bbox 1036 690 1111 739; x_wconf 78' lang='grc' dir='ltr'>καὶ</span> <span class='ocrx_word' id='word_1_68' title='bbox 1148 689 1196 738; x_wconf 81' lang='grc' dir='ltr'>ἐν</span> <span class='ocrx_word' id='word_1_69' title='bbox 1233 687 1438 753; x_wconf 78' lang='grc' dir='ltr'>πρώταις</span> <span class='ocrx_word' id='word_1_70' title='bbox 1477 685 1714 750; x_wconf 82' lang='grc' dir='ltr'>κρηπίδων</span> <span class='ocrx_word' id='word_1_71' title='bbox 1771 749 1776 752; x_wconf 23' lang='lat'><strong>¹</strong></span> 
     </span>
    </p>
   </div>
   <div class='ocr_carea' id='block_1_7' title="bbox 70 767 1716 1084">
    <p class='ocr_par' dir='ltr' id='par_1_7' title="bbox 134 767 1715 838">
     <span class='ocr_line' id='line_1_9' title="bbox 134 767 1715 838; baseline -0.001 -20"><span class='ocrx_word' id='word_1_72' title='bbox 134 773 422 829; x_wconf 83' lang='grc' dir='ltr'>καταβολαῖς</span> <span class='ocrx_word' id='word_1_73' title='bbox 447 768 501 821; x_wconf 79' lang='grc' dir='ltr'>τὸ</span> <span class='ocrx_word' id='word_1_74' title='bbox 527 770 663 836; x_wconf 78' lang='grc' dir='ltr'>ἔργον</span> <span class='ocrx_word' id='word_1_75' title='bbox 692 770 761 835; x_wconf 78' lang='grc' dir='ltr'>ἦν·</span> <span class='ocrx_word' id='word_1_76' title='bbox 799 770 912 836; x_wconf 79' lang='grc' dir='ltr'>ἦρτο</span> <span class='ocrx_word' id='word_1_77' title='bbox 943 770 990 821; x_wconf 78' lang='grc' dir='ltr'>δὲ</span> <span class='ocrx_word' id='word_1_78' title='bbox 1023 773 1097 821; x_wconf 78' lang='grc' dir='ltr'>καὶ</span> <span class='ocrx_word' id='word_1_79' title='bbox 1131 772 1257 838; x_wconf 76' lang='grc' dir='ltr'>ὑψοῦ</span> <span class='ocrx_word' id='word_1_80' title='bbox 1282 768 1341 820; x_wconf 79' lang='grc' dir='ltr'>τὰ</span> <span class='ocrx_word' id='word_1_81' title='bbox 1375 769 1505 835; x_wconf 84' lang='grc' dir='ltr'>τείχη</span> <span class='ocrx_word' id='word_1_82' title='bbox 1531 767 1715 828; x_wconf 84' lang='grc' dir='ltr'>λοιπὸν,</span> 
     </span>
    </p>

    <p class='ocr_par' dir='ltr' id='par_1_8' title="bbox 135 847 1716 920">
     <span class='ocr_line' id='line_1_10' title="bbox 135 847 1716 920; baseline 0 -21"><span class='ocrx_word' id='word_1_83' title='bbox 135 847 233 900; x_wconf 78' lang='grc' dir='ltr'>εἶτα</span> <span class='ocrx_word' id='word_1_84' title='bbox 268 850 445 920; x_wconf 76' lang='grc' dir='ltr'>μεταξὺ</span> <span class='ocrx_word' id='word_1_85' title='bbox 481 853 759 904; x_wconf 87' lang='grc' dir='ltr'>κωλυόντων</span> <span class='ocrx_word' id='word_1_86' title='bbox 797 857 936 904; x_wconf 83' lang='grc' dir='ltr'>τινῶν</span> <span class='ocrx_word' id='word_1_87' title='bbox 979 855 1054 903; x_wconf 81' lang='grc' dir='ltr'>καὶ</span> <span class='ocrx_word' id='word_1_88' title='bbox 1096 851 1312 915; x_wconf 82' lang='grc' dir='ltr'>ἐμποδὼν</span> <span class='ocrx_word' id='word_1_89' title='bbox 1349 849 1597 917; x_wconf 81' lang='grc' dir='ltr'>γεγονότος</span> <span class='ocrx_word' id='word_1_90' title='bbox 1631 854 1716 900; x_wconf 90' lang='grc' dir='ltr'>τοῦ</span> 
     </span>
    </p>

    <p class='ocr_par' dir='ltr' id='par_1_9' title="bbox 70 931 1710 1084">
     <span class='ocr_line' id='line_1_11' title="bbox 135 931 1710 1001; baseline 0 -19"><span class='ocrx_word' id='word_1_91' title='bbox 135 931 316 999; x_wconf 86' lang='grc' dir='ltr'>φθόνου</span> <span class='ocrx_word' id='word_1_92' title='bbox 340 939 433 985; x_wconf 85' lang='grc' dir='ltr'>τῶν</span> <span class='ocrx_word' id='word_1_93' title='bbox 456 936 698 1001; x_wconf 86' lang='grc' dir='ltr'>περιοίκων</span> <span class='ocrx_word' id='word_1_94' title='bbox 724 938 882 997; x_wconf 84' lang='grc' dir='ltr'>ἐθνῶν,</span> <span class='ocrx_word' id='word_1_95' title='bbox 910 935 1080 1001; x_wconf 79' lang='grc' dir='ltr'>γε’γονέ</span> <span class='ocrx_word' id='word_1_96' title='bbox 1108 957 1176 988; x_wconf 91' lang='grc' dir='ltr'>τις</span> <span class='ocrx_word' id='word_1_97' title='bbox 1213 933 1426 1001; x_wconf 81' lang='grc' dir='ltr'>ἀνοκωχὴ</span> <span class='ocrx_word' id='word_1_98' title='bbox 1454 934 1529 983; x_wconf 81' lang='grc' dir='ltr'>καὶ</span> <span class='ocrx_word' id='word_1_99' title='bbox 1555 954 1710 983; x_wconf 89' lang='grc' dir='ltr'>σπου-</span> 
     </span>
     <span class='ocr_line' id='line_1_12' title="bbox 70 1014 1214 1084; baseline 0.002 -19"><span class='ocrx_word' id='word_1_100' title='bbox 70 1040 117 1065; x_wconf 94' lang='lat'>10</span> <span class='ocrx_word' id='word_1_101' title='bbox 135 1014 392 1078; x_wconf 86' lang='grc' dir='ltr'>δασμάτων</span> <span class='ocrx_word' id='word_1_102' title='bbox 416 1021 510 1067; x_wconf 83' lang='grc' dir='ltr'>τῶν</span> <span class='ocrx_word' id='word_1_103' title='bbox 536 1019 609 1069; x_wconf 82' lang='grc' dir='ltr'>ἐπὶ</span> <span class='ocrx_word' id='word_1_104' title='bbox 635 1023 731 1072; x_wconf 81' lang='grc' dir='ltr'>τοῖς</span> <span class='ocrx_word' id='word_1_105' title='bbox 755 1017 906 1084; x_wconf 69' lang='grc' dir='ltr'>ἔργοις</span> <span class='ocrx_word' id='word_1_106' title='bbox 932 1019 1214 1081; x_wconf 82' lang='grc' dir='ltr'>ἀνάβλησις.</span> 
     </span>
    </p>
   </div>
   <div class='ocr_carea' id='block_1_8' title="bbox 207 1097 1759 1163">
    <p class='ocr_par' dir='ltr' id='par_1_10' title="bbox 207 1097 1759 1163">
     <span class='ocr_line' id='line_1_13' title="bbox 207 1097 1759 1163; baseline 0.001 -16"><span class='ocrx_word' id='word_1_107' title='bbox 207 1097 423 1152; x_wconf 77' lang='grc' dir='ltr'>Ἀνέντος</span> <span class='ocrx_word' id='word_1_108' title='bbox 461 1098 510 1150; x_wconf 79' lang='grc' dir='ltr'>δὲ</span> <span class='ocrx_word' id='word_1_109' title='bbox 542 1098 690 1150; x_wconf 83' lang='grc' dir='ltr'>πάλιν</span> <span class='ocrx_word' id='word_1_110' title='bbox 728 1100 881 1153; x_wconf 82' lang='grc' dir='ltr'>αὐτοῖς</span> <span class='ocrx_word' id='word_1_111' title='bbox 913 1104 996 1151; x_wconf 90' lang='grc' dir='ltr'>τοῦ</span> <span class='ocrx_word' id='word_1_112' title='bbox 1022 1102 1146 1150; x_wconf 80' lang='grc' dir='ltr'>Θεοῦ</span> <span class='ocrx_word' id='word_1_113' title='bbox 1181 1097 1236 1149; x_wconf 80' lang='grc' dir='ltr'>τὸ</span> <span class='ocrx_word' id='word_1_114' title='bbox 1272 1097 1503 1149; x_wconf 86' lang='grc' dir='ltr'>δύνασθαι</span> <span class='ocrx_word' id='word_1_115' title='bbox 1537 1119 1710 1163; x_wconf 91' lang='grc' dir='ltr'>κατορ-</span> <span class='ocrx_word' id='word_1_116' title='bbox 1731 1108 1759 1148; x_wconf 89' lang='lat' dir='ltr'>b</span> 
     </span>
    </p>
   </div>
   <div class='ocr_carea' id='block_1_9' title="bbox 71 1178 1716 1826">
    <p class='ocr_par' dir='ltr' id='par_1_11' title="bbox 71 1178 1716 1826">
     <span class='ocr_line' id='line_1_14' title="bbox 135 1178 1712 1246; baseline 0.002 -17"><span class='ocrx_word' id='word_1_117' title='bbox 135 1181 262 1242; x_wconf 84' lang='grc' dir='ltr'>θοῦν,</span> <span class='ocrx_word' id='word_1_118' title='bbox 310 1182 597 1232; x_wconf 88' lang='grc' dir='ltr'>τετελείωται</span> <span class='ocrx_word' id='word_1_119' title='bbox 638 1181 777 1245; x_wconf 89' lang='grc' dir='ltr'>μόλις</span> <span class='ocrx_word' id='word_1_120' title='bbox 814 1183 839 1232; x_wconf 85' lang='grc' dir='ltr'>ὁ</span> <span class='ocrx_word' id='word_1_121' title='bbox 884 1180 1014 1244; x_wconf 82' lang='grc' dir='ltr'>νεὼς,</span> <span class='ocrx_word' id='word_1_122' title='bbox 1055 1182 1216 1245; x_wconf 90' lang='grc' dir='ltr'>Ἰησοῦ</span> <span class='ocrx_word' id='word_1_123' title='bbox 1254 1178 1340 1244; x_wconf 78' lang='grc' dir='ltr'>μὲν</span> <span class='ocrx_word' id='word_1_124' title='bbox 1386 1178 1712 1246; x_wconf 82' lang='grc' dir='ltr'>ἱερατεύοντος,</span> 
     </span>
     <span class='ocr_line' id='line_1_15' title="bbox 138 1261 1715 1331; baseline -0.002 -18"><span class='ocrx_word' id='word_1_125' title='bbox 138 1261 421 1327; x_wconf 77' lang='grc' dir='ltr'>Ζοροβάβελ</span> <span class='ocrx_word' id='word_1_126' title='bbox 459 1262 606 1329; x_wconf 84' lang='grc' dir='ltr'>γεμὴν</span> <span class='ocrx_word' id='word_1_127' title='bbox 642 1261 955 1331; x_wconf 83' lang='grc' dir='ltr'>ἐφεστηκότος</span> <span class='ocrx_word' id='word_1_128' title='bbox 989 1264 1064 1313; x_wconf 81' lang='grc' dir='ltr'>καὶ</span> <span class='ocrx_word' id='word_1_129' title='bbox 1102 1262 1457 1323; x_wconf 84' lang='grc' dir='ltr'>βασιλεύοντος.</span> <span class='ocrx_word' id='word_1_130' title='bbox 1527 1261 1637 1311; x_wconf 80' lang='grc' dir='ltr'>ἀλλ’</span> <span class='ocrx_word' id='word_1_131' title='bbox 1667 1262 1715 1311; x_wconf 86' lang='grc' dir='ltr'>ἐν</span> 
     </span>
     <span class='ocr_line' id='line_1_16' title="bbox 136 1342 1715 1411; baseline -0.001 -17"><span class='ocrx_word' id='word_1_132' title='bbox 136 1344 316 1398; x_wconf 87' lang='grc' dir='ltr'>τούτοις</span> <span class='ocrx_word' id='word_1_133' title='bbox 352 1343 438 1409; x_wconf 77' lang='grc' dir='ltr'>μὲν</span> <span class='ocrx_word' id='word_1_134' title='bbox 476 1346 500 1395; x_wconf 83' lang='grc' dir='ltr'>ὁ</span> <span class='ocrx_word' id='word_1_135' title='bbox 531 1348 613 1409; x_wconf 85' lang='grc' dir='ltr'>τῆς</span> <span class='ocrx_word' id='word_1_136' title='bbox 651 1345 858 1411; x_wconf 81' lang='grc' dir='ltr'>ἱστορίας</span> <span class='ocrx_word' id='word_1_137' title='bbox 898 1343 1292 1410; x_wconf 78' lang='grc' dir='ltr'>συμπεπέρασται</span> <span class='ocrx_word' id='word_1_138' title='bbox 1333 1342 1492 1408; x_wconf 89' lang='grc' dir='ltr'>λόγος.</span> <span class='ocrx_word' id='word_1_139' title='bbox 1560 1342 1715 1406; x_wconf 86' lang='grc' dir='ltr'>ἐπειδὴ</span> 
     </span>
     <span class='ocr_line' id='line_1_17' title="bbox 71 1424 1716 1493; baseline 0.002 -18"><span class='ocrx_word' id='word_1_140' title='bbox 71 1448 117 1487; x_wconf 86' lang='lat'>15</span> <span class='ocrx_word' id='word_1_141' title='bbox 138 1425 185 1476; x_wconf 80' lang='grc' dir='ltr'>δὲ</span> <span class='ocrx_word' id='word_1_142' title='bbox 223 1428 298 1477; x_wconf 82' lang='grc' dir='ltr'>καὶ</span> <span class='ocrx_word' id='word_1_143' title='bbox 336 1430 398 1480; x_wconf 80' lang='grc' dir='ltr'>εἰς</span> <span class='ocrx_word' id='word_1_144' title='bbox 434 1425 582 1478; x_wconf 86' lang='grc' dir='ltr'>τύπον</span> <span class='ocrx_word' id='word_1_145' title='bbox 616 1430 831 1493; x_wconf 88' lang='grc' dir='ltr'>Χριστοῦ</span> <span class='ocrx_word' id='word_1_146' title='bbox 864 1427 1179 1493; x_wconf 86' lang='grc' dir='ltr'>παρείληπται</span> <span class='ocrx_word' id='word_1_147' title='bbox 1203 1424 1323 1493; x_wconf 79' lang='grc' dir='ltr'>πρὸς</span> <span class='ocrx_word' id='word_1_148' title='bbox 1348 1426 1479 1490; x_wconf 80' lang='grc' dir='ltr'>ἡμῶν</span> <span class='ocrx_word' id='word_1_149' title='bbox 1506 1425 1530 1475; x_wconf 84' lang='grc' dir='ltr'>ὁ</span> <span class='ocrx_word' id='word_1_150' title='bbox 1556 1426 1606 1475; x_wconf 90' lang='grc' dir='ltr'>ἐκ</span> <span class='ocrx_word' id='word_1_151' title='bbox 1632 1427 1716 1488; x_wconf 82' lang='grc' dir='ltr'>τῆς</span> 
     </span>
     <span class='ocr_line' id='line_1_18' title="bbox 134 1509 1716 1581; baseline -0.001 -20"><span class='ocrx_word' id='word_1_152' title='bbox 134 1510 289 1562; x_wconf 89' lang='grc' dir='ltr'>Ἰούδα</span> <span class='ocrx_word' id='word_1_153' title='bbox 315 1514 471 1580; x_wconf 85' lang='grc' dir='ltr'>φυλῆς</span> <span class='ocrx_word' id='word_1_154' title='bbox 499 1509 793 1578; x_wconf 76' lang='grc' dir='ltr'>Ζοροβάβελ,</span> <span class='ocrx_word' id='word_1_155' title='bbox 822 1511 933 1581; x_wconf 81' lang='grc' dir='ltr'>φέρε</span> <span class='ocrx_word' id='word_1_156' title='bbox 960 1511 1016 1576; x_wconf 87' lang='grc' dir='ltr'>δὴ</span> <span class='ocrx_word' id='word_1_157' title='bbox 1043 1511 1254 1578; x_wconf 84' lang='grc' dir='ltr'>λε’γωμεν</span> <span class='ocrx_word' id='word_1_158' title='bbox 1278 1510 1403 1565; x_wconf 80' lang='grc' dir='ltr'>ὅπως</span> <span class='ocrx_word' id='word_1_159' title='bbox 1431 1533 1481 1561; x_wconf 90' lang='grc' dir='ltr'>τε</span> <span class='ocrx_word' id='word_1_160' title='bbox 1512 1511 1587 1561; x_wconf 83' lang='grc' dir='ltr'>καὶ</span> <span class='ocrx_word' id='word_1_161' title='bbox 1613 1510 1716 1560; x_wconf 85' lang='grc' dir='ltr'>τίνα</span> 
     </span>
     <span class='ocr_line' id='line_1_19' title="bbox 135 1591 1716 1662; baseline -0.001 -18"><span class='ocrx_word' id='word_1_162' title='bbox 135 1592 311 1660; x_wconf 89' lang='grc' dir='ltr'>τρόπον</span> <span class='ocrx_word' id='word_1_163' title='bbox 348 1593 525 1662; x_wconf 74' lang='grc' dir='ltr'>ἤρξατο</span> <span class='ocrx_word' id='word_1_164' title='bbox 558 1593 642 1658; x_wconf 77' lang='grc' dir='ltr'>μὲν</span> <span class='ocrx_word' id='word_1_165' title='bbox 681 1593 819 1648; x_wconf 78' lang='grc' dir='ltr'>αὐτὸς</span> <span class='ocrx_word' id='word_1_166' title='bbox 857 1596 1115 1657; x_wconf 76' lang='grc' dir='ltr'>οἰκοδομεῖν</span> <span class='ocrx_word' id='word_1_167' title='bbox 1139 1593 1222 1644; x_wconf 84' lang='grc' dir='ltr'>τὸν</span> <span class='ocrx_word' id='word_1_168' title='bbox 1254 1591 1380 1644; x_wconf 78' lang='grc' dir='ltr'>οἶκον</span> <span class='ocrx_word' id='word_1_169' title='bbox 1409 1592 1602 1658; x_wconf 85' lang='grc' dir='ltr'>Κυρίου·</span> <span class='ocrx_word' id='word_1_170' title='bbox 1642 1613 1716 1642; x_wconf 88' lang='grc' dir='ltr'>τε-</span> 
     </span>
     <span class='ocr_line' id='line_1_20' title="bbox 135 1672 1715 1741; baseline -0.003 -14"><span class='ocrx_word' id='word_1_171' title='bbox 135 1677 349 1728; x_wconf 86' lang='grc' dir='ltr'>τελείωκε</span> <span class='ocrx_word' id='word_1_172' title='bbox 385 1675 433 1728; x_wconf 80' lang='grc' dir='ltr'>δὲ</span> <span class='ocrx_word' id='word_1_173' title='bbox 475 1677 533 1727; x_wconf 79' lang='grc' dir='ltr'>αὖ</span> <span class='ocrx_word' id='word_1_174' title='bbox 571 1680 746 1741; x_wconf 81' lang='grc' dir='ltr'>νοητῶς</span> <span class='ocrx_word' id='word_1_175' title='bbox 783 1699 832 1727; x_wconf 88' lang='grc' dir='ltr'>τε</span> <span class='ocrx_word' id='word_1_176' title='bbox 870 1677 946 1727; x_wconf 75' lang='grc' dir='ltr'>καὶ</span> <span class='ocrx_word' id='word_1_177' title='bbox 979 1680 1315 1740; x_wconf 83' lang='grc' dir='ltr'>πνευματικῶς.</span> <span class='ocrx_word' id='word_1_178' title='bbox 1383 1672 1715 1738; x_wconf 86' lang='grc' dir='ltr'>κατεστήσατο</span> 
     </span>
     <span class='ocr_line' id='line_1_21' title="bbox 137 1755 1712 1826; baseline -0.002 -17"><span class='ocrx_word' id='word_1_179' title='bbox 137 1757 220 1822; x_wconf 79' lang='grc' dir='ltr'>μὲν</span> <span class='ocrx_word' id='word_1_180' title='bbox 257 1758 351 1825; x_wconf 79' lang='grc' dir='ltr'>γὰρ</span> <span class='ocrx_word' id='word_1_181' title='bbox 389 1760 437 1809; x_wconf 88' lang='grc' dir='ltr'>ἐν</span> <span class='ocrx_word' id='word_1_182' title='bbox 474 1760 638 1826; x_wconf 83' lang='grc' dir='ltr'>ἀρχαῖς</span> <span class='ocrx_word' id='word_1_183' title='bbox 676 1756 802 1809; x_wconf 76' lang='grc' dir='ltr'>οἶκον</span> <span class='ocrx_word' id='word_1_184' title='bbox 840 1755 1003 1824; x_wconf 79' lang='grc' dir='ltr'>ὥσπερ</span> <span class='ocrx_word' id='word_1_185' title='bbox 1037 1756 1141 1809; x_wconf 78' lang='grc' dir='ltr'>τινὰ</span> <span class='ocrx_word' id='word_1_186' title='bbox 1184 1759 1259 1808; x_wconf 83' lang='grc' dir='ltr'>καὶ</span> <span class='ocrx_word' id='word_1_187' title='bbox 1301 1757 1566 1819; x_wconf 85' lang='grc' dir='ltr'>ἐναύλισμα</span> <span class='ocrx_word' id='word_1_188' title='bbox 1604 1760 1712 1807; x_wconf 91' lang='grc' dir='ltr'>θεο-</span> 
     </span>
    </p>
   </div>
   <div class='ocr_carea' id='block_1_10' title="bbox 71 1840 1755 1911">
    <p class='ocr_par' dir='ltr' id='par_1_12' title="bbox 71 1840 1755 1911">
     <span class='ocr_line' id='line_1_22' title="bbox 71 1840 1755 1911; baseline -0.001 -20"><span class='ocrx_word' id='word_1_189' title='bbox 71 1865 121 1891; x_wconf 85' lang='lat'>20</span> <span class='ocrx_word' id='word_1_190' title='bbox 138 1840 310 1906; x_wconf 80' lang='grc' dir='ltr'>πρεπὲς</span> <span class='ocrx_word' id='word_1_191' title='bbox 335 1842 459 1911; x_wconf 74' lang='grc' dir='ltr'>αὐτῷ</span> <span class='ocrx_word' id='word_1_192' title='bbox 492 1864 542 1892; x_wconf 90' lang='grc' dir='ltr'>τε</span> <span class='ocrx_word' id='word_1_193' title='bbox 581 1843 654 1892; x_wconf 81' lang='grc' dir='ltr'>καὶ</span> <span class='ocrx_word' id='word_1_194' title='bbox 693 1845 759 1910; x_wconf 73' lang='grc' dir='ltr'>τῷ</span> <span class='ocrx_word' id='word_1_195' title='bbox 787 1844 955 1908; x_wconf 80' lang='grc' dir='ltr'>Πατρὶ,</span> <span class='ocrx_word' id='word_1_196' title='bbox 983 1840 1068 1906; x_wconf 88' lang='grc' dir='ltr'>τὴν</span> <span class='ocrx_word' id='word_1_197' title='bbox 1101 1846 1196 1893; x_wconf 77' lang='grc' dir='ltr'>τῶν</span> <span class='ocrx_word' id='word_1_198' title='bbox 1219 1841 1458 1893; x_wconf 89' lang='grc' dir='ltr'>Ἰουδαίων</span> <span class='ocrx_word' id='word_1_199' title='bbox 1485 1844 1709 1906; x_wconf 88' lang='grc' dir='ltr'>Συναγω-</span> <span class='ocrx_word' id='word_1_200' title='bbox 1734 1858 1755 1884; x_wconf 83' lang='lat'><em>0</em></span> 
     </span>
    </p>
   </div>
   <div class='ocr_carea' id='block_1_11' title="bbox 72 1922 1718 2484">
    <p class='ocr_par' dir='ltr' id='par_1_13' title="bbox 72 1922 1718 2484">
     <span class='ocr_line' id='line_1_23' title="bbox 139 1922 1716 1992; baseline 0.001 -17"><span class='ocrx_word' id='word_1_201' title='bbox 139 1922 243 1990; x_wconf 89' lang='grc' dir='ltr'>γήν.</span> <span class='ocrx_word' id='word_1_202' title='bbox 289 1925 408 1974; x_wconf 78' lang='grc' dir='ltr'>οὕτω</span> <span class='ocrx_word' id='word_1_203' title='bbox 434 1922 527 1990; x_wconf 81' lang='grc' dir='ltr'>γὰρ</span> <span class='ocrx_word' id='word_1_204' title='bbox 553 1922 697 1988; x_wconf 82' lang='grc' dir='ltr'>αὐτὴν</span> <span class='ocrx_word' id='word_1_205' title='bbox 732 1923 949 1989; x_wconf 74' lang='grc' dir='ltr'>ὠνόμαζε,</span> <span class='ocrx_word' id='word_1_206' title='bbox 977 1923 1052 1975; x_wconf 81' lang='grc' dir='ltr'>διὰ</span> <span class='ocrx_word' id='word_1_207' title='bbox 1075 1930 1158 1975; x_wconf 88' lang='grc' dir='ltr'>τοῦ</span> <span class='ocrx_word' id='word_1_208' title='bbox 1183 1924 1439 1992; x_wconf 83' lang='grc' dir='ltr'>πανσόφου</span> <span class='ocrx_word' id='word_1_209' title='bbox 1470 1922 1716 1976; x_wconf 81' lang='grc' dir='ltr'>Μωυσέως</span> 
     </span>
     <span class='ocr_line' id='line_1_24' title="bbox 139 2004 1717 2075; baseline -0.001 -19"><span class='ocrx_word' id='word_1_210' title='bbox 139 2005 281 2056; x_wconf 80' lang='grc' dir='ltr'>εἰπών</span> <span class='ocrx_word' id='word_1_211' title='bbox 325 2012 351 2035; x_wconf 80' lang='grc'><strong><em>“</em></strong></span> <span class='ocrx_word' id='word_1_212' title='bbox 375 2004 492 2056; x_wconf 78' lang='grc' dir='ltr'>Ἐὰν</span> <span class='ocrx_word' id='word_1_213' title='bbox 531 2005 718 2071; x_wconf 77' lang='grc' dir='ltr'>γε’νηται</span> <span class='ocrx_word' id='word_1_214' title='bbox 755 2004 1002 2074; x_wconf 85' lang='grc' dir='ltr'>προφήτης</span> <span class='ocrx_word' id='word_1_215' title='bbox 1041 2007 1169 2069; x_wconf 82' lang='grc' dir='ltr'>ὑμῶν</span> <span class='ocrx_word' id='word_1_216' title='bbox 1213 2006 1387 2075; x_wconf 74' lang='grc' dir='ltr'>Κυρίῳ,</span> <span class='ocrx_word' id='word_1_217' title='bbox 1431 2006 1479 2056; x_wconf 84' lang='grc' dir='ltr'>ἐν</span> <span class='ocrx_word' id='word_1_218' title='bbox 1518 2004 1717 2071; x_wconf 76' lang='grc' dir='ltr'>ὁράματι</span> 
     </span>
     <span class='ocr_line' id='line_1_25' title="bbox 139 2086 1718 2157; baseline 0.001 -19"><span class='ocrx_word' id='word_1_219' title='bbox 139 2094 167 2117; x_wconf 86' lang='grc'><strong>“</strong></span> <span class='ocrx_word' id='word_1_220' title='bbox 192 2088 316 2157; x_wconf 72' lang='grc' dir='ltr'>αὐτῷ</span> <span class='ocrx_word' id='word_1_221' title='bbox 341 2087 702 2152; x_wconf 85' lang='grc' dir='ltr'>γνωσθήσομαι,</span> <span class='ocrx_word' id='word_1_222' title='bbox 732 2089 807 2138; x_wconf 81' lang='grc' dir='ltr'>καὶ</span> <span class='ocrx_word' id='word_1_223' title='bbox 833 2089 881 2138; x_wconf 87' lang='grc' dir='ltr'>ἐν</span> <span class='ocrx_word' id='word_1_224' title='bbox 908 2088 1036 2157; x_wconf 76' lang='grc' dir='ltr'>ὕπνῳ</span> <span class='ocrx_word' id='word_1_225' title='bbox 1059 2086 1264 2152; x_wconf 85' lang='grc' dir='ltr'>λαλήσω</span> <span class='ocrx_word' id='word_1_226' title='bbox 1292 2088 1430 2156; x_wconf 74' lang='grc' dir='ltr'>αὐτῷ,</span> <span class='ocrx_word' id='word_1_227' title='bbox 1460 2088 1547 2155; x_wconf 83' lang='grc' dir='ltr'>οὐχ</span> <span class='ocrx_word' id='word_1_228' title='bbox 1572 2088 1718 2140; x_wconf 78' lang='grc' dir='ltr'>οὕτως</span> 
     </span>
     <span class='ocr_line' id='line_1_26' title="bbox 139 2168 1718 2239; baseline 0.001 -18"><span class='ocrx_word' id='word_1_229' title='bbox 139 2177 167 2199; x_wconf 88' lang='grc'><strong>“</strong></span> <span class='ocrx_word' id='word_1_230' title='bbox 193 2173 255 2224; x_wconf 86' lang='grc' dir='ltr'>ὡς</span> <span class='ocrx_word' id='word_1_231' title='bbox 289 2171 313 2220; x_wconf 82' lang='grc' dir='ltr'>ὁ</span> <span class='ocrx_word' id='word_1_232' title='bbox 348 2168 562 2235; x_wconf 77' lang='grc' dir='ltr'>θεράπων</span> <span class='ocrx_word' id='word_1_233' title='bbox 591 2191 681 2230; x_wconf 86' lang='grc' dir='ltr'>μου</span> <span class='ocrx_word' id='word_1_234' title='bbox 709 2171 938 2232; x_wconf 81' lang='grc' dir='ltr'>Μωυσῆς,</span> <span class='ocrx_word' id='word_1_235' title='bbox 968 2170 1014 2219; x_wconf 82' lang='grc' dir='ltr'>ἐν</span> <span class='ocrx_word' id='word_1_236' title='bbox 1050 2169 1148 2239; x_wconf 77' lang='grc' dir='ltr'>ὅλῳ</span> <span class='ocrx_word' id='word_1_237' title='bbox 1183 2173 1250 2239; x_wconf 74' lang='grc' dir='ltr'>τῷ</span> <span class='ocrx_word' id='word_1_238' title='bbox 1285 2169 1394 2239; x_wconf 76' lang='grc' dir='ltr'>οἴκῳ</span> <span class='ocrx_word' id='word_1_239' title='bbox 1425 2192 1516 2234; x_wconf 89' lang='grc' dir='ltr'>μου</span> <span class='ocrx_word' id='word_1_240' title='bbox 1547 2168 1718 2222; x_wconf 85' lang='grc' dir='ltr'>πιστός</span> 
     </span>
     <span class='ocr_line' id='line_1_27' title="bbox 72 2250 1718 2321; baseline -0.001 -18"><span class='ocrx_word' id='word_1_241' title='bbox 72 2259 167 2298; x_wconf 74' lang='lat'>25⁴⁴</span> <span class='ocrx_word' id='word_1_242' title='bbox 193 2254 335 2303; x_wconf 88' lang='grc' dir='ltr'>ἐστιν·</span> <span class='ocrx_word' id='word_1_243' title='bbox 374 2250 532 2315; x_wconf 87' lang='grc' dir='ltr'>στόμα</span> <span class='ocrx_word' id='word_1_244' title='bbox 569 2250 688 2301; x_wconf 79' lang='grc' dir='ltr'>κατὰ</span> <span class='ocrx_word' id='word_1_245' title='bbox 723 2250 881 2314; x_wconf 89' lang='grc' dir='ltr'>στόμα</span> <span class='ocrx_word' id='word_1_246' title='bbox 915 2251 1120 2316; x_wconf 90' lang='grc' dir='ltr'>λαλήσω</span> <span class='ocrx_word' id='word_1_247' title='bbox 1152 2252 1290 2321; x_wconf 74' lang='grc' dir='ltr'>αὐτῷ,</span> <span class='ocrx_word' id='word_1_248' title='bbox 1325 2252 1373 2302; x_wconf 86' lang='grc' dir='ltr'>ἐν</span> <span class='ocrx_word' id='word_1_249' title='bbox 1407 2251 1512 2302; x_wconf 79' lang='grc' dir='ltr'>ε’ίδει</span> <span class='ocrx_word' id='word_1_250' title='bbox 1551 2254 1626 2302; x_wconf 85' lang='grc' dir='ltr'>καὶ</span> <span class='ocrx_word' id='word_1_251' title='bbox 1665 2252 1718 2302; x_wconf 83' lang='grc' dir='ltr'>οὐ</span> 
     </span>
     <span class='ocr_line' id='line_1_28' title="bbox 141 2331 1717 2402; baseline 0.002 -17"><span class='ocrx_word' id='word_1_252' title='bbox 141 2341 168 2364; x_wconf 81' lang='grc'><strong>“</strong></span> <span class='ocrx_word' id='word_1_253' title='bbox 192 2335 246 2385; x_wconf 90' lang='grc' dir='ltr'>δι’</span> <span class='ocrx_word' id='word_1_254' title='bbox 275 2333 605 2399; x_wconf 81' lang='grc' dir='ltr'>αἱνιγμάτων.”</span> <span class='ocrx_word' id='word_1_255' title='bbox 664 2333 828 2383; x_wconf 82' lang='grc' dir='ltr'>οὐκοῦν</span> <span class='ocrx_word' id='word_1_256' title='bbox 866 2331 1177 2402; x_wconf 78' lang='grc' dir='ltr'>τεθεμελίωται</span> <span class='ocrx_word' id='word_1_257' title='bbox 1214 2334 1299 2397; x_wconf 74' lang='grc' dir='ltr'>μὲν</span> <span class='ocrx_word' id='word_1_258' title='bbox 1337 2332 1501 2400; x_wconf 82' lang='grc' dir='ltr'>ὥσπερ</span> <span class='ocrx_word' id='word_1_259' title='bbox 1536 2334 1561 2384; x_wconf 88' lang='grc' dir='ltr'>ὁ</span> <span class='ocrx_word' id='word_1_260' title='bbox 1603 2331 1717 2388; x_wconf 73' lang='grc' dir='ltr'>οἶκος</span> 
     </span>
     <span class='ocr_line' id='line_1_29' title="bbox 141 2413 1717 2484; baseline 0.001 -18"><span class='ocrx_word' id='word_1_261' title='bbox 141 2415 216 2467; x_wconf 82' lang='grc' dir='ltr'>διὰ</span> <span class='ocrx_word' id='word_1_262' title='bbox 253 2419 484 2482; x_wconf 85' lang='grc' dir='ltr'>Χριστοῦ·</span> <span class='ocrx_word' id='word_1_263' title='bbox 526 2414 783 2483; x_wconf 86' lang='grc' dir='ltr'>καθῄρηται</span> <span class='ocrx_word' id='word_1_264' title='bbox 820 2413 868 2465; x_wconf 82' lang='grc' dir='ltr'>δὲ</span> <span class='ocrx_word' id='word_1_265' title='bbox 905 2414 1097 2484; x_wconf 79' lang='grc' dir='ltr'>μεταξύ.</span> <span class='ocrx_word' id='word_1_266' title='bbox 1161 2417 1237 2466; x_wconf 81' lang='grc' dir='ltr'>καὶ</span> <span class='ocrx_word' id='word_1_267' title='bbox 1271 2420 1387 2481; x_wconf 91' lang='grc' dir='ltr'>γοῦν</span> <span class='ocrx_word' id='word_1_268' title='bbox 1412 2416 1437 2465; x_wconf 87' lang='grc' dir='ltr'>ὁ</span> <span class='ocrx_word' id='word_1_269' title='bbox 1468 2415 1717 2482; x_wconf 88' lang='grc' dir='ltr'>προφήτης</span> 
     </span>
    </p>
   </div>
   <div class='ocr_carea' id='block_1_12' title="bbox 140 2553 1722 2975">
    <p class='ocr_par' dir='ltr' id='par_1_14' title="bbox 140 2553 1722 2975">
     <span class='ocr_line' id='line_1_30' title="bbox 193 2553 1722 2601; baseline -0.002 -10"><span class='ocrx_word' id='word_1_270' title='bbox 193 2568 222 2592; x_wconf 88' lang='grc' dir='ltr'>Ι.</span> <span class='ocrx_word' id='word_1_271' title='bbox 241 2557 404 2601; x_wconf 81' lang='grc' dir='ltr'>ἐπανῆκον</span> <span class='ocrx_word' id='word_1_272' title='bbox 423 2555 463 2590; x_wconf 89' lang='lat' dir='ltr'>C.</span> <span class='ocrx_word' id='word_1_273' title='bbox 482 2556 602 2600; x_wconf 84' lang='grc' dir='ltr'>ἀνῆκον</span> <span class='ocrx_word' id='word_1_274' title='bbox 621 2554 713 2590; x_wconf 88' lang='lat' dir='ltr'><strong>Edd.</strong></span> <span class='ocrx_word' id='word_1_275' title='bbox 997 2566 1028 2589; x_wconf 87' lang='lat'><strong>2.</strong></span> <span class='ocrx_word' id='word_1_276' title='bbox 1056 2555 1153 2589; x_wconf 82' lang='lat' dir='ltr'>Haec</span> <span class='ocrx_word' id='word_1_277' title='bbox 1172 2553 1228 2588; x_wconf 75' lang='grc' dir='ltr'>εἴτ’</span> <span class='ocrx_word' id='word_1_278' title='bbox 1248 2554 1306 2589; x_wconf 76' lang='grc' dir='ltr'>οὖν</span> <span class='ocrx_word' id='word_1_279' title='bbox 1326 2554 1442 2600; x_wconf 73' lang='grc' dir='ltr'>[ἤτουν</span> <span class='ocrx_word' id='word_1_280' title='bbox 1462 2553 1519 2599; x_wconf 88' lang='lat' dir='ltr'><strong>C.]</strong></span> <span class='ocrx_word' id='word_1_281' title='bbox 1538 2555 1722 2595; x_wconf 81' lang='grc' dir='ltr'>βασιλείαν</span> 
     </span>
     <span class='ocr_line' id='line_1_31' title="bbox 140 2601 1719 2646; baseline -0.002 -8"><span class='ocrx_word' id='word_1_282' title='bbox 140 2610 361 2638; x_wconf 86' lang='lat' dir='ltr'><strong>accesserunt</strong></span> <span class='ocrx_word' id='word_1_283' title='bbox 377 2616 418 2638; x_wconf 84' lang='lat' dir='ltr'>ex</span> <span class='ocrx_word' id='word_1_284' title='bbox 438 2603 527 2637; x_wconf 88' lang='lat' dir='ltr'><strong>C.D.</strong></span> <span class='ocrx_word' id='word_1_285' title='bbox 755 2611 787 2645; x_wconf 87' lang='lat'><strong>5.</strong></span> <span class='ocrx_word' id='word_1_286' title='bbox 816 2602 912 2636; x_wconf 80' lang='lat' dir='ltr'>Haec</span> <span class='ocrx_word' id='word_1_287' title='bbox 930 2604 989 2635; x_wconf 80' lang='grc' dir='ltr'>τοῦ</span> <span class='ocrx_word' id='word_1_288' title='bbox 1008 2601 1120 2646; x_wconf 80' lang='grc' dir='ltr'>ἱερέως</span> <span class='ocrx_word' id='word_1_289' title='bbox 1137 2604 1196 2634; x_wconf 88' lang='grc' dir='ltr'>τοῦ</span> <span class='ocrx_word' id='word_1_290' title='bbox 1213 2603 1364 2645; x_wconf 76' lang='grc' dir='ltr'>μεγάλου</span> <span class='ocrx_word' id='word_1_291' title='bbox 1381 2608 1603 2636; x_wconf 81' lang='lat' dir='ltr'>accesserunt</span> <span class='ocrx_word' id='word_1_292' title='bbox 1620 2614 1661 2635; x_wconf 86' lang='lat' dir='ltr'>ex</span> <span class='ocrx_word' id='word_1_293' title='bbox 1678 2602 1719 2635; x_wconf 86' lang='lat' dir='ltr'><strong>C.</strong></span> 
     </span>
     <span class='ocr_line' id='line_1_32' title="bbox 141 2647 1718 2696; baseline -0.001 -11"><span class='ocrx_word' id='word_1_294' title='bbox 141 2650 173 2685; x_wconf 90' lang='lat'>6.</span> <span class='ocrx_word' id='word_1_295' title='bbox 198 2655 264 2685; x_wconf 82' lang='grc' dir='ltr'>τῶν</span> <span class='ocrx_word' id='word_1_296' title='bbox 279 2651 387 2696; x_wconf 80' lang='grc' dir='ltr'>ἔργων</span> <span class='ocrx_word' id='word_1_297' title='bbox 406 2649 446 2684; x_wconf 83' lang='lat' dir='ltr'><strong>C.</strong></span> <span class='ocrx_word' id='word_1_298' title='bbox 463 2652 523 2683; x_wconf 88' lang='grc' dir='ltr'>τοῦ</span> <span class='ocrx_word' id='word_1_299' title='bbox 540 2649 640 2694; x_wconf 76' lang='grc' dir='ltr'>ἔργου</span> <span class='ocrx_word' id='word_1_300' title='bbox 660 2647 750 2683; x_wconf 89' lang='lat' dir='ltr'><strong>Edd.</strong></span> <span class='ocrx_word' id='word_1_301' title='bbox 1055 2660 1089 2694; x_wconf 91' lang='lat'>9.</span> <span class='ocrx_word' id='word_1_302' title='bbox 1115 2648 1268 2693; x_wconf 83' lang='grc' dir='ltr'>ἀνοκωχὴ</span> <span class='ocrx_word' id='word_1_303' title='bbox 1288 2649 1432 2682; x_wconf 83' lang='lat' dir='ltr'><strong>correxi.</strong></span> <span class='ocrx_word' id='word_1_304' title='bbox 1451 2648 1605 2692; x_wconf 83' lang='grc' dir='ltr'>ἀνακωχὴ</span> <span class='ocrx_word' id='word_1_305' title='bbox 1626 2648 1718 2683; x_wconf 88' lang='lat' dir='ltr'><strong>Edd.</strong></span> 
     </span>
     <span class='ocr_line' id='line_1_33' title="bbox 144 2694 1720 2742; baseline -0.002 -11"><span class='ocrx_word' id='word_1_306' title='bbox 144 2707 197 2742; x_wconf 89' lang='lat'>15.</span> <span class='ocrx_word' id='word_1_307' title='bbox 223 2698 275 2731; x_wconf 80' lang='grc' dir='ltr'>καὶ</span> <span class='ocrx_word' id='word_1_308' title='bbox 292 2703 512 2741; x_wconf 83' lang='lat' dir='ltr'>assumptum</span> <span class='ocrx_word' id='word_1_309' title='bbox 530 2708 571 2730; x_wconf 83' lang='lat' dir='ltr'>ex</span> <span class='ocrx_word' id='word_1_310' title='bbox 590 2695 631 2730; x_wconf 88' lang='lat' dir='ltr'><strong>C.</strong></span> <span class='ocrx_word' id='word_1_311' title='bbox 679 2696 764 2739; x_wconf 84' lang='grc' dir='ltr'>πρὸς</span> <span class='ocrx_word' id='word_1_312' title='bbox 783 2695 823 2730; x_wconf 89' lang='lat' dir='ltr'>C.</span> <span class='ocrx_word' id='word_1_313' title='bbox 841 2694 918 2739; x_wconf 84' lang='grc' dir='ltr'>παρ’</span> <span class='ocrx_word' id='word_1_314' title='bbox 940 2694 1031 2728; x_wconf 86' lang='lat' dir='ltr'><strong>Edd.</strong></span> <span class='ocrx_word' id='word_1_315' title='bbox 1325 2695 1377 2729; x_wconf 80' lang='lat'><strong>18.</strong></span> <span class='ocrx_word' id='word_1_316' title='bbox 1403 2695 1439 2728; x_wconf 81' lang='grc' dir='ltr'>δέ</span> <span class='ocrx_word' id='word_1_317' title='bbox 1459 2694 1551 2728; x_wconf 89' lang='lat' dir='ltr'><strong>C.D.</strong></span> <span class='ocrx_word' id='word_1_318' title='bbox 1570 2694 1605 2728; x_wconf 85' lang='grc' dir='ltr'>δ’</span> <span class='ocrx_word' id='word_1_319' title='bbox 1630 2695 1720 2729; x_wconf 89' lang='lat' dir='ltr'><strong>Edd.</strong></span> 
     </span>
     <span class='ocr_line' id='line_1_34' title="bbox 141 2740 1720 2787; baseline -0.003 -9"><span class='ocrx_word' id='word_1_320' title='bbox 141 2748 264 2787; x_wconf 86' lang='grc' dir='ltr'>νοητῶς</span> <span class='ocrx_word' id='word_1_321' title='bbox 280 2759 316 2778; x_wconf 88' lang='grc' dir='ltr'>τε</span> <span class='ocrx_word' id='word_1_322' title='bbox 333 2744 387 2777; x_wconf 79' lang='grc' dir='ltr'>καὶ</span> <span class='ocrx_word' id='word_1_323' title='bbox 402 2745 628 2787; x_wconf 82' lang='grc' dir='ltr'>πνευματικῶς</span> <span class='ocrx_word' id='word_1_324' title='bbox 647 2742 738 2777; x_wconf 63' lang='grc'>(3.1).</span> <span class='ocrx_word' id='word_1_325' title='bbox 756 2744 773 2776; x_wconf 88' lang='grc' dir='ltr'><em>ὁ</em></span> <span class='ocrx_word' id='word_1_326' title='bbox 792 2743 906 2785; x_wconf 86' lang='grc' dir='ltr'>νοητὸς</span> <span class='ocrx_word' id='word_1_327' title='bbox 925 2742 977 2775; x_wconf 85' lang='grc' dir='ltr'>καὶ</span> <span class='ocrx_word' id='word_1_328' title='bbox 995 2742 1214 2785; x_wconf 83' lang='grc' dir='ltr'>πνευμάτικος</span> <span class='ocrx_word' id='word_1_329' title='bbox 1233 2740 1326 2775; x_wconf 87' lang='lat' dir='ltr'><strong>Edd.</strong></span> <span class='ocrx_word' id='word_1_330' title='bbox 1518 2752 1571 2785; x_wconf 89' lang='lat'><strong>19.</strong></span> <span class='ocrx_word' id='word_1_331' title='bbox 1603 2742 1720 2783; x_wconf 84' lang='grc' dir='ltr'>ὥσπερ</span> 
     </span>
     <span class='ocr_line' id='line_1_35' title="bbox 141 2787 1719 2835; baseline -0.001 -11"><span class='ocrx_word' id='word_1_332' title='bbox 141 2797 364 2835; x_wconf 85' lang='lat' dir='ltr'>assumptum</span> <span class='ocrx_word' id='word_1_333' title='bbox 382 2802 423 2824; x_wconf 86' lang='lat' dir='ltr'>ex</span> <span class='ocrx_word' id='word_1_334' title='bbox 441 2789 482 2824; x_wconf 87' lang='lat' dir='ltr'><strong>C.</strong></span> <span class='ocrx_word' id='word_1_335' title='bbox 729 2800 784 2823; x_wconf 86' lang='lat'><strong>20.</strong></span> <span class='ocrx_word' id='word_1_336' title='bbox 810 2792 875 2823; x_wconf 83' lang='grc' dir='ltr'>τῶν</span> <span class='ocrx_word' id='word_1_337' title='bbox 893 2794 1115 2832; x_wconf 81' lang='lat' dir='ltr'>assumptum</span> <span class='ocrx_word' id='word_1_338' title='bbox 1133 2800 1173 2821; x_wconf 87' lang='lat' dir='ltr'>ex</span> <span class='ocrx_word' id='word_1_339' title='bbox 1193 2787 1270 2822; x_wconf 92' lang='lat' dir='ltr'><strong>C.b.</strong></span> <span class='ocrx_word' id='word_1_340' title='bbox 1522 2799 1578 2821; x_wconf 89' lang='lat'>21.</span> <span class='ocrx_word' id='word_1_341' title='bbox 1605 2788 1658 2821; x_wconf 87' lang='grc' dir='ltr'>διὰ</span> <span class='ocrx_word' id='word_1_342' title='bbox 1678 2788 1719 2822; x_wconf 85' lang='lat' dir='ltr'><strong>C.</strong></span> 
     </span>
     <span class='ocr_line' id='line_1_36' title="bbox 141 2832 1719 2881; baseline -0.002 -10"><span class='ocrx_word' id='word_1_343' title='bbox 141 2837 218 2880; x_wconf 81' lang='grc' dir='ltr'>περὶ</span> <span class='ocrx_word' id='word_1_344' title='bbox 237 2836 329 2870; x_wconf 90' lang='lat' dir='ltr'><strong>Edd.</strong></span> <span class='ocrx_word' id='word_1_345' title='bbox 508 2847 563 2871; x_wconf 87' lang='lat'>22.</span> <span class='ocrx_word' id='word_1_346' title='bbox 588 2835 783 2881; x_wconf 80' lang='grc' dir='ltr'>προφήτης]</span> <span class='ocrx_word' id='word_1_347' title='bbox 808 2840 844 2876; x_wconf 76' lang='grc' dir='ltr'>-Ι-</span> <span class='ocrx_word' id='word_1_348' title='bbox 866 2836 903 2878; x_wconf 81' lang='grc' dir='ltr'>ἐξ</span> <span class='ocrx_word' id='word_1_349' title='bbox 922 2834 1013 2868; x_wconf 88' lang='lat' dir='ltr'><strong>Edd.</strong></span> <span class='ocrx_word' id='word_1_350' title='bbox 1032 2835 1139 2868; x_wconf 86' lang='lat' dir='ltr'>invito</span> <span class='ocrx_word' id='word_1_351' title='bbox 1159 2834 1200 2868; x_wconf 87' lang='lat' dir='ltr'><strong>C.</strong></span> <span class='ocrx_word' id='word_1_352' title='bbox 1245 2834 1302 2869; x_wconf 87' lang='lat' dir='ltr'>Cf.</span> <span class='ocrx_word' id='word_1_353' title='bbox 1322 2832 1448 2879; x_wconf 87' lang='lat' dir='ltr'><strong>Glaph.</strong></span> <span class='ocrx_word' id='word_1_354' title='bbox 1465 2835 1532 2879; x_wconf 81' lang='lat'>378</span> <span class='ocrx_word' id='word_1_355' title='bbox 1554 2846 1583 2867; x_wconf 91' lang='lat' dir='ltr'><strong>c.</strong></span> <span class='ocrx_word' id='word_1_356' title='bbox 1602 2835 1670 2879; x_wconf 81' lang='lat'>383</span> <span class='ocrx_word' id='word_1_357' title='bbox 1688 2846 1719 2868; x_wconf 85' lang='lat' dir='ltr'><strong>a.</strong></span> 
     </span>
     <span class='ocr_line' id='line_1_37' title="bbox 142 2880 1719 2928; baseline -0.002 -11"><span class='ocrx_word' id='word_1_358' title='bbox 142 2883 271 2928; x_wconf 88' lang='lat' dir='ltr'>quibus</span> <span class='ocrx_word' id='word_1_359' title='bbox 287 2883 323 2917; x_wconf 89' lang='lat' dir='ltr'>in</span> <span class='ocrx_word' id='word_1_360' title='bbox 340 2883 424 2917; x_wconf 88' lang='lat' dir='ltr'>locis</span> <span class='ocrx_word' id='word_1_361' title='bbox 441 2883 532 2927; x_wconf 84' lang='grc' dir='ltr'>ὑμῶν</span> <span class='ocrx_word' id='word_1_362' title='bbox 549 2883 678 2917; x_wconf 81' lang='lat' dir='ltr'><strong>habent</strong></span> <span class='ocrx_word' id='word_1_363' title='bbox 696 2882 766 2916; x_wconf 93' lang='lat' dir='ltr'>duo</span> <span class='ocrx_word' id='word_1_364' title='bbox 785 2881 899 2916; x_wconf 89' lang='lat' dir='ltr'><strong>Codd.</strong></span> <span class='ocrx_word' id='word_1_365' title='bbox 917 2881 953 2914; x_wconf 87' lang='lat' dir='ltr'>in</span> <span class='ocrx_word' id='word_1_366' title='bbox 973 2881 1009 2915; x_wconf 91' lang='lat' dir='ltr'>S.</span> <span class='ocrx_word' id='word_1_367' title='bbox 1028 2881 1131 2915; x_wconf 88' lang='lat' dir='ltr'><strong>Joan.</strong></span> <span class='ocrx_word' id='word_1_368' title='bbox 1150 2891 1210 2914; x_wconf 92' lang='lat'>101</span> <span class='ocrx_word' id='word_1_369' title='bbox 1232 2880 1268 2914; x_wconf 91' lang='lat' dir='ltr'><strong>b.</strong></span> <span class='ocrx_word' id='word_1_370' title='bbox 1539 2891 1593 2922; x_wconf 83' lang='lat'><strong>25.</strong></span> <span class='ocrx_word' id='word_1_371' title='bbox 1622 2881 1719 2915; x_wconf 85' lang='lat' dir='ltr'>Haec</span> 
     </span>
     <span class='ocr_line' id='line_1_38' title="bbox 144 2926 1722 2975; baseline -0.001 -11"><span class='ocrx_word' id='word_1_372' title='bbox 144 2931 255 2973; x_wconf 84' lang='grc' dir='ltr'>στόμα</span> <span class='ocrx_word' id='word_1_373' title='bbox 272 2929 604 2975; x_wconf 80' lang='grc' dir='ltr'>κατὰ-αἰνιγμάτων</span> <span class='ocrx_word' id='word_1_374' title='bbox 620 2934 840 2965; x_wconf 80' lang='lat' dir='ltr'><strong>accesserunt</strong></span> <span class='ocrx_word' id='word_1_375' title='bbox 857 2940 898 2963; x_wconf 80' lang='lat' dir='ltr'>ex</span> <span class='ocrx_word' id='word_1_376' title='bbox 917 2927 1008 2963; x_wconf 87' lang='lat' dir='ltr'><strong>C.D.</strong></span> <span class='ocrx_word' id='word_1_377' title='bbox 1025 2927 1218 2973; x_wconf 82' lang='grc' dir='ltr'>αι’νίγματος</span> <span class='ocrx_word' id='word_1_378' title='bbox 1236 2927 1277 2963; x_wconf 93' lang='lat' dir='ltr'><strong>C.</strong></span> <span class='ocrx_word' id='word_1_379' title='bbox 1382 2926 1436 2962; x_wconf 86' lang='lat'><strong>26.</strong></span> <span class='ocrx_word' id='word_1_380' title='bbox 1462 2928 1480 2962; x_wconf 89' lang='grc' dir='ltr'>ὁ</span> <span class='ocrx_word' id='word_1_381' title='bbox 1497 2934 1722 2973; x_wconf 80' lang='lat' dir='ltr'>assumptum</span> 
     </span>
    </p>
   </div>
   <div class='ocr_carea' id='block_1_13' title="bbox 144 2976 1007 3073">
    <p class='ocr_par' dir='ltr' id='par_1_15' title="bbox 144 2976 1007 3073">
     <span class='ocr_line' id='line_1_39' title="bbox 144 2976 245 3012; baseline -0.01 0"><span class='ocrx_word' id='word_1_382' title='bbox 144 2976 245 3012; x_wconf 82' lang='lat' dir='ltr'><strong>exC.</strong></span> 
     </span>
     <span class='ocr_line' id='line_1_40' title="bbox 886 3045 1007 3073; baseline 0.008 -1"><span class='ocrx_word' id='word_1_383' title='bbox 886 3045 1007 3073; x_wconf 77' lang='lat' dir='ltr'>XX2</span> 
     </span>
    </p>
   </div>
   <div class='ocr_carea' id='block_1_14' title="bbox 1779 1999 1943 2031">
    <p class='ocr_par' dir='ltr' id='par_1_16' title="bbox 1779 1999 1943 2031">
     <span class='ocr_line' id='line_1_41' title="bbox 1779 1999 1943 2031; baseline 0 -1"><span class='ocrx_word' id='word_1_384' title='bbox 1779 1999 1943 2031; x_wconf 81' lang='lat' dir='ltr'><strong>Num.xii.</strong></span> 
     </span>
    </p>
   </div>
   <div class='ocr_carea' id='block_1_15' title="bbox 1779 2043 1853 2074">
    <p class='ocr_par' dir='ltr' id='par_1_17' title="bbox 1779 2043 1853 2074">
     <span class='ocr_line' id='line_1_42' title="bbox 1779 2043 1853 2074; baseline 0 0"><span class='ocrx_word' id='word_1_385' title='bbox 1779 2043 1853 2074; x_wconf 81' lang='lat'><strong>6-8.</strong></span> 
     </span>
    </p>
   </div>
  </div>
 </body>
</html>
