2053 3382
242 272 285 308 13

236 523 281 556 14

255 845 281 885 d

306 157 389 196 532
692 161 739 200 Β.
778 160 1054 200 CYRILLI
1107 161 1494 202 ALEXANDR.
1634 164 1716 203 xiv.
1742 177 1806 217 13,
1827 175 1891 213 14.

310 266 383 307 Καὶ
410 268 528 310 ἔσται
554 269 599 309 ὲν
626 273 676 326 τῇ
706 269 844 327 ἡμέρᾳ
871 270 1014 328 ἑκείνῌ
1042 271 1238 313 ἔκστασις
1268 271 1418 328 Κυρίου
1445 273 1505 313 ἐπ’
1534 272 1688 313 αὐτοὺς
1715 274 1892 321 nes-dnn·

374 350 441 390 καὶ
484 351 747 400 ἐπιλήψεται
790 353 970 393 ἕκαστος
1008 355 1085 393 τῆς
1129 354 1269 410 χειρὸς
1307 357 1380 395 τοῦ
1420 354 1601 396 πλΗσίον
1641 354 1781 405 αὐτοῦ,
1825 356 1894 395 καὶ

371 433 722 480 συμπλακήσετοιι
761 435 784 475 ἐι
825 435 913 492 χεὶρ
952 436 1082 477 αὐτοῦ
1122 436 1231 493 Πρὸς
1267 434 1386 493 χεῖρα
1419 440 1493 478 τοῦ
1532 437 1712 479 ΠλΗσίον
1748 436 1890 478 αὐτοῦ.

370 515 439 555 καὶ
476 516 498 557 ὁ
530 515 699 557 Ἰούδας
742 519 1037 574 Παρατάὲετοιι
1081 520 1125 561 ὲν
1157 520 1455 576 Ἰερουσαλήμ,
1496 520 1564 560 καὶ
1607 522 1775 562 συνάξει
1815 519 1892 560 τὴν

368 595 481 652 ἰσχὺν
520 600 694 640 Πάντων
728 600 815 641 τῶν
854 602 973 642 λαῶν
1012 603 1229 654 κυκλόθεν,
1268 602 1436 659 χρυσίον
1476 603 1544 644 καὶ
1583 603 1784 659 ἀρΓύριον
1823 617 1890 642 και

369 677 592 729 ἱματισμὸν
620 680 679 723 εἰς
706 686 872 725 Πλῆθος
899 685 1082 741 σφόδρα.

364 836 619 889 ’Ἕκα-τοισιν
654 840 703 889 ἐν
736 840 916 894 τούτοις
950 840 1033 892 τὸν
1068 841 1239 909 φόβον,
1278 842 1424 907 ἤγουν
1458 841 1543 906 τὴν
1577 840 1889 910 κατάπληξιν,

298 919 509 985 ὀνομάζει
543 920 703 973 πάλιν.
766 924 863 973 κατ’
892 924 1036 973 ἐκεῖνο
1072 922 1128 987 δὴ
1164 925 1245 974 οὖν
1285 929 1408 992 φησι
1443 929 1526 974 τοῦ
1565 929 1739 990 καιροῦ,
1778 925 1887 975 καθ’

298 997 351 1049 ὃν
386 999 443 1051 ἂν
477 1002 722 1066 ἀλλήλους
761 1004 1019 1069 ἀθρήσειαν
1057 1008 1099 1056 οἱ
1137 1008 1220 1069 τῆς
1252 1006 1546 1070 Ἐκκλησίας
1583 1007 1754 1073 ἐχθροὶ,
1787 1010 1889 1059 ταῖς

297 1082 418 1133 οὕτω
471 1085 639 1138 δειναῖς
689 1087 1039 1140 ὑποπίπτοντας
1088 1088 1248 1149 δίκαις,
1299 1088 1752 1153 καταπλαγήσονται
1802 1087 1887 1150 μὲν

295 1167 391 1216 τοῖς
419 1165 646 1229 δείμασιν,
675 1168 870 1236 ἀφέντες
902 1168 950 1219 δὲ
983 1171 1104 1220 οὕτω
1135 1169 1303 1221 λοιπὸν
1329 1170 1382 1221 τὸ
1409 1170 1587 1221 διώκειν
1614 1169 1678 1220 ε”τι
1704 1174 1887 1232 τολμᾶν

294 1244 380 1308 τὴν
420 1247 560 1311 ἁγίαν
597 1249 758 1312 πόλιν,
801 1250 1076 1318 οἰχήσονται
1121 1251 1207 1315 μὲν
1246 1251 1467 1320 φυγάδες,
1514 1251 1659 1314 μόνον
1698 1250 1746 1302 δὲ
1785 1252 1887 1319 οὐχὶ

294 1330 370 1378 καὶ
422 1332 577 1397 χείρας
627 1331 879 1400 ἁψάμενοι,
938 1335 1014 1384 καὶ
1065 1333 1150 1388 τὰς
1206 1335 1315 1400 παρ’
1366 1333 1599 1398 ἀλλήλων
1648 1333 1885 1396 ἀνονήτως

295 1407 536 1474 ζητοῦντες
573 1414 847 1479 ἐπικουρίας,
887 1417 1065 1480 οἱκτροί
1104 1438 1153 1466 τε
1191 1416 1381 1467 ἔσονται
1420 1418 1496 1467 καὶ
1533 1415 1883 1482 κατεῤῥιμμένοι

255 1494 369 1541 exa}
409 1491 499 1543 ὑπὸ
537 1493 686 1548 πόδας
725 1497 885 1561 ἁγίων.
947 1504 964 1549 ὁ
1001 1497 1056 1547 δέ
1085 1521 1139 1563 γε
1166 1494 1347 1561 Ἰούδας,
1390 1500 1527 1566 φησι,
1561 1520 1805 1548 τουτεστιν
1841 1501 1881 1548 οἱ

70 1668 119 1698 (ff.
137 1669 229 1699 Rom.

68 1712 99 1742 ii.
124 1721 171 1754 29.

68 1910 121 1940 ΡΒ.
139 1921 188 1940 xc.

72 1962 118 1992 13.

294 1572 369 1623 διὰ
406 1575 612 1630 πίστεως
646 1579 728 1640 τῆς
763 1582 824 1631 εἷς
859 1579 1075 1644 Χριστὸν
1111 1579 1451 1643 δεδικαιωμενοι
1487 1582 1562 1630 καὶ
1596 1602 1679 1630 τον
1713 1602 1882 1643 νοητον

292 1656 621 1722 περιφέροντες
647 1659 884 1722 Ἰουδαῖον,
913 1662 987 1710 καὶ
1014 1660 1098 1724 τὴν
1125 1662 1173 1710 ἐν
1204 1661 1442 1725 Πνεύματι
1469 1665 1534 1729 τῷ
1559 1661 1710 1729 Ἀγίῳ
1742 1683 1877 1725 περι-

291 1736 439 1801 τομὴν
469 1739 841 1803 πλουτήσαντες,
877 1742 1214 1811 παρατάξονται
1254 1742 1293 1793 ἓν
1319 1742 1628 1812 Ἰερουσαλὴμ,
1663 1744 1879 1794 τουτέστι

290 1820 786 1886 καταστρατεύσονται
821 1827 914 1874 τῶν
946 1825 1141 1890 ἐχθρῶν,
1175 1825 1639 1876 κατανεανιεύσονται
1673 1829 1766 1875 τῶν
1799 1827 1879 1875 ἀν-

290 1901 604 1965 θεστηκότων,
631 1910 989 1967 συμπατοῦντες
1016 1907 1078 1959 ὡς
1104 1907 1373 1972 σκορπίους,
1403 1907 1471 1957 ἐπ’
1501 1907 1683 1957 ἀσπίδα
1720 1905 1767 1956 δὲ
1803 1908 1877 1957 καὶ

288 1984 583 2041 βασιλίσκον
609 1986 939 2047 ἐπιβαίνοντες,
967 1987 1156 2041 λέοντός
1182 2011 1230 2038 τε
1266 1990 1341 2038 καὶ
1377 1987 1630 2054 δράκοντος
1664 1991 1726 2040 εἷς
1753 1986 1878 2039 ἅπαν

288 2064 591 2130 ἠφειδηκότες
636 2068 842 2118 ἔσονται·
898 2072 1109 2134 λαμπροὶ
1155 2069 1203 2120 δὲ
1248 2072 1323 2120 καὶ
1367 2069 1757 2138 ἀξιοθαύμαστοι,
1797 2069 1879 2121 τὸν

68 2158 158 2192 808
173 2157 220 2191 A.
249 2148 337 2196 ειέκ
381 2151 475 2196 τῶν
513 2148 735 2199 τοιούτων
779 2150 1157 2214 κατορθωμάτων
1201 2151 1519 2216 συλλέγοντες
1561 2156 1771 2202 πλοῦτον
1816 2153 1879 2205 ὡς

287 2231 459 2297 χρυσίον
497 2235 573 2281 καὶ
611 2230 804 2299 αρ’γύριον
842 2236 918 2282 καὶ
956 2234 1214 2299 ἱματισμόν.
1271 2232 1340 2283 ὅτι
1368 2232 1461 2299 γὰρ
1496 2233 1578 2283 οὐκ
1613 2232 1661 2283 ε”ν
1691 2255 1745 2297 γε
1781 2237 1877 2286 τοῖς

287 2314 530 2374 αἰσθητοῖς
568 2314 651 2374 τῆς
688 2312 974 2379 προφητείας
1014 2314 1038 2362 ὁ
1079 2320 1198 2376 νοῦς,
1238 2318 1338 2367 πῶς
1376 2312 1434 2364 ἂν
1471 2314 1728 2364 ἐνδοιάσειέ
1766 2336 1869 2376 τις,

285 2397 492 2445 πλοῦτος
531 2392 624 2458 γὰρ
669 2394 829 2458 ἁγίων,
874 2394 961 2461 οὐχ
1007 2395 1031 2444 ὁ
1072 2393 1283 2461 φθαρτὸς
1328 2397 1403 2445 καὶ
1446 2396 1659 2460 ἐπίγειος,
1698 2396 1810 2445 ἀλλ’
1849 2396 1874 2445 ὁ

286 2472 450 2536 νοητὸς
488 2476 564 2524 καὶ
602 2474 874 2540 ἐπουράνιος
920 2478 993 2525 καὶ
1042 2475 1264 2540 διηνεκὴς,
1309 2475 1363 2527 ὃν
1401 2477 1736 2543 συναγείρουσι
1774 2481 1875 2530 ταῖς

336 2638 365 2661 1.
391 2628 552 2663 ἔνστασις
572 2628 608 2662 F.
676 2628 726 2663 ἐπ’
745 2629 865 2666 αὐτους
881 2631 1013 2676 μεγάλη
1032 2630 1098 2665 hoc
1116 2631 1238 2666 ordine
1258 2631 1298 2666 C.
1317 2632 1437 2677 (Alex.
1458 2631 1564 2676 XII.)
1724 2643 1758 2676 3.
1774 2647 1872 2687 ‘cvpa-

283 2673 491 2717 πλεκὴσεται
511 2675 551 2709 C.
616 2677 735 2720 χεῖραν
753 2676 794 2710 C.
1046 2688 1079 2722 5.
1106 2678 1276 2712 κυκλώθεν
1294 2678 1334 2713 C.
1571 2678 1604 2712 8.
1631 2677 1701 2711 κατ’
1718 2679 1871 2712 ἐκεῖνο-

285 2723 401 2765 καιροῦ
421 2721 791 2757 Β.Ε(1(].κατεκείνου
814 2723 853 2767 δὴ
877 2722 935 2757 οὖν
953 2726 1012 2757 τοῦ
1035 2727 1151 2769 καιροῦ
1172 2726 1282 2769 φησιν
1301 2725 1329 2759 C
1352 2736 1460 2759 manu
1481 2724 1603 2768 prima.
1627 2726 1813 2759 κατεκεῖνον
1830 2725 1871 2769 δὴ

283 2781 342 2800 ουν
358 2768 416 2800 τὸν
435 2769 547 2811 καιρὸν
566 2769 676 2813 φησιν
695 2769 724 2803 C
742 2781 850 2803 manu
867 2770 1059 2805 recentimi.
1197 2783 1230 2816 9.
1256 2771 1440 2828 ἀθρήσειαν
1458 2771 1500 2805 Β.
1505 2770 1545 2804 C.
1565 2769 1760 2814 ἀθροίσειαν
1778 2771 1871 2806 Edd.

287 2823 300 2846 1
312 2824 340 2847 1.
366 2814 415 2847 ἔτι
433 2816 563 2857 τολμᾶν
583 2816 623 2849 C.
642 2815 840 2860 (ὶποτολμᾶν
857 2816 1511 2873 ἰίᾶ.12.μόνον-ἆψάμενοι
1528 2824 1749 2851 accesserunt
1767 2829 1807 2851 ex
1828 2817 1870 2852 C.

287 2871 339 2903 13.
365 2859 532 2904 ἀνονήτως
557 2863 731 2904 ζητοῦντες
756 2862 860 2898 edidi.
886 2862 1064 2906 ἀνονήτους
1090 2865 1263 2908 ζητοῦντες
1281 2863 1322 2898 C.
1345 2864 1574 2906 ἐπιζητοῦντες
1590 2862 1756 2907 ἀνονήτως
1774 2864 1868 2899 Edd.

285 2916 340 2939 20.
366 2906 401 2939 δε
421 2914 643 2951 assumptum
661 2920 702 2942 ex
722 2908 762 2943 C.
1113 2921 1167 2946 22.
1193 2909 1446 2956 ἢφειδηκότες”’
1427 2919 1574 2945 εσονται·
1601 2911 1753 2955 λαμπροὶ
1769 2911 1806 2945 δέ
1825 2909 1868 2947 C.

284 2949 512 2995 ἢφειδηκότες
539 2954 676 2988 ἔσονται
694 2955 730 2989 δὲ
748 2956 901 3000 λαμπροὶ
920 2956 1011 2992 Edd.

1883 602 1889 613 “
1912 612 1933 650 5

1910 1109 1958 1134 10

1900 1929 1949 1954 20

1897 2333 1944 2372 25
