2060 3387
117 198 188 239 xii.
213 209 251 253 5.
498 200 570 241 IN
613 202 1034 243 ZACHARIAM.
1097 201 1250 242 TOM.
1287 202 1335 239 V.
1619 200 1695 236 1181

115 306 279 370 με’νους
303 307 434 374 παρὰ
461 311 692 375 Χριστοῦ,
721 312 795 360 καὶ
830 314 1139 375 καθηγεῖσθαι
1169 309 1403 376 λαχόντας
1430 311 1512 356 τοῦ
1539 302 1699 361 Ἰούδα,

115 388 331 439 τουτέστι
375 394 470 440 τῶν
508 392 805 455 κεκλημένων
846 396 907 445 εἰς
950 391 1300 460 ε’ξομολόγησίν
1339 412 1386 440 τε
1431 391 1506 438 καὶ
1551 384 1697 436 αἶνον.

116 466 243 523 αἶνος
280 470 374 537 γὰρ
416 473 441 521 ὁ
481 471 649 528 Ἰούδας
686 472 994 538 ἑρμηνεύεται,
1061 471 1149 523 εἶεν
1188 473 1225 522 δ’
1267 470 1324 522 ἂν
1365 471 1490 521 οῦτοι
1531 469 1703 521 πάντες

117 554 159 601 οἱ
195 551 252 619 ἐξ
285 554 446 612 ἐθνῶν,
475 553 542 607 οἷς
582 557 656 605 καὶ
688 554 742 605 τὸ
778 558 947 622 χρῆναι
982 555 1258 623 δοξολογεῖν
1285 553 1366 603 τὸν
1392 549 1702 615 Ἐμμανουὴλ

76 633 143 688 5ὁ
178 633 432 688 θεσπέσιος
469 636 682 705 μελῳδὸς
716 636 944 687 ἐπιτάττει
980 635 1133 701 λέγων
1159 638 1206 686 ἐν
1237 635 1465 698 πνεύματι
1494 641 1520 662 “
1541 634 1699 683 Εῦλο-

118 722 145 744 “
171 720 291 781 γεῖτε
331 716 439 781 ε”θνη
479 717 561 768 τὸν
600 717 725 768 Θεὸν
764 719 908 782 ἡμῶν,
949 720 1023 768 καὶ
1062 719 1380 768 ἀκουτίσασθε
1420 716 1504 780 τὴν
1540 713 1704 783 φωνὴν

1768 648 1819 677 1'5.
1842 647 1904 677 lxv.

1766 693 1795 722 8.

117 806 144 827 “
171 801 254 862 τῆς
297 799 517 851 αἰνέσεως
562 799 746 852 αὐτοῦ.”
815 798 983 855 Ἰούδας
1028 801 1181 851 τοίνυν
1226 802 1273 850 ἐν
1318 799 1496 852 τούτοις
1541 800 1583 847 οἱ
1629 795 1743 845 διὰο

117 882 324 935 πίστεως
359 881 633 945 κεκλημένοι
663 880 782 948 πρὸς
814 880 942 933 αἰνόν
969 905 1016 932 τε
1053 881 1127 932 καί
1161 880 1529 950 ἐξομολόγησιν·
1571 881 1697 941 χιλί-

119 986 248 1033 αρχοι
296 962 445 1028 γεμὴν
487 967 529 1014 οἰ
579 965 647 1015 ἐπ’
695 965 848 1018 αὐτοῖς
897 964 1183 1029 τεταγμένοι,
1236 964 1486 1032 ταξίαρχοί
1531 985 1579 1012 τε
1630 963 1706 1010 καὶ

53 1066 100 1091 10
122 1044 352 1111 ἡγεμόνες,
393 1048 434 1096 οἱ
474 1046 720 1097 θεσπέσωι
759 1047 979 1111 μαθηταί.
1037 1046 1139 1096 ἔστι
1178 1051 1295 1110 γοῦν
1335 1048 1458 1107 ἰδεῖν,
1498 1043 1572 1094 οἶά
1608 1066 1706 1093 τισι

118 1127 445 1193 στρατιώταις,
471 1132 568 1181 τοῖς
598 1133 681 1178 τοῦ
716 1131 934 1194 Σωτῆρος
965 1132 1312 1194 προσκυνηταῖς
1343 1125 1707 1192 διακεκραγότας

119 1232 169 1259 τε
204 1211 279 1260 καὶ
313 1210 541 1274 λέγοντας
566 1217 592 1239 “
610 1213 758 1273 Στῆτε
786 1211 867 1261 οῦν
890 1207 1257 1276 περιζωσάμενοι
1282 1208 1367 1273 τὴν
1393 1207 1552 1277 ὀσφῦν
1579 1209 1707 1270 ὑμῶν

122 1298 148 1320 “
175 1292 222 1340 ἐν
250 1291 459 1359 ἀληθείᾳ,
495 1293 569 1342 καί
604 1292 907 1355 ἐνδυσάμενοι
942 1291 1025 1343 τὸν
1052 1291 1241 1357 θώρακα
1275 1293 1357 1354 τῆς
1390 1289 1705 1351 δικαιοσύνης,

123 1381 149 1402 “
176 1375 250 1423 καὶ
287 1373 634 1437 ὑποδησάμενοι
664 1373 771 1428 τοὺς
802 1373 949 1427 πόδας
977 1375 1024 1424 ἐν
1051 1373 1298 1440 ἑτοιμασίᾳ
1323 1377 1406 1422 τοῦ
1433 1371 1709 1437 εὐαγγελίου

55 1468 101 1507 ¹5
123 1464 149 1485 ‘⁶
175 1459 257 1519 τῆς
283 1454 477 1521 εἰρήνης,
503 1457 550 1506 ἐν
568 1460 718 1507 πᾶσιν
738 1455 1058 1516 ἀναλαβόντες
1085 1454 1167 1506 τὸν
1192 1453 1357 1521 θυρεὸν
1379 1456 1462 1517 τῆς
1489 1453 1708 1514 πίστεως,

123 1545 149 1567 “
175 1538 222 1588 ἐν
249 1535 286 1607 ᾧ
321 1538 582 1601 δυνήσεσθε
617 1537 773 1589 πάντα
803 1537 862 1589 τὰ
896 1538 1018 1602 βέλη
1044 1543 1127 1588 τοῦ
1158 1542 1365 1603 πονηροῦ
1391 1535 1449 1586 τὰ
1484 1558 1702 1601 πεπυρω-

123 1627 150 1649 “
173 1619 289 1682 με’να
310 1619 501 1679 σβέσαι.
539 1621 615 1670 καὶ
641 1619 726 1685 τὴν
745 1620 1115 1689 περικεφαλαίαν
1134 1624 1217 1670 τοῦ
1237 1617 1472 1684 σωτηρίου
1492 1617 1710 1686 δέξασθε,

122 1708 150 1730 “
177 1703 251 1751 καὶ
297 1700 384 1765 τὴν
425 1701 662 1769 μάχαιραν
701 1707 783 1753 τοῦ
830 1701 1105 1764 Πνεύματος
1151 1700 1176 1751 ὅ
1220 1702 1323 1751 ἐστι
1367 1702 1495 1767 ῥῆμα
1540 1698 1708 1751 Θεοῦ.”

123 1786 290 1850 χρῆναι
318 1782 366 1834 δὲ
404 1784 523 1847 ἡμᾶς
550 1785 753 1850 ὁρᾶσθαι
780 1782 1026 1849 λαμπροὺς
1052 1785 1127 1833 καὶ
1154 1782 1239 1846 τὴν
1265 1780 1508 1845 εὐδόκιμον
1536 1803 1705 1846 κατορ-

55 1885 104 1910 20
125 1869 319 1918 θοῦντας
368 1864 488 1931 ζωὴν
537 1868 610 1915 καὶ
663 1866 688 1915 ὁ
739 1865 993 1918 θεσπέσιος
1043 1865 1133 1933 ε”φη
1188 1868 1383 1916 Παῦλος
1427 1862 1569 1913 “Διὰ
1617 1866 1711 1912 τῶν

125 1955 151 1977 “
180 1946 344 1997 ὅπλων
383 1949 464 2009 τῆς
504 1946 801 2010 δικαιοσύνης
839 1950 933 1997 τῶν
972 1946 1137 2015 δεξιῶν
1177 1947 1252 1996 καὶ
1296 1945 1594 2010 ἀριστερῶν,”
1637 1946 1712 1994 καὶ

123 2027 242 2094 πρός
293 2051 347 2093 γε
397 2028 453 2091 δὴ
505 2027 700 2090 τούτοις,
755 2028 838 2082 τὰς
888 2032 982 2078 τῶν
1035 2028 1254 2078 ἐναντίων
1310 2026 1570 2095 φάλαγγας
1626 2048 1709 2089 μο-

125 2112 311 2178 νονουχὶ
356 2110 619 2162 κατεδείκνυ
663 2110 819 2175 λέγων
858 2117 884 2140 “
902 2114 1002 2161 Τοῦ
1047 2115 1232 2171 λοιποῦ,
1273 2111 1619 2171 ἐνδυναμοῦσθε
1664 2109 1712 2157 ἐν

126 2200 153 2223 “
179 2196 378 2262 Χριστῷ
428 2194 503 2243 καὶ
546 2194 594 2243 ἐν
637 2196 703 2262 τῷ
754 2191 909 2258 κράτει
953 2194 1036 2255 τῆς
1081 2190 1246 2259 ἰσχύος
1291 2191 1448 2241 αὐτοῦ.
1522 2191 1576 2239 οὐ
1619 2188 1712 2255 γάρ

58 2290 106 2328 25
127 2282 153 2304 ‘⁴
179 2277 309 2325 ἐστιν
339 2275 447 2338 ἡμῖν
474 2274 501 2338 ἡ
532 2273 663 2338 πάλη
693 2273 810 2340 πρὸς
842 2272 957 2337 αἷμα
992 2276 1068 2324 καὶ
1103 2271 1277 2339 σάρκα,
1312 2270 1443 2322 ἀλλὰ
1477 2270 1595 2337 πρὸς
1630 2272 1713 2325 τὰς

127 2364 154 2386 “
182 2355 344 2422 ἀρχὰς,
375 2354 493 2421 πρὸς
526 2354 609 2409 τὰς
645 2355 878 2424 ἐξουσίας,
913 2353 1032 2421 πρὸς
1066 2355 1173 2409 τοὺς
1208 2352 1594 2419 κοσμοκράτορας
1630 2359 1713 2423 τοῦ

127 2447 154 2468 “
182 2436 381 2491 σκότους
415 2437 594 2500 τούτου,
622 2437 740 2503 πρὸς
774 2435 834 2487 τὰ
868 2436 1158 2501 πνευματικὰ
1189 2438 1270 2499 τῆς
1296 2435 1518 2502 πονηρίας
1545 2437 1592 2486 ἐν
1619 2440 1714 2489 τοῖς

128 2529 154 2551 “
182 2519 514 2586 ἐπουρανίοις.”

204 2605 440 2671 Χιλίαρχοι
466 2599 521 2665 δὴ
548 2600 644 2664 οὖν,
672 2602 745 2651 καὶ
774 2599 904 2664 μάλα
932 2598 1131 2663 εἰκότως,
1159 2602 1200 2650 οἱ
1228 2598 1469 2651 θεσπέσιοι
1496 2600 1714 2663 μαθηταὶ,

176 2791 209 2824 6.
235 2793 300 2825 τῶν
317 2801 380 2836 pro
397 2791 455 2824 τὸν
473 2790 551 2833 (Sic)
572 2789 612 2824 C.
838 2791 871 2823 8.
899 2786 990 2823 οἶνόν
1010 2787 1050 2822 C.
1069 2787 1198 2822 αἵνεσίν
1216 2787 1308 2822 Edd.
1543 2796 1594 2831 15.
1620 2787 1655 2820 ἐν
1674 2787 1714 2822 C.

130 2838 185 2871 ἐπὶ
203 2837 262 2871 iid.
329 2837 466 2881 θυραιὸν
485 2836 526 2871 C.
698 2837 820 2881 17-28.
850 2836 946 2869 Haec
965 2838 1018 2868 καὶ
1035 2834 1177 2879 τὴν-ἐν
1194 2836 1264 2870 τοῖς
1282 2834 1476 2878 ἐπουρανιός
1495 2840 1716 2868 accesserunt

996 2882 1011 2905 θ

131 2929 172 2951 ex
192 2915 283 2950 C.D.
586 2926 637 2962 17.
664 2915 828 2960 δέξασθαι
848 2914 889 2949 C.
909 2914 1015 2957 δέξοσ
1036 2914 1081 2948 D.
1385 2925 1437 2958 19.
1464 2913 1649 2957 κατορθοῦν
1668 2913 1714 2948 D.

133 2974 188 3007 23.
215 2963 480 3007 ἐνδυναμοῦσθαι
500 2963 540 2998 C.
780 2961 833 2996 26.
859 2962 944 3005 πρὸς
961 2959 1075 3006 prius]
1098 2961 1151 2995 καὶ
1168 2961 1253 3005 πρὸς
1273 2959 1312 2995 C.

189 3030 280 3057 VOL.
306 3030 350 3057 11.
910 3030 932 3070 3
958 3029 985 3067 Q

1772 1221 1853 1261 Eph.
1875 1221 1917 1250 vi.

1775 1273 1887 1303 14v17.

1727 1542 1753 1582 d

1776 1883 1790 1903 2
1810 1874 1884 1904 (ss'snl'.

1774 1928 1815 1948 vl.
1838 1924 1865 1956 7.

1774 2115 1860 2163 Eph.

1773 2169 1815 2189 vl.
1840 2167 1886 2189 10.

1773 2208 1824 2239 lb.
1850 2217 1897 2239 ιι.
