2007 3387
94 359 188 390 Hier.

94 403 185 434 xxiii.
203 414 256 444 ²9·

93 694 252 724 &Mattln

93 749 180 768 xxlv.
206 747 252 767 12.

95 1772 125 1800 S.
142 1769 243 1801 Joau.

97 1826 126 1845 x.
150 1814 196 1844 16.

317 170 401 211 306
705 171 755 210 Β.
799 168 1077 210 CYRILLI
1128 169 1513 212 ALEXANDR.
1800 168 1839 208 ii.
1862 168 1899 207 8.

316 278 370 330 δέ
403 302 495 330 που
541 281 615 329 καὶ
659 278 796 331 αὐτὸς
836 278 954 344 πρὸς
996 278 1078 330 τὸν
1115 278 1345 345 μακάριον
1385 278 1636 347 προφήτην
1674 278 1900 344 Ἰερεμίαν

317 368 343 391 “
369 362 478 427 Οὐχ
512 364 554 410 οἱ
593 360 730 425 λόγοι
768 383 858 423 μου
897 358 1063 427 ὥσπερ
1098 366 1192 427 πῦρ
1232 360 1417 429 φλέγον
1455 361 1581 427 λέγει
1614 360 1802 427 Κύριος,
1829 362 1904 410 καὶ

318 450 344 472 “
372 444 432 495 ὡς
471 441 629 510 πέλυξ
664 440 852 493 κόπτων
889 442 1063 510 πέτραν
1083 443 1122 504 ;”
1164 443 1329 494 οὐκοῦν
1357 444 1381 494 ὁ
1408 443 1490 494 τὸν
1516 443 1673 509 ζέοντα
1707 444 1781 492 καὶ
1806 441 1904 493 διοί-

273 530 299 570 b
317 546 466 589 πυρον
503 529 586 574 τοῦ
622 528 747 575 Θεοῦ
785 523 934 589 λόγον
972 526 1054 575 οὐκ
1093 524 1232 592 ἔχων,
1263 524 1595 594 ἀπεψυγμένος
1626 524 1684 575 ἂν
1722 524 1789 589 εἴη
1829 526 1904 575 καὶ

317 604 489 672 νεκρός.
556 605 1022 675 καταψυχθήσεσθαι
1063 607 1156 673 γὰρ
1207 608 1292 672 τὴν
1334 607 1524 674 ἀγάπην
1567 612 1661 658 τῶν
1704 611 1946 661 πολλῶν5

316 687 392 738 διὰ
416 688 470 739 τὸ
499 692 826 753 πληθυνθῆναι
853 689 937 754 τὴν
964 691 1172 753 ἀνομίαν,
1198 692 1273 741 καὶ
1313 692 1337 741 ὁ
1373 690 1598 756 μακάριος
1635 689 1726 759 ε”φη
1765 693 1901 740 Παῦ-

315 778 414 824 λος.
483 770 670 842 θυγάτηρ
697 771 744 823 δὲ
773 772 1038 831 Βαβυλῶνος
1074 773 1101 836 ἡ
1134 773 1336 837 ἁμαρτία
1376 773 1630 841 λελέξεται,
1658 775 1733 822 καὶ
1770 770 1903 836 μάλα

315 851 513 916 εἰκότως,
554 853 680 920 εἴπερ
717 856 848 905 ἐστὶν
887 854 1074 918 ἀληθὲς,
1110 857 1171 909 ὡς
1210 855 1504 920 ἑρμηνεύεται
1542 854 1627 919 μὲν
1665 854 1903 921 σύγχυσις

314 937 342 1000 ἡ
386 937 634 997 Βαβυλών·
704 937 771 1001 εἴη
819 936 862 988 δ’
910 936 967 988 ἂν
1019 938 1157 1004 ἔργον
1201 938 1255 989 τὸ
1306 943 1620 1002 πλημμελεῖν,
1676 938 1778 1004 οὐχὶ
1823 941 1904 987 νοῦ

315 1018 662 1083 καθεστηκότος
704 1021 779 1070 καὶ
831 1020 1172 1086 ἐρηρεισμένου,
1212 1022 1563 1089 συγκεχυμένου
1608 1020 1655 1071 δὲ
1698 1025 1902 1083 μᾶλλον,
1929 1042 1976 1067 10

316 1104 390 1152 καὶ
427 1103 568 1152 οἱονεί
607 1125 708 1156 πως
750 1103 1122 1166 καταμεθύοντος
1161 1108 1261 1157 ταῖς
1299 1107 1361 1156 εἰς
1401 1103 1679 1172 φαυλότητα
1717 1104 1896 1169 ῥοπαῖς.

316 1191 386 1238 δεῖ
431 1187 488 1252 δὴ
532 1188 613 1238 οῦν
655 1188 745 1253 ἄρα
790 1193 885 1239 τῶν
925 1188 1147 1240 τοιούτων
1192 1191 1458 1257 ἀποφοιτᾶν
1504 1193 1578 1239 καὶ
1620 1191 1681 1242 ὡς
1725 1190 1775 1239 ἐκ
1818 1187 1901 1253 γῆς

277 1271 575 1336 (ῖάλλοτριάς
614 1273 695 1333 τῆς
732 1271 1068 1338 ἀπεψυγμένης
1108 1274 1181 1322 καὶ
1222 1277 1383 1338 νεκρᾶς
1417 1277 1499 1322 τοῦ
1539 1277 1619 1322 νοῦ
1653 1270 1904 1323 διαθέσεως

316 1357 605 1418 μεταφοιτᾶν
640 1357 700 1406 εὶς
738 1352 874 1415 Σιὼν,
903 1354 1160 1417 τουτέστιν,
1200 1359 1262 1408 εἰς
1298 1354 1351 1405 τὸ
1392 1354 1576 1418 ἀληθὲς,
1612 1355 1686 1405 ἵνα
1726 1357 1903 1415 νοῶμεν

316 1434 402 1498 τὴν
429 1435 725 1499 Ἐκκλησίαν
752 1439 982 1502 Χριστοῦ,
1009 1437 1056 1486 ἐν
1079 1434 1107 1503 ᾗ
1135 1436 1378 1502 γεγονότες
1405 1435 1714 1505 κατοψόμεθα
1739 1435 1823 1498 μὲν
1849 1435 1901 1486 τὸ
1928 1456 1974 1495 15

317 1521 425 1586 Θεῷ
457 1521 635 1580 δοκοῦν,
664 1520 737 1568 καὶ
771 1517 876 1571 τοὺς
916 1519 988 1569 ἐπὶ
1027 1522 1084 1586 τῇ
1124 1520 1236 1588 ἁγίᾳ
1275 1542 1322 1570 τε
1363 1522 1437 1570 καὶ
1471 1521 1706 1588 ὁμοουσίῳ
1734 1517 1902 1584 Τριάδι

316 1600 692 1667 περιαθρήσομεν
719 1599 904 1666 λόγους,
934 1602 1007 1651 καὶ
1045 1601 1185 1652 αὐτὸν
1220 1601 1480 1667 εὑρήσομεν
1509 1603 1558 1652 ἐκ
1581 1601 1757 1655 παντὸς
1783 1602 1902 1665 ἡμᾶς

315 1682 492 1748 τρόπου
530 1683 871 1749 συναγείροντα
908 1683 1138 1749 Χριστὸν,
1178 1687 1252 1734 καὶ
1290 1685 1546 1735 συνδεόντα
1583 1687 1902 1746 πνευματικῶς

317 1768 379 1819 εἱς
418 1766 705 1834 ὁμοψυχιάν.
772 1766 862 1834 ἔφη
896 1766 988 1831 γάρ
1022 1789 1115 1816 που
1151 1768 1255 1833 περὶ
1297 1767 1442 1831 ἡμῶν,
1482 1767 1551 1817 ὅτι
1591 1775 1616 1796 “
1641 1769 1733 1817 Καὶ
1772 1767 1904 1817 ἄλλα

318 1855 344 1876 “
370 1847 590 1914 πρόβατα
627 1848 734 1916 ἔχω,
774 1846 804 1899 ἃ
842 1850 924 1898 οὐκ
961 1848 1093 1898 ε”στιν
1130 1851 1179 1899 ἐκ
1218 1852 1300 1912 τῆς
1330 1851 1478 1913 αὐλῆς
1509 1849 1692 1913 ταύτης,
1720 1850 1904 1900 κάκεῖνα
1926 1867 1974 1892 20

273 1936 344 1975 (1“
372 1932 441 1981 δεῖ
461 1954 517 1993 με
545 1933 756 1996 ἀγαγεῖν,
788 1934 861 1981 καὶ
889 1930 1171 1996 γενήσονται
1197 1931 1280 1995 μιά
1303 1933 1493 1997 ποίμνη,
1523 1931 1585 1986 εἷς
1609 1933 1827 1998 ποιμήν.”

278 2130 434 2171 ἐπ’Διότι
470 2130 571 2170 τάδε
607 2130 718 2176 λεΓει
752 2129 901 2186 Κύριος
940 2130 1253 2186 Παντοκράτωρ
1285 2129 1457 2171 Ὀπίσω
1495 2130 1621 2173 &binc
1660 2130 1900 2171 ἀπέσταλκε

385 2228 435 2260 με
466 2213 533 2253 ἐπὶ
573 2212 622 2254 τὰ
657 2213 756 2254 {Ova
789 2213 838 2254 τὰ
868 2213 1158 2254 σκυλεύσαντα
1187 2214 1308 2264 ὑμᾶς,
1336 2214 1442 2255 διότι
1469 2214 1491 2256 ὁ
1517 2215 1757 2262 ἁπτόμενος
1785 2212 1902 2261 ὑμῶν

384 2298 443 2337 ὡς
470 2297 491 2339 ὁ
520 2297 762 2345 ἁπτόμενος
789 2302 862 2338 τῆς
891 2297 1021 2352 κόρΗε
1049 2299 1121 2338 τοῦ
1149 2298 1375 2352 ὀφθαλμοῦ
1400 2298 1540 2342 αὐτοῦ,

384 2402 499 2453 n'Orc
544 2402 627 2465 μὲν
669 2403 873 2467 ἐπήμυνέ
917 2426 964 2454 τε
1008 2406 1084 2453 καὶ
1126 2405 1378 2470 ἐλυτροῦτο
1425 2402 1636 2469 Χριστὸς
1677 2405 1751 2453 καὶ
1797 2400 1903 2455 τοὺς
1926 2423 1973 2462 25

375 2579 407 2614 5.
434 2569 766 2615 καταψυχθησεσθαι
794 2570 834 2604 C.
864 2569 1172 2614 καταψυγήσεσθαι
1204 2569 1293 2603 Edd.
1322 2569 1458 2615 ψυγήσ.
1495 2569 1568 2602 Cat.
1599 2569 1746 2602 Niketae
1779 2569 1814 2601 in
1844 2567 1902 2602 ΡΞ.

319 2617 433 2650 cxviii.
593 2616 625 2650 6.
652 2618 703 2650 καὶ
723 2619 740 2650 ὁ
757 2618 918 2661 μακάριος
935 2617 1001 2661 ἔφη
1019 2619 1149 2652 παῦλος
1172 2616 1253 2650 B.C·.
1275 2616 1350 2650 Cat.
1371 2617 1529 2650 Niketae.
1553 2616 1651 2649 l‘ont.
1669 2616 1736 2659 ἔφη
1755 2616 1903 2658 Χριστὸς

320 2664 467 2697 correxit
486 2663 580 2698 Aub.
633 2664 757 2697 Statim
777 2666 829 2697 καὶ
849 2663 866 2706 ἡ
885 2663 965 2697 add.
986 2663 1078 2697 Aub.
1286 2673 1385 2707 7-11.
1415 2663 1507 2696 Citat
1527 2662 1610 2696 Nik.
1630 2663 1664 2695 in
1686 2662 1742 2695 l’s.
1763 2662 1902 2696 cxxxvi.

324 2722 376 2744 12.
406 2711 599 2755 Assumpta
616 2714 682 2744 τῶν
702 2710 863 2744 τοιούτων
880 2723 920 2744 cx
941 2710 995 2747 C..
1015 2713 1065 2743 καὶ
1084 2722 1125 2743 ex
1145 2709 1236 2744 C.D.
1534 2720 1583 2753 13.
1610 2708 1794 2751 ἀλλοτρίας
1812 2708 1902 2742 C.D.

319 2756 427 2802 βυρῥᾶ
464 2757 553 2791 Edd.
640 2758 764 2791 Statim
799 2759 868 2792 τοῖς
900 2757 1153 2802 ιῖπεψυγμένοις
1185 2757 1266 2799 (sic)
1300 2756 1411 2800 prima
1444 2767 1552 2789 manu
1586 2755 1627 2789 C.
1661 2758 1719 2799 τῆς
1752 2767 1822 2789 om.
1856 2755 1902 2789 D.

326 2815 378 2845 14.
404 2803 629 2849 μεταφοιτᾶν]
662 2809 698 2845 -†-
728 2805 763 2838 δέ
791 2803 881 2838 Edd.
908 2805 1024 2837 invitis
1052 2804 1143 2837 C.D.
1217 2803 1340 2846 (ἰληθές
1361 2802 1451 2836 C.D.
1477 2802 1636 2845 ἀληθινὸν
1660 2801 1905 2847 σκοπευτὴριον

324 2850 415 2884 Edd.
872 2861 923 2893 15.
949 2851 1010 2894 μὲν
1027 2856 1248 2895 assumptum
1268 2862 1308 2883 ex
1329 2849 1369 2883 C.
1418 2847 1473 2893 τὸ]
1499 2854 1534 2888 -st—
1556 2850 1604 2895 τῷ
1624 2848 1715 2883 Edd.
1732 2849 1842 2883 invito
1861 2847 1901 2882 C.

327 2896 376 2930 16.
396 2900 434 2939 τῇ
454 2910 524 2931 om.
545 2897 585 2931 C.
635 2913 671 2932 τε
689 2904 911 2941 assumptum
929 2910 969 2930 ex
990 2897 1031 2932 C.
1404 2907 1455 2939 19.
1481 2910 1546 2929 που
1563 2902 1784 2939 assumptum
1802 2907 1843 2929 ex
1862 2894 1903 2929 C.

322 2954 376 2977 21.
402 2944 452 2976 δεῖ
479 2959 519 2984 με
550 2944 616 2979 hoc
638 2945 758 2979 ordine
785 2945 825 2978 C.
898 2943 1097 2989 γενήσονται
1125 2943 1164 2977 C.
1192 2942 1369 2987 γενήσεται
1398 2942 1486 2976 Edd.
1560 2940 1623 2988 εἷς]
1653 2944 1705 2977 καὶ
1731 2941 1777 2978 εἷς
1804 2941 1897 2977 Edd.

324 2990 439 3023 invitis
460 2990 546 3024 B.C.
739 3002 793 3025 22.
820 2991 1053 3034 ἐξαπέσταλκε
1074 2991 1110 3025 F.
1130 2990 1227 3034 (42.)
