2060 3387
125 180 207 221 viii.
231 197 272 234 4,
295 196 333 237 5.
484 188 555 227 IN
597 188 1022 229 ZACHARIAM.
1084 190 1235 230 TOM.
1274 189 1358 228 111.
1633 188 1715 225 3⁸:ss

123 294 345 357 γεγονόσι
382 296 496 349 νεόις
536 298 687 348 ἁπλοῖ
713 297 890 363 τρόπον
926 298 1030 348 τινὰ
1072 301 1145 348 καὶ
1183 297 1267 361 τὴν
1306 300 1366 349 εἰς
1404 298 1552 361 γῆρας
1591 293 1714 355 ὁδὸν,

124 379 463 443 καταδῃοῦντος
509 377 706 441 οὐδενὸς,
757 381 811 429 οὐ
861 380 1072 442 πολέμου
1124 378 1475 444 συντρίβοντος,
1521 376 1573 425 οὐ
1625 377 1710 424 δα-

122 457 348 521 πανώσης
380 458 548 526 μάχης.
619 461 934 525 ὑποτοπητεόν
974 460 1030 524 δὴ
1066 462 1161 522 οὖν,
1189 465 1263 511 καὶ
1295 458 1427 523 μάλα
1460 459 1623 523 ὀρθῶς,
1653 459 1715 509 ὡς

123 540 170 587 ἐν
197 538 352 607 εἰρήνῃ
381 540 463 594 τὰς
495 541 668 604 πόλεις,
697 541 784 593 κᾶν
821 544 992 609 εὐρεῖαί
1019 565 1067 593 τε
1100 543 1187 593 ε’ίεν
1219 544 1294 592 καὶ
1327 542 1514 606 μακραὶ,
1542 538 1713 592 στενὰς

81 621 474 688 5ἀποφαίνεσθαι
519 626 593 675 καὶ
634 625 868 689 ἡττῆσθαι
906 629 972 693 τῷ
1011 625 1183 688 πλήθει
1222 629 1315 674 τῶν
1355 619 1707 691 κατῳκηκότων.

121 702 330 753 τοιοῦτόν
367 727 470 755 τινα
510 711 619 756 νοῦν
654 707 802 757 ὠδίνει
837 705 984 758 πάλιν
1015 708 1124 770 ἡμῖν
1154 706 1208 756 τὸ
1240 705 1557 770 προκείμενον.
1623 702 1712 769 ἔφη

122 782 215 850 γὰρ
255 784 324 835 ὅτι
364 791 663 839 καθεδοῦνται
698 788 782 851 μὲν
814 788 1093 857 πρεσβύτεροι
1125 796 1200 839 καὶ
1229 786 1523 856 πρεσβύτιδες
1549 786 1586 836 ἐν
1612 787 1712 838 ταῖς

121 872 366 926 πλατείαις
391 871 696 940 Ἰερουσαλὴμ,
725 871 881 942 ῥάβδῳ
915 873 1053 936 μόλις
1085 872 1138 923 τὸ
1171 874 1220 922 ἐκ
1251 876 1333 922 τοῦ
1362 870 1514 936 γήρως
1543 869 1712 919 ἄναλκι

121 953 316 1016 μετρίως
361 954 785 1020 παραμυθούμενοι,
830 957 905 1005 καὶ
947 956 1207 1020 βακτηρίαν
1253 954 1436 1020 ἔχοντες
1480 974 1706 1017 γεροντα-
1730 971 1752 997 c

57 1053 104 1078 10
124 1031 296 1097 γωγόν’
353 1034 538 1089 ε”παινος
583 1035 630 1086 δὲ
674 1036 728 1087 τὸ
774 1037 932 1104 χρῆμά
976 1038 1079 1087 ἐστι
1126 1041 1299 1102 καιρῶν
1345 1035 1598 1094 ἀπολέμων
1638 1035 1711 1082 καὶ

121 1116 313 1175 βαθείας
339 1115 532 1182 εἰρήνης,
557 1118 939 1184 ἀνακομιζούσης,
969 1121 1029 1171 ὡς
1056 1118 1188 1185 ἔφην,
1217 1121 1278 1170 εἷς
1306 1117 1427 1181 ἥβην
1455 1114 1514 1165 Τὰ
1540 1114 1711 1182 βρέφη,

121 1197 400 1262 πεμπούσης
436 1199 484 1249 δὲ
520 1203 595 1250 καὶ
627 1204 686 1253 εἷς
722 1203 870 1266 γῆρας
896 1200 1002 1254 τοὺς
1030 1200 1117 1264 ἤδη
1143 1204 1393 1250 τελοῦντας
1421 1199 1468 1246 ἐν
1495 1195 1712 1261 ἀνδράσι,

122 1281 197 1329 καὶ
238 1278 319 1330 τὸν
359 1283 441 1343 τῆς
480 1281 594 1347 ζωῆς
634 1279 819 1333 ἅπαντα
857 1282 1028 1348 χρόνον
1067 1283 1234 1348 ἀμαχεὶ
1270 1278 1609 1345 παραθέοντας.
1675 1281 1713 1328 εὶ

123 1360 171 1411 δὲ
213 1360 270 1425 δὴ
304 1361 524 1425 μέλλοιεν
562 1365 805 1430 ὀρχεῖσθαι
844 1363 930 1426 μὲν
966 1365 1015 1413 ἐν
1053 1363 1189 1413 ἄστει
1228 1360 1454 1427 μειράκια,
1493 1358 1626 1424 κόριοὶ
1664 1381 1713 1408 τε

56 1458 104 1496 15
124 1443 331 1509 χορεύειν
368 1445 404 1495 ἐν
437 1445 603 1507 μέσαις
643 1448 901 1507 πλατείαις,
930 1446 1027 1513 ε”χοι
1065 1443 1124 1495 ἂν
1162 1445 1236 1494 καὶ
1276 1448 1413 1493 τοῦτο
1452 1443 1590 1509 σαφῆ
1629 1439 1714 1503 τὴν

125 1523 364 1594 ἀπόδειξιν
391 1532 473 1577 τοῦ
496 1528 725 1590 μηδεμίαν
747 1528 901 1577 αὐτῶν
922 1527 1149 1596 φροντίδα
1177 1526 1501 1589 κατηρτῆσθαι
1521 1520 1709 1587 πικράν.

124 1607 177 1656 οὐ
215 1605 308 1672 γὰρ
347 1607 403 1658 ἂν
452 1608 706 1676 ἠνέσχοντο
746 1610 984 1679 παιζόντων
1023 1613 1175 1671 τινῶν,
1221 1611 1258 1658 εἰ
1297 1604 1551 1672 κατηφείας
1585 1602 1642 1668 ἦν
1687 1604 1760 1654 ὀᾶ

124 1690 294 1754 καιρός.

253 1771 266 1787 Ι
445 1772 455 1789 ἱ
555 1775 568 1790 X
620 1773 630 1787 f
672 1777 691 1786 Α
787 1773 797 1788 ’
860 1777 878 1785 Α
951 1775 960 1789 ’
1009 1772 1020 1787 Ι
1275 1769 1287 1784 Χ
1363 1768 1381 1787 Α
1507 1771 1519 1784 Κ
1612 1767 1624 1780 Ῐ

199 1775 238 1822 Γ
240 1794 368 1837 εγονε
409 1775 456 1823 δε
496 1795 571 1823 και
605 1796 714 1836 ημιν
744 1796 897 1826 αυτοις
927 1795 1081 1837 ειρηνη
1107 1774 1334 1837 Χριστος,
1363 1793 1412 1823 ος
1446 1791 1521 1819 και
1556 1790 1712 1819 παντα

56 1874 105 1898 20
124 1855 390 1922 συντρίψας
413 1853 637 1917 πόλεμον,
659 1854 838 1917 μεστὴν
866 1854 1077 1921 ἀπέφηνε
1104 1857 1197 1903 τῶν
1224 1853 1370 1916 ἁγίων
1397 1850 1482 1914 τὴν
1499 1851 1707 1912 Ἐκκλη-

123 1935 247 1987 σίαν.
313 1939 388 1987 καὶ
425 1939 584 1987 πολιοὶ
620 1936 704 1999 μὲν
743 1935 826 1989 τὰς
869 1937 1042 2003 φρένας
1075 1937 1123 1985 ἐν
1158 1936 1288 2001 αὐτῇ,
1325 1932 1483 1998 μύριοί
1517 1953 1566 1981 τε
1606 1931 1712 1981 ὅσοι

123 2021 196 2068 καὶ
232 2018 473 2086 ἐξαίρετοι,
512 2017 578 2071 οἷς
613 2022 688 2068 καὶ
728 2019 752 2068 ὁ
792 2019 947 2086 σοφὸς
987 2017 1206 2080 Ἰωάννης
1245 2014 1521 2066 ἐπιστέλλει
1557 2012 1712 2078 λέγων

125 2098 406 2168 ίι’Έγραψα
457 2102 562 2161 ὑμῖν
612 2098 818 2165 πατέρες,
873 2099 942 2149 ὅτι
991 2098 1223 2163 ἐγνώκατε
1270 2096 1352 2148 τὸν
1393 2097 1469 2147 ἀπ’
1514 2096 1708 2162 ἀρχῆς·”

123 2185 280 2235 παῖδες
316 2180 365 2232 δὲ
403 2180 566 2247 ὥσπερ
600 2181 767 2244 ἄνηβοι
805 2182 879 2230 καὶ
919 2180 1051 2245 κόρια
1091 2179 1233 2245 μικρὰ
1278 2183 1372 2229 τῶν
1415 2178 1520 2242 ἄρτι
1566 2199 1705 2228 πεπι-

57 2273 104 2310 25
125 2261 389 2314 στευκότων
432 2264 460 2327 ἡ
513 2262 774 2327 νηπιωτέρα
823 2260 1023 2325 πληθὺς,
1068 2262 1317 2327 μονονουχὶ
1364 2264 1460 2311 τοῖς
1498 2281 1706 2320 πνευμα-

125 2350 264 2398 τικοῖς
300 2345 592 2410 σκιρτήμασι
623 2342 707 2406 τὴν
745 2344 884 2407 ἁγίαν
920 2341 1064 2395 ὅντως
1104 2340 1520 2392 κατακαλλύνουσι
1555 2338 1711 2401 πόλιν,

176 2528 204 2550 1.
232 2516 284 2549 καὶ
302 2522 524 2560 assumptum
542 2527 583 2548 ex
604 2514 643 2548 C.
913 2522 944 2553 5.
970 2511 1143 2554 ἡττεῖσθαι
1164 2510 1204 2545 C.
1468 2508 1500 2543 6.
1526 2510 1603 2543 νοῦν
1623 2508 1709 2542 B.C.

112 2563 228 2597 Ῥοηῐ.
247 2562 304 2597 οὖν
321 2563 414 2596 Aul).
653 2572 683 2604 7.
709 2561 769 2603 μὲν
786 2566 1007 2603 assumptum
1026 2571 1065 2592 ex
1086 2558 1126 2592 C.
1176 2556 1403 2600 πρεσβύτιδες
1421 2555 1462 2590 C.
1480 2555 1711 2599 πρεσβύτεραι

128 2609 219 2644 Edd.
524 2608 555 2642 S.
580 2607 697 2653 ῥάβδῳ
717 2607 757 2640 C.
776 2605 916 2650 ῥάβδοις
934 2604 992 2638 iid.
1298 2615 1330 2645 9.
1355 2603 1611 2647 γερονταγωγόν
1631 2601 1711 2636 C.b.

128 2656 401 2701 [γέροντα-γωγόν
418 2653 471 2699 b.]
490 2656 700 2699 χειραγωγόν
720 2654 765 2687 D.
785 2652 875 2686 Edd.
1135 2662 1187 2685 10.
1213 2650 1393 2693 ἇπολέμων
1410 2649 1554 2682 accessit
1572 2659 1612 2681 ex
1632 2647 1710 2681 C.b.

130 2714 142 2736 I
155 2714 182 2737 1.
208 2703 251 2737 ὡς
268 2703 355 2747 ἔφην
374 2701 413 2735 C.
433 2703 492 2742 μὲν
512 2700 602 2734 Edd.
652 2701 697 2735 εἷς
715 2701 799 2743 ἥβην
820 2699 859 2732 C.
878 2697 932 2742 ἐφ’
949 2698 1033 2740 ἥβην
1052 2696 1142 2730 Edd.
1430 2705 1482 2728 12.
1509 2695 1561 2727 καὶ
1579 2706 1648 2727 om.
1670 2693 1709 2727 C.

125 2749 356 2793 παραθέοντας
376 2748 461 2782 B.C.
480 2748 691 2791 παραθέντας
712 2746 801 2780 Edd.
820 2752 898 2779 ante
919 2744 1052 2788 Migne.
1310 2741 1362 2775 16.
1389 2741 1597 2783 κατηρῆσθαι
1616 2740 1710 2773 Aub.

131 2806 182 2840 19.
211 2796 245 2828 δέ
266 2796 343 2829 C.b.
361 2795 400 2837 δὴ
422 2794 511 2828 Edd.
560 2794 673 2829 αὐτοῖς
694 2793 734 2826 Β.
911 2801 965 2824 20.
990 2794 1056 2823 τῶν
1074 2789 1170 2823 deest
1187 2789 1223 2822 in
1243 2788 1333 2822 Edd.
1502 2798 1556 2820 21.
1583 2787 1711 2820 πολλοὶ

128 2841 220 2875 Edd.
237 2842 353 2875 invitis
374 2841 548 2875 B.C.D.b.
1022 2847 1076 2881 23.
1103 2837 1241 2880 ἔγραψα
1262 2834 1399 2868 B.C.D.
1419 2834 1544 2878 γράφω
1564 2833 1596 2866 b.
1617 2832 1709 2866 Edd.

130 2900 183 2931 24.
211 2888 245 2921 δέ
264 2900 333 2921 om.
354 2887 394 2921 C.
414 2887 544 2921 habent
563 2887 646 2921 D.b.
711 2884 828 2929 μικρὰ]
854 2889 888 2925 -4-
913 2883 1060 2927 νοηθεῖεν
1076 2881 1115 2917 ἂν
1133 2883 1167 2917 b.
1185 2881 1303 2916 invitis
1323 2880 1414 2914 C.D.
1576 2890 1630 2920 25.
1656 2894 1711 2921 νη-

126 2934 272 2977 πιωτέρα
293 2934 421 2968 C.D.b.
439 2935 625 2976 νηπιωτάτη
645 2932 735 2967 Edd.
1218 2928 1271 2961 26.
1299 2925 1598 2961 κατακαλλύνουσα
1618 2925 1710 2959 Edd.

127 2981 244 3015 invitis
262 2980 437 3014 omnibus.

1776 2103 1787 2123 1
1801 2092 1933 2123 S.Joa11.

1777 2146 1810 2166 11.
1832 2144 1881 2174 14.
