2053 3382
63 1464 149 1494 Acta
165 1462 220 1492 Εἶθ’.

61 1509 150 1547 App.
166 1507 209 1536 ix,

65 1560 114 1590 15.

66 1787 194 1817 Habae.

66 1831 111 1861 iii.
132 1830 160 1860 8.

72 2032 157 2068 748
174 2030 223 2064 A.

256 197 341 237 434
645 194 694 232 B.
739 187 1019 231 CYRILLI
1071 182 1454 226 ALEXANDR.
1679 187 1836 233 x.3—5.

261 304 463 371 e’vapye'a
532 299 776 367 ἀναδείξας
815 319 965 363 γαρε
946 295 1001 363 ἐξ
1035 293 1274 344 ΗΙουδαιων
1312 289 1419 343 τοὺς
1457 291 1538 351 τῆς
1577 286 1843 348 οἰκουμένης

261 404 618 450 μυσταγωγους,
665 403 771 433 τους
817 378 976 443 ἁγίους
1025 372 1325 426 ἀποστόλους
1372 373 1445 421 καὶ
1491 365 1847 433 εὐαγγελιστάς,

263 465 620 530 κατηγωνίσατο
647 460 731 522 μὲν
756 460 808 510 δι’
838 459 992 509 αὐτῶν
1015 479 1122 509 τους
1145 453 1397 517 Ελλήνων
1424 450 1620 519 σοφους,
1647 448 1849 517 ἐξείλετο

264 547 311 599 δε
362 569 469 599 τους
513 542 686 607 ἀμνοὺς
731 544 812 605 τῆς
861 540 1044 591 ἐκεινων
1092 534 1440 602 ἀθυροστομίας
1492 555 1581 594 και,
1631 534 1726 582 τῶν
1769 530 1852 591 τῆς

220 635 246 674 d
265 628 446 691 ἀπάτης
496 623 687 692 βρόχων
740 620 1042 689 ἀπαλλάξας,
1101 638 1392 680 μετεστησεν
1443 617 1504 667 εἷς
1560 609 1894 676 θεογνωσίαν5

265 710 351 795 τὴν
395 710 550 771 ἀληθῆ
597 729 671 756 και
723 703 990 767 ἀμώμητον.
1073 694 1381 766 ἐπισκέψεται
1433 696 1587 746 τοίνυν
1633 694 1755 760 φησι
1807 715 1853 741 το

267 793 461 858 ποίμνιον
489 789 620 840 αὐτου
653 811 717 838 τον
747 785 856 837 οἷκον
881 781 1040 835 [εὕδοι.
1094 780 1341 844 ποιήσεται
1368 776 1415 827 δε
1443 800 1566 827 αυτον
1593 773 1690 825 οἶον
1717 773 1857 823 ἵππον

272 871 459 941 ειζπρεπη
506 893 578 921 και
624 866 1022 928 πολεμικώτατον,
1064 864 1135 929 ἐφ’
1185 859 1222 911 ὡ
1273 863 1447 923 νοητῶς
1492 877 1740 921 μονονουχι
1783 855 1859 903 καὶ

271 953 596 1022 εποχούμενος,
650 953 731 1013 τῆς
783 946 1051 1010 Ελληνων,
1105 947 1166 997 ὡς
1217 942 1349 1009 εφην,
1402 936 1861 1004 καταστρατεύσεται

273 1036 504 1103 γλώττης,
551 1036 625 1083 καὶ
671 1035 753 1095 τῆς
801 1029 995 1093 ἐνουσης
1044 1028 1198 1079 αὐτοῖς
1247 1023 1423 1092 σοφιας
1469 1018 1764 1085 καταγράψει
1807 1015 1861 1066 τὸ
1886 1039 1933 1064 10

275 1115 483 1170 ἀκαλλὲς
535 1117 611 1165 καὶ
656 1114 896 1177 ἀνόνητον.
967 1110 1037 1161 ὅτι
1083 1107 1175 1173 γὰρ
1221 1129 1269 1156 εν
1311 1109 1410 1157 ταῖς
1453 1101 1707 1166 Ελλήνων
1759 1102 1859 1149 δια-

277 1203 479 1265 σποραῖς
531 1200 573 1247 oi
624 1195 870 1246 θεσπε’σιοι
914 1190 1141 1258 γεγόνασι
1182 1188 1385 1252 μαθηται
1433 1183 1506 1235 οιά
1549 1205 1667 1236 τινες
1717 1182 1866 1241 ἵπποι,

240 1303 261 1329 e
283 1281 527 1346 ιονονουχὶ
566 1275 1027 1344 καταχρεμετίζοντες
1063 1275 1145 1335 τῆς
1184 1270 1291 1335 παρ’
1328 1269 1480 1320 αὐτοῖς
1520 1263 1868 1330 ἀθυροστομιας

282 1386 356 1412 και
400 1365 687 1425 θεοστυγοῦς
729 1356 923 1420 ἀπατης,
966 1358 1066 1407 πῶς
1108 1351 1165 1402 ἂν
1206 1348 1466 1401 ἐνδοιασειε
1499 1371 1597 1407 τιςς
1650 1348 1869 1411 Χριστου

283 1444 504 1509 λέγοντος
524 1464 627 1506 περι
650 1463 733 1490 του
753 1438 982 1503 μακαρίου
1004 1435 1203 1486 Παυλου
1220 1455 1337 1497 προς
1356 1430 1580 1481 ἰἈιανιαν
1600 1436 1626 1457 “
1646 1424 1870 1492 Πορεύου,
1894 1442 1941 1480 15

530 1529 548 1538 Α
640 1523 649 1537 ‚
780 1523 798 1532 ⁶
865 1521 874 1534 ‚
950 1519 959 1534 2
1128 1516 1147 1525 η
1325 1518 1343 1527 Α
1523 1510 1535 1524 ,
1678 1508 1691 1522 x
1733 1507 1755 1523 ,s

286 1616 312 1638 ‘⁴
337 1630 427 1670 μου
466 1606 661 1656 ἐνώπιον
700 1604 845 1653 ἐθνῶν
884 1624 931 1651 τε
972 1601 1045 1650 καὶ
1085 1596 1328 1659 βασιλεων
1368 1617 1441 1643 και
1489 1595 1597 1642 υιῶν
1645 1588 1871 1656 Ῑσραηλ.’

287 1689 377 1757 ἔφη
419 1687 472 1738 δέ
506 1709 598 1738 που
638 1687 712 1735 καὶ
752 1685 776 1733 ὁ
814 1680 1100 1743 Ἀμβακουμ
1139 1681 1200 1731 ὡς
1238 1674 1355 1742 πρὸς
1395 1673 1536 1725 αὐτὸν
1577 1695 1659 1723 τον
1701 1671 1876 1736 Κυριον

288 1772 419 1834 ἡμῶν
450 1771 640 1832 Ἰησοῦν
673 1789 755 1816 τον
786 1762 1002 1830 Χριστον
1037 1761 1106 1811 ὅτι
1135 1756 1422 1822 ί”Επιβησῃ
1456 1757 1530 1806 ε’πὶ
1563 1777 1670 1806 τους
1708 1754 1877 1804 ίππους

291 1860 316 1882 “
343 1874 434 1902 σου
460 1852 534 1901 καὶ
554 1850 582 1913 ἡ
605 1845 809 1899 ἱππασία
835 1868 926 1895 σου
947 1842 1183 1907 σωτηρία]
1245 1840 1410 1889 οὐκοῦν
1431 1838 1535 1906 vorge
1522 1861 1551 1886 ι
1578 1835 1702 1886 αὐτον
1730 1834 1878 1901 φησιν
1902 1853 1950 1878 20

293 1937 349 1988 ὡς
378 1933 519 1983 ίππσν
553 1928 743 2000 εὐπρεπη
775 1929 811 1979 ἐν
839 1941 1025 1995 πολέμῳ
1054 1948 1130 1975 και
1160 1923 1204 1990 ἐξ
1232 1922 1362 1971 αὐτου
1390 1919 1536 1974 ἑπεβι
1541 1914 1666 1986 εῲεν.
1723 1937 1881 1977 ομοιον

255 2018 356 2068 adm
401 2018 435 2064 εἰ
483 2014 614 2077 λεγοι
663 2004 1013 2075 Κατεσκέψατο
1065 2003 1148 2067 μὲν
1191 2005 1252 2056 ὡς
1301 2001 1412 2056 Θεος
1457 2023 1563 2053 τους
1604 1997 1882 2061 ἐπιτηδείους

296 2102 357 2150 εἰς
416 2094 651 2146 δ-.ακονίαν
702 2096 795 2142 τῶν
846 2091 1162 2154 εὐαγγελικῶν
1218 2106 1554 2179 κηρυγματων,
1598 2079 1884 2131 ἀπολεκτους

298 2201 446 2244 γεμην
477 2174 733 2239 ἐποιησατο
765 2195 871 2225 τους
904 2172 959 2238 ἐξ
982 2166 1138 2230 Ιουσδα,
1172 2191 1248 2218 και
1286 2167 1331 2234 ἐξ
1368 2188 1449 2214 αυτ
1455 2166 1497 2214 οὗ
1533 2163 1695 2230 ἔταξεν·
1737 2160 1886 2210 είλετο

299 2260 394 2356 γὰρ
436 2280 601 2309 αυτους
644 2260 737 2306 τῶν
783 2255 908 2304 ἰδίων
954 2249 1233 2313 θελημάτων
1280 2245 1506 2312 ὑπηρετας
1549 2244 1768 2309 γενέσθαι
1811 2264 1885 2291 και
1908 2260 1956 2299 25

301 2338 578 2406 ὑπουργους,
610 2361 685 2388 και
716 2339 798 2398 τῆς
833 2333 941 2399 παρ’
977 2335 1140 2383 ἑαυτοῦ
1181 2351 1370 2397 χαριτος
1409 2328 1542 2377 οἱονει
1582 2324 1777 2388 μεσίτας
1813 2345 1887 2372 και

303 2422 556 2473 διακόνους.
634 2418 736 2469 εστι
782 2415 835 2466 δε
872 2423 994 2483 φησι
1042 2437 1118 2464 και
1163 2413 1208 2480 ἐξ
1249 2435 1387 2470 aurat),
1428 2410 1573 2471 δῆλον
1613 2403 1660 2455 δε
1699 2404 1768 2455 ὅτι
1806 2407 1889 2453 τοῦ

302 2505 469 2565 Ἰούδα,
510 2501 554 2552 τὶ
596 2501 633 2552 ἐν
672 2499 790 2567 θυμῷ
829 2496 1090 2559 τεινόμενον
1125 2493 1239 2562 τόξον
1273 2490 1391 2542 κατὰ
1427 2493 1520 2540 τῶν
1558 2487 1631 2538 ὑπ’
1665 2485 1887 2536 ἐναντίας.

357 2675 387 2704 5.
414 2660 627 2705 μετέστησαν
646 2657 736 2692 Edd.
939 2655 972 2688 8.
1000 2653 1140 2696 ευτρεπῆ
1160 2650 1256 2695 (hic)
1278 2650 1318 2683 B.
1340 2648 1442 2683 Pont.
1645 2656 1677 2689 9.
1706 2642 1891 2687 κατεστρά-

308 2723 409 2743 τευσε
427 2708 461 2741 b.
480 2708 550 2740 inv.
570 2705 611 2740 C.
618 2705 663 2739 D.
838 2713 889 2736 11.
915 2701 1073 2743 ἀνόνητον
1091 2699 1112 2732 h
1116 2700 1194 2732 abet
1213 2696 1255 2731 C.
1425 2693 1477 2727 16.
1504 2692 1580 2726 ἐστί
1596 2705 1652 2735 μοι
1670 2690 1736 2723 hoc
1754 2688 1829 2722 ord.
1850 2688 1891 2723 C.

314 2765 367 2799 17.
392 2769 429 2788 τε
446 2765 516 2787 om.
535 2751 575 2786 C.
641 2766 694 2785 και
712 2750 769 2783 alt.
789 2760 858 2782 om.
877 2748 960 2792 (sic)
950 2746 1021 2790 )C.
1225 2743 1276 2781 IS,
1300 2753 1351 2786 19.
1378 2742 1396 2773 ὁ
1414 2737 1692 2773 om.C.‹11’J·r‹}v
1710 2741 1743 2769 et
1760 2737 1817 2769 τὸν
1834 2736 1892 2768 alt.

311 2806 492 2844 assumpta
509 2811 549 2832 ex
570 2797 611 2832 C.
896 2804 950 2828 20.
978 2808 1042 2827 σου
1061 2791 1158 2837 plius
1176 2801 1245 2824 om.
1266 2790 1305 2822 C.
1593 2794 1649 2817 21.
1675 2783 1833 2825 εὐπρεπει
1852 2781 1893 2814 C.

314 2858 368 2880 22.
395 2847 438 2881 ὡς
456 2847 513 2879 alt.
535 2845 580 2878 D.
584 2845 619 2878 b.
639 2842 730 2877 Edd.
748 2843 766 2875 ὁ
785 2841 826 2876 C.
1268 2845 1322 2875 24.
1349 2832 1386 2875 ἐξ
1403 2831 1504 2865 αὐτοῦ
1524 2829 1563 2864 C.
1568 2829 1602 2863 b.
1621 2828 1658 2871 ἐξ
1676 2829 1784 2862 αὐτῶν
1802 2827 1893 2861 Edd.

316 2892 369 2926 26.
397 2893 515 2925 εαυτοῦ
535 2891 574 2925 C.
592 2891 693 2924 αὐτοῦ
710 2888 770 2922 iid.
1158 2892 1212 2927 27.
1238 2882 1313 2915 ἔστι
1334 2879 1372 2912 Β.
1379 2879 1424 2911 Ι).
1443 2878 1540 2912 ἔσται
1559 2875 1599 2910 C.
1618 2875 1667 2909 ἔτι
1686 2873 1777 2908 Edd.
1842 2873 1895 2906 καὶ

315 2944 536 2981 assumptum
554 2949 595 2970 ex
616 2937 656 2969 B.
663 2935 703 2969 C.
709 2935 755 2968 D
806 2934 909 2976 δῆλον
927 2932 994 2966 δέ
981 2931 1031 2966 ότι
1052 2930 1092 2965 C
1099 2930 1142 2963 D.
1162 2927 1317 2963 τουτέστι
1336 2923 1426 2959 Edd.
1759 2920 1813 2954 28.
1840 2918 1893 2954 ὑπ’

317 2983 464 3018 ἐναντίας
483 2983 522 3017 C.
528 2983 571 3016 D.
592 2981 793 3016 ὑπεναντίων
812 2979 903 3014 Edd.
