2053 3382
287 195 364 230 676

338 315 414 349 314
431 312 475 358 b;
505 311 650 348 hinnitu
671 323 853 359 equorum
873 310 1042 358 gaudens

338 379 413 412 317
436 389 477 418 a3
513 375 679 423 equitatu
705 375 907 423 privandus
932 387 1038 422 prae-

335 440 469 476 dicitur
495 443 569 476 317
593 453 636 486 c;
669 452 716 476 ne
743 439 937 475 nominare
965 440 1041 487 qui—

334 504 418 540 dem
451 505 573 540 Deum
605 504 692 540 sinit
723 507 799 541 319
828 516 871 550 c;
907 509 971 540 aut
998 515 1040 539 ex

334 568 413 615 ipsa
450 569 573 605 cordis
611 569 746 606 duritia
788 571 864 610 319
904 569 939 611 d,
979 574 1043 605 aut

334 632 586 681 blasphemiae
615 647 775 682 poenam
806 635 928 670 vitans
964 636 1040 670 320

337 698 415 744 ab;
451 705 630 747 tanquam
655 699 788 734 domus
815 711 954 747 magna
977 698 1040 734 de-

334 764 494 812 scriptus
540 766 616 801 320
650 764 701 809 d;

333 828 533 865 titudinem
601 828 736 877 abysso
804 834 1042 875 comparatur

339 896 414 930 324
440 893 488 935 (1;
522 906 590 942 pro
617 899 697 929 tota
725 892 906 935 Samaria,
934 892 1041 928 intel-

332 959 507 1007 ligendus
556 964 684 1006 utpote
731 957 850 994 tribus
904 957 1041 1005 regalis

335 1026 411 1061 434
433 1036 475 1065 a;
512 1035 579 1071 pro
610 1023 739 1059 decem
767 1022 938 1058 tribubus
965 1022 1040 1057 dic-

333 1094 412 1124 tum
441 1090 516 1124 737
539 1101 580 1133 e;
616 1100 689 1136 quo
717 1099 827 1123 sensu
856 1087 904 1122 sit
931 1099 1039 1122 arcus

334 1154 406 1189 Dei
434 1156 510 1192 740
536 1166 556 1189 a
575 1153 621 1198 b;
657 1165 740 1188 cum
766 1152 878 1197 Juda,
909 1164 1038 1187 omnes

331 1218 496 1254 ,Iudaeos
517 1218 692 1266 exprimit
714 1220 789 1254 740
810 1217 846 1252 b.

280 1282 547 1331 Ephraimitae‚
591 1283 636 1318 de
679 1280 890 1330 Apostolis,
934 1280 1037 1329 quasi

333 1347 588 1389 bellatoribus,
610 1347 749 1383 dictum
773 1349 849 1384 750
869 1347 903 1385 b.

278 1411 457 1460 Ephrata,
488 1425 556 1460 pro
588 1412 751 1449 Australi
778 1411 935 1455 Judaea,
969 1409 1036 1446 Ju-

332 1476 435 1512 daeis
455 1477 639 1524 promissa
662 1478 737 1512 362
760 1475 793 1514 d.

277 1541 474 1589 Epicui·uS‚
509 1541 780 1577 condemnatus
815 1553 836 1576 a
871 1539 1037 1580 Graecis,

331 1606 437 1653 quasi
458 1605 569 1643 fuerit
588 1607 685 1642 ἄθεος
706 1608 782 1642 589
808 1617 839 1640 c.

277 1669 500 1718 Epiphania,
530 1671 618 1706 urbs
652 1671 697 1706 ab
727 1668 916 1705 Antiocho
947 1668 1036 1716 Epi-

330 1734 452 1781 phane
473 1735 665 1771 nominata
687 1736 762 1771 313
784 1747 814 1770 a.

751 770 903 812 propter
946 763 1042 798 mul-

277 1798 465 1847 Episcopi,
497 1813 565 1848 pro
599 1800 715 1836 oculis
750 1798 903 1834 Christo
938 1803 1037 1838 sunt,

330 1876 397 1910 per
421 1877 513 1912 quos
537 1864 576 1901 in
601 1865 700 1901 Eum
721 1863 960 1900 credentibus
984 1861 1039 1897 in-

329 1932 456 1965 tuetur
477 1931 552 1967 692
574 1930 608 1968 b.

277 1991 386 2038 Equi,
431 2006 453 2029 a
498 1993 743 2030 Samaritanis
790 1990 1037 2039 multiplicati,

328 2069 488 2106 pompae
528 2071 640 2095 causa
679 2061 755 2095 317
797 2069 841 2102 a;
890 2055 1036 2091 hinnire

332 2122 455 2158 solent
502 2123 650 2171 publice
704 2122 810 2170 quasi
864 2119 1036 2156 consulto

335 2189 409 2224 317
431 2188 476 2233 b;
511 2202 533 2224 a
553 2187 714 2224 dominis
742 2184 911 2233 superbis
937 2184 1037 2220 aufe-

328 2252 435 2288 rendi
469 2253 733 2301 praedicuntur
768 2253 844 2288 317
882 2262 925 2295 ο;
969 2261 1036 2296 pro

330 2317 532 2364 Apostolis,
555 2317 747 2353 Christum
770 2314 1034 2352 circumferen-

329 2382 440 2423 tibus,
480 2382 620 2418 dictum
660 2383 736 2418 564
776 2380 822 2426 b;
873 2381 949 2415 573
989 2377 1034 2423 b;

329 2446 419 2482 item
440 2459 507 2494 pro
535 2446 665 2481 iisdem
693 2456 781 2493 prae
804 2443 946 2479 laetitia
965 2441 1035 2477 fre-

329 2511 516 2547 mentibus
534 2513 610 2547 572
628 2510 649 2546 d
664 2523 672 2556 3
703 2509 740 2545 in
759 2508 898 2544 visione
916 2506 1036 2543 Zach-

328 2575 438 2621 ariae,
464 2588 532 2624 pro
561 2575 689 2623 regnis
715 2572 845 2609 mundi
871 2571 1033 2607 clariori-

330 2640 400 2675 bus
436 2643 512 2677 700
548 2653 589 2685 e;
636 2638 808 2675 militaris
837 2636 1034 2672 violentiae

328 2705 551 2753 symbolum,
616 2703 737 2751 impiis
798 2699 1034 2749 disperdendi

334 2772 408 2806 737
430 2769 455 2804 b
473 2769 505 2805 d.

276 2833 486 2882 Equitatus,
502 2832 655 2869 Judaeis
670 2830 892 2867 interdictus
907 2833 984 2866 443
1001 2842 1032 2865 c.

275 2897 443 2946 Equites,
465 2897 567 2945 Cyri,
590 2896 723 2933 terrori
747 2901 853 2932 erant
877 2893 1033 2931 Ninevi-

329 2961 376 2999 tis
409 2963 482 2998 498
515 2961 560 3007 d3
600 2961 781 2998 falsorum
812 2960 1032 3009 dogmatum

824 192 1039 230 INDEX
1097 191 1345 228 RERUM.

1672 204 1869 228 EPHRMM.

1166 310 1279 347 duces
1306 310 1492 359 significat
1515 313 1590 349 ¹749
1612 323 1653 356 a;
1685 311 1730 347 de
1751 311 1868 347 Grae-

1165 375 1243 411 ciae
1277 375 1504 423 sapientibus
1537 375 1679 411 dictum
1715 377 1790 412 749
1825 387 1868 420 e;

1165 452 1232 488 pro
1253 440 1443 488 quibusvis
1468 439 1766 488 persecutoribus
1793 439 1870 475 dic-

1168 512 1248 542 tum
1271 507 1347 542 775
1368 517 1390 540 a
1403 517 1411 550 3
1442 517 1463 540 a
1483 504 1620 540 sanctis
1642 503 1870 552 martyribus

1165 569 1412 618 obstupefacti
1434 571 1509 608 775
1530 568 1564 605 b.

1111 636 1252 684 Equus,
1282 635 1364 671 Deo
1398 638 1644 682 repugnante,
1675 632 1779 668 nihili
1813 638 1870 668 est

1165 703 1242 737 274
1267 699 1311 744 b3
1352 698 1544 746 superbiae
1574 703 1687 745 typus
1719 699 1791 733 321
1823 696 1868 742 b;

1164 777 1277 812 equas
1298 776 1408 811 super
1432 763 1604 811 scopulos
1628 774 1867 810 persequens,

1163 828 1404 877 Assyriorum
1465 827 1685 866 irruentium
1746 826 1870 874 figura

1165 896 1237 930 321
1262 906 1302 939 03
1334 893 1447 938 rufus,
1468 892 1537 928 Dei
1563 891 1656 927 iram
1684 890 1869 940 significat

1164 961 1240 995 658
1269 971 1312 1004 a3
1349 959 1425 994 659
1457 969 1501 1003 a;
1536 956 1791 1004 cujuscunque
1820 955 1869 991 sit

1163 1023 1310 1064 coloris,
1331 1035 1398 1070 pro
1419 1021 1570 1070 regibus
1590 1020 1729 1056 bellicis
1749 1025 1866 1056 meta-

1162 1088 1313 1136 phorice
1348 1087 1484 1124 dicitur
1515 1088 1592 1122 659
1625 1085 1669 1131 d;
1713 1097 1781 1133 pro
1813 1085 1868 1120 in-

1161 1152 1374 1188 cursatione
1421 1151 1588 1187 hostium
1636 1152 1711 1186 737
1761 1149 1784 1185 b
1818 1162 1837 1185 c
1858 1162 1866 1195 ;

1162 1217 1418 1264 metaphorice
1443 1216 1488 1252 de
1510 1215 1702 1264 Apostolis
1726 1215 1867 1250 dictum

1165 1285 1238 1318 747
1254 1294 1273 1318 c
1287 1282 1330 1327 d3
1357 1294 1423 1329 pro
1439 1281 1569 1329 quovis
1582 1280 1770 1316 Ecclesiae
1786 1291 1868 1326 per-

1162 1352 1331 1382 secutore
1361 1344 1498 1383 dicitur
1528 1348 1603 1381 774
1636 1357 1680 1390 e;
1720 1347 1794 1380 775
1825 1356 1867 1389 c;

1161 1411 1456 1459 obstupefactus,
1495 1410 1583 1458 quid
1621 1409 1668 1445 sit
1707 1411 1782 1445 775
1820 1408 1866 1454 b;

1163 1476 1383 1523 voluptuarii
1405 1476 1586 1523 cujusque
1602 1480 1713 1522 typus
1730 1476 1806 1510 809
1820 1473 1866 1518 b;

1162 1540 1248 1576 belli
1269 1540 1494 1588 symbolum,
1513 1539 1550 1574 in
1572 1538 1744 1574 Ecclesia
1762 1550 1867 1585 prae-

1160 1604 1296 1640 dicitur
1316 1610 1530 1639 cessaturus
1553 1605 1628 1639 812
1652 1615 1671 1638 c
1687 1603 1722 1639 d.

1105 1669 1269 1709 Erectio,
1288 1668 1499 1716 spiritualis,
1516 1668 1594 1715 ipse
1616 1667 1790 1703 Christus
1810 1671 1867 1703 est

1162 1736 1237 1770 734
1260 1745 1278 1768 c
1299 1745 1331 1769 e.

1108 1798 1235 1839 Error,
1253 1798 1426 1833 virtutem
1443 1796 1602 1837 animae,
1620 1796 1715 1832 sicut
1734 1795 1866 1831 humo-

1159 1875 1238 1898 rem
1258 1874 1364 1904 uvae,
1387 1861 1561 1897 exhaurit
1582 1862 1658 1896 624
1680 1873 1715 1897 a.

1106 1926 1274 1968 Errores,
1326 1926 1363 1961 in
1419 1925 1588 1962 Ecclesia
1645 1924 1866 1972 quandoque

1159 1991 1360 2027 cessabunt
1381 1993 1456 2027 734
1479 2002 1523 2035 ej
1557 1992 1632 2026 735
1655 1990 1691 2025 d.

1104 2055 1236 2101 Erum,
1255 2062 1277 2075 ‘¹
1292 2055 1364 2092 Dei
1380 2054 1590 2090 fortitud0”
1607 2054 1746 2090 ironice
1767 2053 1866 2089 dicta

1160 2122 1236 2157 225
1259 2120 1304 2162 d;
1347 2120 1394 2155 ad
1423 2119 1716 2155 imbecillitatem
1745 2118 1864 2154 homi-

1158 2197 1246 2221 num
1276 2184 1526 2221 exhibendam
1560 2183 1674 2219 missa
1708 2185 1785 2220 225
1818 2195 1863 2228 e;

1157 2249 1202 2286 ab
1249 2248 1458 2287 Haereticis
1504 2248 1670 2296 profanis
1713 2247 1865 2284 Christo

1157 2319 1372 2362 comparata
1393 2315 1469 2354 226
1492 2326 1511 2349 e
1528 2325 1538 2358 3
1569 2326 1616 2349 ex
1637 2325 1721 2349 rore
1741 2318 1863 2350 matu-

1157 2378 1236 2414 tino
1256 2384 1435 2426 generata
1456 2379 1531 2414 388
1553 2391 1583 2414 a.

1104 2443 1353 2490 Erythraeum
1380 2442 1502 2483 Mare,
1528 2442 1791 2490 navigantibus
1816 2442 1864 2479 ad

1158 2507 1272 2543 Indos
1292 2507 1569 2555 frequentatum
1593 2508 1668 2543 369
1691 2519 1722 2543 e.

1104 2572 1244 2612 Esaias,
1263 2584 1375 2618 quare
1392 2571 1521 2619 jussus
1542 2583 1580 2607 se
1600 2571 1740 2607 nudare
1760 2573 1806 2607 14
1822 2583 1862 2616 e;

1161 2638 1207 2673 16
1225 2635 1274 2682 d;
1303 2634 1442 2672 Christi
1463 2641 1575 2683 typus
1595 2637 1641 2673 17
1658 2647 1704 2681 03
1733 2635 1863 2683 plagas

1157 2699 1297 2737 Christi
1314 2699 1492 2736 Crucifixi
1512 2699 1740 2747 praevidisse
1759 2699 1861 2735 vide-

1156 2771 1217 2801 tur
1238 2766 1314 2802 415
1336 2764 1359 2799 d
1375 2776 1386 2809 ς
1415 2763 1598 2800 visionem
1625 2762 1697 2800 Dei
1723 2763 1860 2799 claram

1155 2828 1286 2865 habuit
1307 2830 1384 2866 658
1406 2828 1443 2864 d.

1102 2895 1203 2931 Esau
1237 2905 1350 2940 quare
1383 2905 1430 2928 ex
1464 2897 1570 2927 utero
1604 2890 1686 2928 Deo
1719 2891 1861 2928 invisus

1159 2960 1232 2995 169
1254 2970 1274 2993 a
1289 2970 1299 3003 3
1327 2955 1659 3005 primogenituram
1681 2956 1858 2998 vendens,
