2018 3387
114 224 232 275 i.10‚
262 239 324 265 11.
492 226 563 266 IN
607 226 1047 266 MALACIHAM.
1110 226 1260 266 TOM.
1297 225 1331 265 1.
1620 228 1700 264 565

114 339 141 361 “
168 337 333 383 σεσθε.
405 332 484 383 ε’ἀν
529 334 699 401 φέρητε
746 335 1012 397 σεμίδαλιν,
1057 333 1270 397 μάταιον·
1330 334 1540 396 θυμίαμα
1585 333 1697 393 βδέ-

116 421 144 442 “
170 415 333 478 λυγμά
367 438 446 477 μοι
480 417 628 465 ἐστί·”
683 416 758 466 διὰ
791 416 846 466 δέ
871 439 924 481 γε
955 419 1036 479 τῆς
1061 417 1283 482 Ἰερεμίου
1311 418 1472 482 φωνῆς
1499 422 1525 444 “
1544 418 1697 465 Συνα-
1772 430 1926 459 Hier-vii.

115 502 142 523 ‘⁶
168 494 336 560 γάγετε
374 495 433 546 τὰ
476 497 848 560 ὁλοκαυτώματα
893 499 1021 560 ὑμῶν
1064 497 1182 559 μετὰ
1223 502 1318 547 τῶν
1357 501 1535 547 θυσιῶν
1576 498 1704 558 ὑμῶν
1768 482 1818 503 21'

115 583 143 605 ‘⁶
170 579 244 626 καὶ
279 576 454 644 φάγετε
486 577 545 628 τὰ
580 578 704 644 κρεά,
738 578 809 628 ὅτι
844 580 926 629 οὐκ
961 578 1182 642 ἐλάλησα
1213 578 1330 644 πρὸς
1362 577 1468 631 τοῦς
1500 578 1705 644 πατέρας·

74 674 95 712 5
117 664 143 685 “
170 658 297 719 ὑμῶν
327 661 432 724 περὶ
471 658 878 722 ὁλοκαυτωμάτων
911 660 987 709 καὶ
1023 663 1216 717 θυσιῶν,
1255 661 1301 709 ἐν
1337 658 1365 727 ᾗ
1401 659 1549 728 ἡμέρᾳ
1586 659 1700 723 ἀνή-

117 746 144 767 “
170 762 322 804 γαγον
347 739 513 793 αὐτοὺς
545 742 594 791 ἐκ
622 744 708 806 γῆς
737 741 1026 805 Αἱγύπτου.”
1079 741 1383 794 ὑποτύπωσις
1415 740 1508 807 γὰρ
1543 740 1706 807 ὥσπερ

118 823 191 872 καὶ
225 822 627 890 προαναφώνησις
653 825 735 886 τῆς
758 824 806 873 ἐν
831 822 1065 886 πνεύματί
1086 845 1134 873 τε
1165 825 1239 872 καὶ
1265 823 1462 891 ἀληθείᾳ
1488 824 1704 888 λατρείας
1724 844 1745 870 e

118 903 143 952 ὁ
193 903 333 967 νόμος
381 903 454 968 ἧν,
503 906 578 954 καὶ
625 912 650 934 ‘⁶
667 904 955 966 δικαιώματα
999 903 1226 969 σαρκὸς,”
1277 906 1339 957 ὡς
1383 906 1407 954 ὁ
1452 904 1706 959 θεσπέσιος
1769 919 1918 950 Eeb-ix-

118 984 291 1054 γράφει
331 990 541 1049 Παῦλος,
575 986 752 1055 “με’χρι
793 992 954 1052 καιροῦ
994 986 1287 1050 διορθώσεως
1326 987 1630 1048 ἐπικείμενα.”
1682 989 1707 1037 ὁ
1774 973 1822 994 ω’

53 1089 100 1114 10
120 1067 179 1116 δέ
212 1089 266 1131 γε
306 1070 388 1131 τῆς
435 1068 804 1134 ἐπανορθώσεως
850 1066 1007 1133 καιρὸς
1052 1067 1119 1130 εἴη
1161 1065 1219 1117 ἂν
1258 1069 1344 1134 οὐχ
1388 1068 1540 1132 ἕτερος
1581 1066 1713 1132 οἶμαί

120 1171 187 1201 τις
212 1148 343 1214 παρὰ
368 1148 452 1213 τὴν
472 1155 554 1200 τοῦ
582 1152 800 1215 Σωτῆρος
828 1150 959 1213 ἡμῶν
984 1150 1243 1212 ἐπιδημίαν.
1292 1148 1362 1199 ὅτι
1389 1151 1464 1199 καὶ
1490 1149 1517 1212 ἡ
1544 1149 1707 1215 πρώτη

120 1228 206 1293 μὲν
246 1230 442 1295 διαθήκη
485 1230 560 1281 διὰ
603 1230 657 1282 τὸ
696 1231 751 1282 τὸ
793 1231 1036 1295 ἄμεμπτον
1077 1232 1158 1281 οὐκ
1204 1231 1343 1298 ἔχειν,
1388 1233 1709 1297 ἀφανισθῆναι
1771 1248 1910 1279 mviii.

121 1311 327 1376 λέγεται·
394 1313 666 1377 ε’παλαιώθη
712 1312 818 1379 γὰρ·
879 1315 962 1376 τῆς
1012 1312 1162 1378 γεμὴν
1212 1313 1315 1366 νεάς
1372 1315 1447 1363 καὶ
1497 1312 1710 1379 δευτέρας
1773 1300 1869 1332 7313-

122 1393 319 1459 ἐζητήθη
350 1392 507 1457 τόπος,
542 1394 571 1458 ἢ
607 1397 682 1445 καὶ
715 1394 892 1449 παντὸς
926 1394 1132 1445 ἐπέκεινα
1168 1394 1333 1457 μώμου
1367 1418 1414 1444 τε
1451 1396 1526 1445 καὶ
1562 1395 1711 1448 αἰτίας

57 1494 103 1532 15
123 1476 241 1526 ἐστί,
304 1475 568 1539 λελάληται
604 1476 697 1543 γὰρ
731 1477 784 1527 δι’
814 1477 956 1527 αὐτοῦ
989 1482 1072 1527 τοῦ
1097 1476 1249 1534 Υἱοῦ,”
1270 1475 1320 1529 ὃς
1359 1479 1434 1526 καὶ
1475 1475 1712 1542 Μεγάλης
1774 1493 1827 1523 Es.
1844 1493 1888 1524 ix.
1903 1493 1932 1524 6.

123 1560 304 1621 βουλῆς
338 1557 542 1623 ἄγγελος
581 1557 868 1622 ὠνόμασται.
928 1557 1168 1624 τοιγάρτοι
1209 1560 1285 1608 καὶ
1323 1558 1531 1627 ἔφασκεν
1559 1558 1709 1610 “Ἀπ’
1729 1551 1751 1574 a
1774 1541 1930 1621 ξεᾞῃῇ]

125 1647 151 1669 “
176 1641 377 1703 ἐμαυτοῦ
416 1640 469 1690 οὐ
508 1644 663 1703 λαλῶ,
705 1641 815 1691 ἀλλ’
845 1641 869 1690 ὁ
909 1639 1104 1708 πέμψας
1143 1662 1199 1701 με
1236 1638 1420 1705 Πατὴρ,
1457 1639 1595 1694 αὑτός
1633 1663 1713 1704 μοι
1774 1634 1830 1665 xii.
1846 1644 1899 1674 49·

124 1728 152 1750 ‘⁶
177 1721 374 1786 ἐντολὴν
400 1721 559 1784 ἔδωκε,
589 1723 639 1773 τί
660 1723 773 1774 ε’ίπω
802 1724 877 1773 καὶ
904 1723 952 1773 τί
974 1721 1226 1786 λαλήσω.”

189 1801 327 1871 ’Έφη
366 1805 521 1855 τοίνυν
555 1806 762 1870 ἐναργῶς
800 1809 895 1857 τοῖς
928 1803 1047 1854 κατὰ
1085 1803 1167 1853 τὸν
1202 1802 1346 1866 νόμον
1381 1802 1710 1868 ἱερατεύουσιν,

61 1909 108 1933 20
127 1886 188 1938 ὡς
221 1885 496 1949 ἀνεθέλητοί
529 1908 578 1936 τε
617 1887 736 1936 εἰσιν
771 1887 917 1954 αὐτῷ,
960 1889 1151 1946 μᾶλλον
1187 1884 1235 1934 δὲ
1274 1886 1335 1938 ὡς
1373 1886 1410 1935 ἐν
1445 1885 1601 1937 αὐτοῖς
1637 1889 1714 1936 οὐκ

126 1966 218 2033 ἔχει
267 1965 443 2034 θέλημα,
491 1969 539 2017 ἐν
582 1968 735 2020 σκιάις
780 1969 855 2017 καὶ
898 1967 1061 2020 τύποις
1104 1971 1349 2031 πληροῦσι
1393 1966 1478 2020 τὰς
1530 1968 1711 2029 θυσίας,

128 2051 202 2098 καὶ
242 2050 304 2101 ὡς
345 2051 426 2099 οὐκ
461 2047 518 2098 ἂν
559 2045 850 2118 προσδεξαιτο
889 2047 948 2098 τὰ
991 2048 1100 2113 παρ’
1143 2048 1296 2098 αὐτῶν
1336 2047 1709 2113 ἱερουργούμενα.

127 2130 431 2196 προαγορεύει
470 2129 517 2181 δὲ
557 2129 626 2181 ὅτι
666 2132 741 2181 καὶ
780 2130 910 2197 μέγα
949 2132 1023 2180 καὶ
1062 2129 1280 2197 ἐπιφανὲς
1321 2130 1453 2180 ε”ο-ται
1492 2130 1537 2180 τὶ
1579 2131 1714 2197 ὄνομα

128 2212 271 2262 αὐτοῦ
305 2211 434 2278 παρὰ
466 2217 563 2264 τοῖς
597 2211 686 2262 ἀνὰ
719 2216 883 2263 πᾶσαν
914 2211 998 2275 τὴν
1033 2212 1106 2262 ὑπ’
1137 2211 1352 2277 οὐρανὸν,
1392 2218 1469 2262 καὶ
1506 2213 1544 2262 ἐν
1577 2217 1712 2262 παντὶ

65 2315 111 2352 25
130 2293 252 2364 τόπῳ
296 2316 346 2344 τε
398 2296 472 2344 καὶ
517 2294 634 2344 ἔθνει
679 2293 824 2345 θυσίαι
870 2292 1060 2361 καθαραὶ
1112 2294 1187 2343 καὶ
1231 2292 1506 2356 ἀναίμακτοι
1551 2316 1709 2359 προσ-
1732 2298 1758 2338 b

131 2374 505 2439 κομισθήσονται
542 2380 602 2445 τῷ
643 2377 819 2443 ὀνόματι
859 2376 1014 2436 αὐτοῦ,
1060 2372 1533 2440 κατασμικρυνόντων
1574 2374 1715 2426 αὐτὸν

131 2455 280 2507 οὐκέτι
321 2461 416 2506 τῶν
454 2460 721 2522 ἱερουργῶν,
768 2457 872 2507 οὔτε
913 2456 1006 2519 μὴν
1044 2456 1263 2524 ῥᾳθύμως
1303 2455 1716 2521 προσ-κομιζόντων

133 2539 257 2606 αὐτῷ
288 2536 371 2590 τὰς
405 2537 720 2600 πνευματικὰς
754 2539 985 2603 λατρείας·
1032 2538 1141 2587 ἀλλ’
1171 2538 1218 2587 ἐν
1245 2540 1432 2604 σπουδῇ
1464 2539 1539 2587 καὶ
1573 2539 1710 2588 ἐπιει-

132 2621 231 2687 κείᾳ
281 2621 357 2670 καὶ
407 2620 632 2688 ἁγιασμῷ
680 2617 763 2672 τὰς
814 2623 909 2669 τῶν
955 2623 1132 2681 νοητῶν
1180 2618 1484 2681 θυμιαμάτων
1529 2619 1717 2673 εὐωδίας

183 2759 215 2782 2.
242 2748 450 2793 συναγάγετε
482 2748 522 2781 τὰ
552 2749 813 2791 ὁλοκαυτώματα
842 2748 933 2791 ὑμῶν
959 2747 1026 2781 hoc
1056 2747 1178 2782 ordine
1209 2747 1251 2781 Β.
1281 2748 1489 2792 συναγάγετε
1519 2755 1599 2793 post
1627 2749 1718 2791 ὑμῶν

134 2800 370 2839 transponunt
388 2793 480 2828 Edd.
500 2793 611 2838 (AN.
629 2794 714 2838 Sec.)
831 2806 863 2835 4.
890 2794 931 2827 τὰ
949 2793 1053 2827 habet
1072 2793 1114 2827 B.
1228 2803 1259 2838 7.
1284 2795 1342 2837 τῆς
1359 2801 1392 2828 et
1409 2796 1566 2838 λατρείας
1583 2807 1653 2829 om.
1675 2796 1715 2829 Β.

134 2841 280 2884 ἀληθοῦς
298 2840 390 2874 Edd.
643 2841 676 2874 8.
703 2842 720 2873 ὁ
738 2840 796 2873 alt.
815 2846 1037 2884 assumptum
1054 2852 1095 2873 ex
1117 2840 1158 2874 B.
1416 2852 1428 2874 1
1441 2852 1467 2874 ῐ.
1494 2841 1562 2886 ὅτι]
1583 2841 1639 2875 ὅτε
1657 2842 1717 2875 iid.

141 2898 194 2920 12.
215 2886 371 2931 διαθήκη]
388 2886 538 2921 διάθεσις
556 2885 615 2919 iid.
818 2898 869 2928 14.
897 2885 1039 2929 ἐξῃτὴθη
1058 2887 1152 2920 Aub.
1358 2896 1410 2931 15.
1438 2889 1605 2930 λελάληκε
1624 2888 1719 2922 Edd.

138 2932 179 2966 δι’
198 2933 299 2966 αὐτοῦ
316 2935 376 2966 τοῦ
393 2932 490 2977 Υἱοῦ]
511 2931 552 2966 δι’
571 2932 671 2975 αὐτῆς
688 2932 747 2966 iid.
886 2934 938 2966 18.
966 2933 1088 2966 δέδωκε
1107 2932 1197 2966 Edd.
1345 2945 1397 2977 19.
1423 2935 1480 2967 τὸν
1497 2941 1719 2979 assumptum

139 2991 180 3012 ex
201 2979 242 3011 B.
679 2990 733 3012 21.
762 2978 932 3022 θελήματα
952 2979 1012 3013 iid,
1078 2981 1157 3023 σκιᾷ
1176 2979 1235 3013 iid.
1301 2980 1359 3014 τὰς
1377 2988 1598 3025 assumptum
1616 2993 1655 3014 ex
1679 2981 1720 3015 B.

142 3036 195 3059 22.
223 3027 262 3058 τὰ
280 3024 356 3068 παρ’
376 3025 483 3059 αὐτῶν
501 3025 565 3059 hoc
590 3025 710 3059 ordine
731 3026 771 3059 Β.
963 3037 1016 3070 23.
1046 3027 1096 3059 καὶ
1116 3026 1212 3071 prius
1231 3033 1451 3070 assumptum
1471 3039 1511 3061 ex
1532 3027 1573 3062 B.
