1997 3361
55 620 78 659 5

33 1034 80 1059 10

34 1442 79 1480 15

37 2019 85 2043 20

101 163 157 205 iii.
183 177 219 206 1.
552 164 626 205 IN
672 165 937 205 NAIIUM.
998 164 1151 205 TOM.
1186 164 1220 205 I.
1620 166 1674 204 -10

100 273 253 326 αὐτοῖς
297 272 627 342 ἀξιιίκουστον.
687 274 790 328 ε”θος
830 274 923 340 γὰρ
966 273 1022 338 ἧν
1062 274 1342 342 ε’πιφύεσθαι
1383 272 1468 336 μὲν
1511 272 1675 326 αὐτοὺς

98 353 277 405 πόλεσί
302 378 351 405 τε
390 358 465 406 καὶ
502 356 687 423 χώραις,
715 356 1022 422 ε’πιθρώσκειν
1059 379 1106 406 τε
1146 360 1483 422 θηριοπρεπῶς,
1512 353 1581 407 οἷς
1620 353 1677 404 ἂν

99 435 280 487 ’ἕλοιντο
317 437 472 504 τυχὸν,
499 440 640 504 μυρία
671 462 720 489 τε
752 439 844 489 ὅσα
884 442 1012 505 δρᾶν,
1039 441 1101 492 ὡς
1138 443 1232 488 τῶν
1257 436 1560 489 πεπονθότων
1592 436 1675 489 τὰς

98 517 351 586 συμφορὰς
389 519 515 588 ᾠδὴν
552 525 626 571 καὶ
666 524 836 586 θρῆνον
861 525 1062 574 πολλοῖς
1092 520 1326 586 γενέσθαι.
1387 517 1672 588 ἐξολοθρευθή-
1693 539 1715 564 a
1741 531 1829 565 504
1846 530 1895 565 A.

99 604 273 650 σεσθαι
311 600 366 665 δὴ
402 603 483 652 οὖν
509 607 660 671 φησιν
684 604 836 654 αὐτῶν
863 603 932 663 τὴν
958 602 1089 672 θήραν.
1152 607 1250 656 πῶς
1290 601 1382 667 γὰρ
1409 601 1612 664 ε”μελλον
1646 599 1675 665 ἦ

98 681 202 732 τίνα
251 684 421 735 λοιπὸν
470 686 832 752 καταθηρεύσειν
883 686 960 746 ἔτι,
1013 683 1394 748 κατεπτοημένων
1449 682 1532 745 μὲν
1582 687 1676 733 τῶν

99 764 333 828 ἀγελαίων
372 769 448 818 καὶ
492 767 797 836 πεφευγότων
835 769 896 820 ὡς
939 769 988 817 ἐκ
1036 772 1227 829 καπνοῦ,
1272 764 1586 817 πεπτωκότων
1627 764 1675 815 δὲ

98 851 192 897 τῶν
221 848 577 916 μαχιμωτάτων,
604 850 646 900 οἳ
684 850 814 914 δίκην
849 851 1034 900 λεόντων
1072 853 1167 902 τοῖς
1206 846 1548 912 ἀνθεστηκόσιν
1575 849 1675 898 ἐπε-

100 930 307 998 φύοντο;

173 1013 513 1079 Ἐπεγήγερται
556 1013 603 1064 δὲ
645 1016 719 1064 καὶ
762 1018 857 1067 τοῖς
900 1011 1321 1079 κυριοκτονήσασιν
1364 1012 1603 1064 Ἰουδαίοις
1651 1012 1674 1061 ό

100 1099 194 1145 τῶν
220 1094 346 1146 ὅλων
372 1093 506 1157 Θεὸς,
533 1098 594 1148 ὡς
621 1099 682 1148 εἰς
708 1094 864 1146 πάντα
898 1094 982 1158 μὲν
1017 1095 1185 1156 ἄνεμον
1210 1092 1295 1157 τὴν
1319 1097 1413 1143 τῶν
1439 1094 1675 1157 ἀγελαίων

100 1179 541 1240 κατασκεδασθῆναι
578 1176 782 1241 πληθὺν,
817 1180 962 1243 θῆρας
1001 1176 1049 1227 δὲ
1088 1176 1250 1241 ὥσπερ
1290 1174 1441 1237 ὠμοὺς
1480 1179 1669 1225 συνδιο-

1737 1111 1854 1141 Enoch.

1736 1165 1766 1185 v.
1782 1164 1829 1185 10.

99 1260 270 1310 λε’σθαι
308 1264 404 1313 τοῖς
440 1264 642 1313 πολλοῖς
679 1258 785 1312 τοὺς
823 1263 917 1310 τῶν
956 1258 1121 1309 ἄλλων
1160 1257 1563 1324 ἐπιφανεστέρους.
1623 1258 1719 1308 0131>

101 1346 319 1409 φορητῶς
361 1341 455 1408 γὰρ
493 1341 903 1406 δεδυσσεβήκασιν
945 1343 1006 1394 εἶς
1051 1340 1132 1391 τὸν
1166 1344 1260 1390 τῶν
1308 1339 1434 1390 ὅλων
1478 1342 1675 1406 Σωτῆρα

100 1423 332 1492 Χριστόν.

312 1633 374 1676 9Ω
400 1636 521 1678 Πόλις
548 1633 755 1686 αἱμάτων,
781 1635 860 1677 ὅλΗ
886 1633 1063 1685 ψευδὴς,
1090 1633 1258 1689 Πλύρι-ιο
1285 1631 1464 1673 ἀδικίας.

189 1765 397 1834 Αἱμοίτων
448 1763 592 1829 αὐτὴν
641 1767 772 1817 πόλιν
822 1763 1084 1828 ὠνόμασεν
1140 1762 1426 1825 ἑτοιμότατοι
1474 1758 1568 1826 γὰρ
1618 1763 1679 1813 εἰς

102 1845 273 1916 φόνους
310 1849 384 1898 καὶ
423 1847 699 1916 φιλαίματοι
738 1847 846 1898 λίαν
884 1850 926 1897 οὶ
964 1850 1046 1910 τῆς
1073 1845 1233 1897 Νινευῖ
1263 1840 1675 1906 βεβασιλευκότες·

1698 1646 1803 1696 Κεφ.
1828 1642 1877 1695 γ’.

103 1928 418 1996 φιλοπόλεμοι
455 1929 503 1980 δὲ
547 1931 622 1980 καὶ
663 1929 826 1995 ἑτέρως
866 1933 909 1980 οὶ
946 1931 994 1980 ἐν
1032 1929 1163 1996 αὐτῇ,
1202 1929 1277 1977 καὶ
1313 1925 1568 1977 ἀτιθάσους
1609 1925 1716 1974 delo

103 2013 208 2062 καθ’
237 2009 301 2061 ὧν
325 2010 382 2062 ἂν
407 2011 515 2062 ἰὀιεν
541 2010 624 2065 τὰς
648 2011 844 2081 ἐφόδους
869 2014 1105 2063 ποιεῖσθαι
1131 2006 1488 2074 σπουδάζοντες.
1550 2002 1674 2075 ψευ-

103 2091 178 2154 δὴς
226 2094 282 2144 δέ
325 2098 489 2161 φησιν,
533 2092 603 2144 ὅτι
652 2096 726 2144 καὶ
775 2093 981 2145 εἰδώλων
1025 2091 1191 2156 μεστὴ,
1237 2089 1308 2159 ἐφ’
1349 2087 1414 2140 ὧν
1463 2088 1678 2153 μάλιστα

102 2174 157 2227 τὸ
199 2178 387 2244 ψεῦδος,
426 2177 509 2226 οὐκ
552 2174 881 2226 ἀναπόδεικτόν
925 2176 1045 2226 ἐστι.
1110 2173 1408 2242 ψευδώνυμοι
1451 2170 1557 2237 γὰρ,
1603 2171 1678 2219 καὶ

103 2257 189 2322 τὴν
226 2260 308 2322 τῆς
341 2256 556 2322 θεότητος
587 2256 730 2326 δόξαν
769 2257 1137 2310 ὑποκλέπτοντες
1175 2259 1217 2306 οὶ
1258 2252 1550 2322 χειρόκμητοι
1585 2252 1683 2302 θεοί

156 2468 185 2491 1.
211 2456 435 2501 ἀξιάκουστον
460 2455 506 2489 D.
532 2455 730 2498 ἀξιόπιστον
757 2453 848 2488 Edd.
910 2453 1115 2498 ἐπιφὺεσθαι
1140 2453 1200 2495 μὲν
1224 2449 1359 2495 αὐτοὺς]
1380 2450 1499 2485 αὐτοὺς
1516 2448 1612 2493 ἐπιφ.
1633 2448 1679 2482 D.

107 2514 139 2538 2.
165 2502 243 2537 οἵων
261 2515 322 2547 pro
340 2502 389 2538 οἷς
407 2502 498 2536 Edd.
680 2514 713 2543 4.
738 2500 897 2545 γενέσθαι
913 2502 1056 2535 πολλοῖς
1073 2500 1210 2534 inverso
1228 2498 1348 2532 ordine
1367 2497 1413 2531 D.
1580 2506 1612 2540 5.
1640 2496 1680 2538 δὴ

105 2549 164 2584 οὖν
182 2550 228 2584 D.
247 2550 284 2584 δὲ
302 2549 393 2583 Edd.
444 2549 569 2583 Statim
586 2549 675 2593 φησι
693 2553 772 2592 post
789 2547 893 2591 θήραν
910 2554 1042 2591 transp.
1063 2547 1110 2580 D.
1344 2543 1376 2576 6.
1403 2542 1682 2586 καταθηρεὺσειεν

105 2597 201 2631 Aub.
220 2595 454 2641 καταθηρεύειν
471 2596 518 2630 D.
803 2594 835 2627 8.
862 2595 1007 2627 λεόντων
1024 2592 1117 2636 δίκην
1133 2599 1166 2626 et
1184 2591 1284 2636 ἐπεφ.
1303 2592 1372 2625 τοῖς
1389 2590 1524 2623 ἀνθεστ.
1543 2589 1681 2622 inverso

106 2643 227 2677 ordine
245 2643 292 2677 D.
612 2652 664 2675 10.
691 2642 913 2684 κυριοκτόνοις
932 2641 979 2675 D.
1310 2648 1362 2670 ΙΙ.
1385 2635 1516 2670 ἅπαντα
1534 2636 1613 2679 (Sic)
1633 2635 1680 2669 D.

109 2701 163 2724 12.
189 2690 436 2725 κατασκευασθ.
456 2688 548 2723 Edd.
613 2687 878 2722 συνδιολλέσθιιι
897 2687 943 2720 D.
1170 2696 1223 2729 13.
1252 2685 1322 2718 τοῖς
1339 2689 1558 2727 assumptum
1576 2693 1618 2715 ex
1637 2682 1682 2717 B.

108 2736 235 2771 Statim
251 2736 402 2772 πολλοὺς
421 2736 467 2770 D.
520 2735 559 2769 οὐ
576 2736 659 2780 φορ.
678 2735 742 2779 γὰρ
759 2732 962 2777 δεδυσσεβ.]
982 2731 1261 2775 δεδυσφορὴκεισι
1279 2730 1387 2774 (forte
1403 2728 1539 2774 legend.
1558 2729 1679 2763 δεδυσ-

106 2782 304 2828 φημὴκασι)
321 2784 386 2828 γὰρ
405 2783 443 2816 οὐ
459 2784 617 2828 φορητῶς
636 2781 682 2815 D.
935 2780 988 2813 16.
1014 2779 1127 2823 ψευδὴ
1147 2778 1193 2811 D.
1447 2784 1499 2821 17.
1524 2776 1679 2818 ὠνόμασε

107 2832 208 2864 πόλιν
223 2832 361 2864 inverso
377 2829 499 2864 ordine
513 2830 560 2863 D.
798 2838 849 2869 19.
876 2823 1012 2870 ἑτέρως]
1031 2825 1139 2868 ἕτεροι
1162 2823 1250 2857 Edd.
1311 2823 1422 2858 αὐτοῖς
1440 2834 1502 2867 pro
1519 2823 1600 2865 αὐτῇ
1620 2822 1679 2855 iid.

107 2877 158 2910 ἀεὶ
175 2888 245 2910 om.
265 2877 312 2910 D.
513 2887 567 2910 22.
593 2876 668 2909 ἐστι
688 2874 728 2908 Β.
747 2874 784 2908 δέ
800 2872 859 2908 iid.
879 2872 1054 2907 Neutrum
1071 2871 1175 2905 habet
1195 2870 1240 2904 D.
1430 2881 1485 2915 23.
1510 2868 1680 2904 ἀποκλέπ-

108 2938 220 2959 τοντες
237 2923 339 2967 δόξαν
356 2935 419 2968 pro
438 2923 468 2958 δ.
487 2923 607 2957 ὑποκλ.
627 2922 672 2956 D.

166 2992 258 3021 VOL.
282 2993 329 3020 Π.
942 2988 969 3014 H
