2033 3381
312 206 393 244 130
696 206 745 246 B.
790 205 1068 246 CYRILLI
1119 205 1500 246 ALEXANDR.
1770 205 1826 245 iii.
1842 218 1880 255 4.

375 311 490 364 “Orc
540 318 730 382 φωτιῶν
771 315 994 382 ἀφίκηται
1035 311 1142 367 τοὺς
1184 315 1232 364 ἐν
1273 313 1432 365 σκότει
1472 313 1525 365 τὸ
1565 313 1640 365 διὰ
1682 313 1886 367 πίστεως

309 395 597 463 ἱλαστήριον,
642 396 868 457 τουτέστι,
909 394 1137 461 Χριστὸς,
1181 396 1334 463 σαφὲς
1379 395 1437 447 ἂν
1475 397 1654 463 γένοιτο
1695 398 1771 446 καὶ
1811 394 1886 445 διὰ

87 479 142 510 Es.
160 480 203 512 ix.

90 533 101 554 1
134 534 148 554 Ζ
309 481 470 545 φωνῆς
509 483 602 529 τῶν
641 478 787 543 ἁγίων
824 481 1099 545 προφητῶν.
1162 478 1186 528 ὁ
1225 477 1309 540 μὲν
1345 478 1440 545 γὰρ
1479 479 1658 547 ἔφασκε
1694 477 1887 543 ιςΧώρα

107 547 116 561 ,
154 547 160 554 .

263 566 289 607 (1
309 567 338 589 “
367 559 630 621 Ζαβουλὼν
657 561 731 610 καὶ
765 562 826 626 γῆ
853 561 1149 628 Νεφθαλεὶμ,
1178 563 1252 610 καὶ
1284 563 1326 610 οἱ
1360 563 1516 612 λοιποὶ
1543 563 1584 611 οἱ
1618 560 1702 625 τὴν
1727 582 1882 625 παρα-

310 649 336 672 “
363 643 471 692 λίαν
510 648 824 695 κατοικοῦντες
860 643 1097 693 Γαλιλαία
1133 645 1228 692 τῶν
1267 644 1428 703 ἐθνῶν,
1464 644 1488 694 ὁ
1526 642 1642 697 λαὸς
1673 646 1698 694 ὁ
1735 641 1880 706 καθή-

88 734 138 765 Ib—
156 734 199 765 lx.
219 744 246 766 1·
309 731 336 753 ‘⁶
361 746 497 786 μενος
523 725 570 775 ἐν
597 724 771 783 σκότει,
801 722 889 775 εἶδε
917 728 1019 792 φῶς
1053 724 1223 791 με’γα·”
1261 726 1286 775 ὁ
1313 724 1360 775 δέ
1397 731 1423 754 “
1441 725 1660 791 Φωτίζου,
1686 724 1886 793 φωτίζον

311 813 336 834 “
364 804 694 872 Ἰερουσαλὴμ,
722 807 817 871 ἥκει
851 806 942 873 γάρ
969 829 1061 857 σου
1097 805 1151 858 τὸ
1178 810 1281 875 φῶς
1307 809 1381 857 καὶ
1408 807 1434 871 ἡ
1462 806 1579 875 δόξα
1607 807 1781 872 Κυρίου
1813 808 1886 857 ἐπὶ

310 895 336 917 “
360 887 418 939 σὲ
457 887 780 951 ἀνατέταλκε,”
827 889 1145 955 μεμαρτύρηκε
1190 888 1238 940 δὲ
1288 891 1363 939 καὶ
1403 888 1541 943 αὐτὸς
1581 889 1605 939 ὁ
1649 887 1770 943 Θεὸς
1812 889 1887 939 καὶ

86 976 221 1008 lb.lxii.
311 970 479 1037 Πατὴρ
524 972 644 1022 οὕτω
684 971 838 1037 λέγων
884 970 1025 1022 66Διά
1068 971 1190 1022 Σιὼν
1232 972 1285 1022 οὐ
1328 970 1651 1035 σιωπήσομαι,
1697 974 1771 1022 καὶ
1813 971 1888 1022 διὰ

309 1061 336 1083 “
360 1053 677 1120 Ἰερουσαλὴμ
711 1055 793 1105 οὐκ
829 1052 1006 1118 ἀνήσω,
1033 1054 1118 1108 ἕως
1150 1052 1206 1105 ἂν
1232 1052 1404 1123 ἐξέλθῃ
1433 1055 1495 1107 ὠς
1525 1058 1627 1122 φῶς
1656 1054 1683 1118 ἡ
1709 1057 1881 1105 δικαιο-

309 1144 335 1166 “
361 1136 482 1201 σύνη
521 1159 630 1199 μου,
666 1134 720 1188 τὸ
753 1135 799 1188 δὲ
837 1135 1071 1203 σωτήριόν
1103 1159 1193 1200 μου
1231 1139 1292 1191 ὡς
1327 1135 1519 1200 λαμπὰς
1554 1135 1885 1201 καυθήσεται.”

85 1218 193 1301 5¹25·
269 1238 290 1263 O
309 1218 580 1283 δικαιοσύνη
613 1217 708 1285 γὰρ
741 1220 816 1270 καὶ
851 1217 1085 1284 σωτήριον
1118 1220 1142 1268 ὁ
1167 1217 1393 1285 Χριστὸς,
1426 1226 1452 1248 “
1473 1217 1523 1272 ὃς
1554 1218 1747 1285 ἐγένηθη
1779 1220 1888 1283 ἡμῖν

312 1309 337 1330 ·‘
361 1302 512 1370 σοφία
550 1301 644 1353 ἀπὸ
673 1306 810 1364 Θεοῦ,
838 1299 1109 1365 δικαιοσύνη
1147 1324 1196 1351 τε
1232 1303 1307 1352 καὶ
1340 1300 1576 1366 ἁγιασμὸς
1602 1303 1676 1352 καὶ
1709 1303 1887 1353 ἀπολύ-

309 1391 335 1412 “
362 1384 582 1450 τρωσις,”
603 1384 721 1435 κατὰ
746 1382 830 1437 τὰς
856 1383 1058 1451 γραφάς.
1113 1384 1279 1434 οὐκοῦν
1305 1382 1467 1450 οἷάπερ
1487 1385 1535 1434 ἐν
1561 1384 1719 1434 σκότει
1743 1386 1882 1444 βαδί-

310 1465 442 1531 ζουσι
488 1465 682 1530 λαμπὰς
719 1466 827 1530 ἡμῖν
869 1467 1110 1534 ἀνεδείχθη
1151 1467 1174 1516 ὁ
1215 1466 1445 1531 Χριστὸς,
1488 1465 1563 1517 διὰ
1601 1467 1885 1520 παιδεύσεως

309 1549 614 1613 εὐαγγελικῆς
657 1551 739 1611 τῆς
780 1550 975 1615 ἀρχαίας
1021 1549 1190 1612 ἐκείνης
1232 1546 1553 1599 ἀπαλλάττων
1597 1547 1786 1615 ἀχλύος,
1831 1548 1886 1612 ἣν

308 1635 408 1684 ταῖς
449 1631 687 1697 ἡμετέραις
728 1632 946 1684 διανοίαις
981 1632 1108 1685 ἐνιεὶς
1141 1632 1166 1681 ὁ
1200 1630 1389 1681 πάντων
1423 1630 1602 1698 ἐχθρὸς,
1641 1635 1886 1697 καταθρεῖν

308 1713 390 1763 οὐκ
423 1713 547 1780 ἠφίει
578 1712 660 1763 τὸν
688 1713 830 1782 φύσει
855 1736 904 1763 τε
933 1714 1007 1764 καὶ
1035 1715 1223 1777 ἀληθῶς
1249 1713 1360 1763 ὄντα
1387 1711 1528 1775 Θεὸν,
1558 1714 1660 1764 οὔτε
1686 1712 1778 1776 μὴν
1801 1712 1886 1776 τὴν

307 1797 390 1858 τῆς
424 1796 662 1855 εὐσεβείας
699 1797 774 1846 καὶ
810 1794 926 1861 ζωῆς
961 1795 1373 1846 κατασκέπτεσθαι
1405 1796 1584 1861 τρίβον.
1643 1794 1697 1846 τὸ
1732 1794 1885 1846 τοίνυν

88 1897 174 1931 556
188 1895 239 1930 Α.
270 1905 290 1929 a
310 1874 499 1946 φέγγος,
521 1877 635 1943 ὅπερ
660 1878 769 1941 ἡμῖν
789 1878 959 1946 ἔδειξεν
986 1879 1010 1928 ὁ
1027 1877 1251 1943 Χριστὸς,
1274 1881 1330 1932 ως
1352 1876 1449 1946 φῶς
1472 1878 1611 1939 ἔσται,
1629 1877 1884 1939 τουτέστιν,

309 1960 391 2010 οὐκ
442 1959 649 2026 ἀμυδρὸν
700 1960 801 2011 οὐδὲ
842 1959 938 2010 οἷον
990 1959 1197 2019 ἀσθενὲς,
1240 1960 1448 2025 καθάπερ
1496 1959 1657 2022 ἀμέλει
1706 1959 1759 2011 τὸ
1811 1958 1886 2011 διὰ

312 2043 573 2096 Μωυσέως·
624 2044 672 2093 ἐν
709 2042 954 2107 αἰνίγμασι
993 2041 1086 2107 γὰρ
1125 2044 1199 2092 καὶ
1238 2047 1390 2095 σκιαῖς
1430 2043 1454 2092 ὁ
1494 2042 1645 2105 νόμος·
1687 2043 1795 2093 ἀλλ’
1825 2044 1886 2096 ὡς

310 2123 408 2193 φῶς
447 2123 652 2191 καθαρὸν
683 2126 759 2175 καὶ
799 2124 960 2188 ἀμιγὲς
998 2124 1188 2191 ἀχλύος,
1220 2127 1295 2174 καὶ
1335 2128 1396 2178 εὶς
1435 2129 1543 2175 νοῦν
1581 2127 1655 2175 καὶ
1695 2125 1888 2190 καρδίαν

309 2207 620 2270 εἰσδυόμενον,
660 2209 735 2257 καὶ
773 2205 857 2270 τὴν
897 2205 1065 2270 νοητὴν
1104 2207 1211 2270 ἡμῖν
1251 2206 1576 2273 ἐναστράπτον
1616 2205 1776 2273 αὐγὴν,
1812 2208 1887 2258 καὶ

309 2287 394 2353 τὴν
419 2291 500 2353 τῆς
527 2288 787 2352 ἀκιβδήλου
813 2288 1033 2354 γνώσεως
1057 2288 1274 2355 ε’νοικίζον
1299 2290 1478 2340 ἀκτῖνα.

815 2439 978 2494 Κέρατα
1003 2439 1047 2480 ἐν
1076 2440 1214 2496 χερσὶν
1243 2439 1385 2479 αὐτοῦ.

268 2549 292 2588 l>
384 2543 455 2595 Τὸ
484 2543 609 2612 κέρας
637 2546 704 2595 ἀεὶ
731 2544 1023 2607 λαμβάνεται
1048 2544 1177 2610 παρὰ
1203 2548 1302 2597 ταῖς
1328 2543 1654 2596 θεοπνεύστοις
1681 2547 1886 2612 γραφαῖς

357 2695 390 2729 5.
417 2686 579 2719 Γαλιλαία
599 2685 644 2719 D.
663 2686 845 2720 Γαλιλαίαν
864 2686 906 2720 B.
928 2685 1018 2720 Edd.
1039 2686 1135 2730 (sol.)
1513 2685 1545 2718 6.
1571 2685 1721 2728 φωτίζον
1738 2685 1887 2719 alterum

311 2739 532 2776 assumptum
550 2744 590 2766 ex
612 2732 705 2767 B.D.
1046 2734 1078 2766 8.
1104 2732 1251 2767 ἀνέτειλε
1270 2738 1349 2776 post
1367 2731 1462 2765 aliud
1479 2731 1657 2775 inceptum
1676 2731 1723 2765 D.
1788 2732 1887 2767 αὐτὸς

311 2790 380 2811 om.
397 2779 442 2812 D.
581 2790 634 2813 12.
652 2778 835 2825 σωτήριον]
857 2784 893 2820 -ὶ-
908 2780 1009 2813 ain-013
1026 2779 1116 2813 Edd.
1129 2779 1245 2813 invitis
1260 2778 1351 2811 B.D.
1402 2777 1557 2823 ἐγένηθη]
1573 2778 1629 2812 Sic
1641 2778 1772 2811 correxi
1786 2790 1827 2812 ex
1844 2779 1886 2813 B.

312 2824 468 2868 ἐγεννήθη
488 2825 535 2860 D.
555 2825 645 2859 Edd.
665 2833 743 2860 ante
764 2826 895 2869 Migne.
948 2827 1069 2860 Statim
1088 2826 1148 2870 μὲν
1165 2825 1300 2859 addunt
1318 2823 1409 2858 Edd.
1633 2835 1685 2869 15.
1712 2827 1729 2858 ὁ
1747 2837 1817 2859 om.
1839 2825 1884 2860 D.

312 2870 366 2903 διὰ
383 2872 473 2905 παιδ.
493 2872 708 2917 εὐαγγελικῆς
727 2873 773 2907 D.
794 2873 884 2907 Edd.
903 2873 956 2907 διὰ
973 2876 1031 2917 τῆς
1048 2873 1139 2907 παιδ.
1158 2874 1217 2906 τοῦ
1234 2871 1432 2917 εὐαγγελίου
1453 2870 1493 2904 Β.
1697 2871 1749 2905 16.
1775 2872 1885 2906 ἀπαλ-

313 2918 456 2951 λάσσων
474 2918 519 2951 D.
569 2918 622 2964 ἣν]
643 2919 678 2954 ἐν
696 2920 776 2963 (Sic)
796 2919 841 2953 D.
1000 2920 1051 2953 18.
1077 2917 1226 2963 ἀληθῶς]
1245 2918 1353 2961 ἀληθῆ
1373 2917 1465 2952 Edd.
1634 2928 1688 2952 20.
1714 2920 1732 2952 ὁ
1750 2930 1820 2953 om.
1842 2918 1883 2953 Β.

313 2961 427 3007 ἔσται]
447 2963 520 2997 ἐστι
537 2977 567 2998 a.
711 2977 766 3000 21.
792 2967 830 2999 τὸ
847 2974 1070 3011 assumptum
1087 2978 1127 2999 ex
1151 2965 1241 2999 B.D.
1254 2977 1283 2999 a.
1332 2966 1391 2997 τοῦ
1409 2976 1471 3009 pro
1489 2964 1543 2998 διὰ
1562 2964 1607 2999 D.
1750 2976 1805 3010 23.
1831 2966 1884 2999 καὶ

315 3010 465 3054 primum
483 3022 552 3046 om.
572 3011 651 3046 D.a.
701 3011 827 3057 ἀχλύος
843 3012 934 3047 B.D.
952 3012 1056 3058 ιὶχλύϊ
1072 3025 1102 3047 a.
1122 3011 1212 3047 Edd.
1311 3020 1365 3056 27.
1392 3011 1442 3045 ἀεὶ
1460 3023 1528 3046 om.
1551 3012 1596 3046 D.
1614 3011 1719 3046 habet
1736 3024 1766 3046 a.

1907 658 1928 694 Εἰ]

1912 1079 1957 1104 10

1907 1907 1956 1932 20
