1997 3361
98 172 122 211 i.
144 170 235 223 8‚9.
474 176 545 217 IN
589 178 1009 222 SOPIIONIAM.
1072 183 1222 223 TUM.
1263 185 1292 224 l.
1602 189 1677 227 175)

96 279 171 328 καὶ
212 280 239 343 ἡ
280 283 527 348 διαβόητος
572 289 815 352 ἱερωσύνη.
882 298 1027 342 ταῦτα
1072 293 1119 343 δὲ
1159 299 1194 343 εἱ
1239 294 1324 357 μὲν
1363 294 1459 360 ἐχοι
1500 299 1672 357 καλῶς,

94 380 214 410 κατα
247 385 302 428 γε
337 365 391 416 τὸ
428 366 614 438 ἑκάστῳ
652 393 845 436 πρεπον,
882 374 931 424 εὖ
971 372 1029 424 ἀν
1072 398 1168 442 εχοι
1210 378 1286 426 καὶ
1323 375 1382 426 τὰ
1422 378 1495 427 ὑπ
1533 377 1714 430 αὐταςα
1741 392 1828 426 585
1851 392 1901 427 A

93 463 364 541 πραγματα,
393 451 468 499 καὶ
494 451 691 517 σώζεται
716 452 770 503 τὸ
797 454 1014 519 ὑπήκοον.
1084 481 1120 507 ει
1147 457 1194 508 δὲ
1227 457 1282 522 δὴ
1314 458 1398 522 τὴν
1424 461 1675 524 διεστραμ-

92 524 236 590 μένην
272 527 454 582 ελοιντο
492 538 645 597 τιμᾶν,
673 538 748 585 καὶ
785 536 878 600 μὴν
917 561 990 589 και
1030 539 1257 591 διάττοιεν
1287 542 1511 607 τρίβον,
1491 540 1676 592 α’παντα

51 614 73 650 5
93 607 224 661 εὐθυς
258 610 375 677 πρὸς
414 612 468 664 τὸ
503 616 711 671 ἀκαλλὲς
737 618 996 686 οἷχησεται,
1027 625 1101 671 καὶ
1125 626 1374 691 μονονουχὶ
1401 625 1675 686 καταμεθὺει

91 688 209 754 πρὸς
243 691 454 760 ὄλεθρον.
515 698 678 765 ὥσπερ
714 700 807 767 γὰρ
852 706 913 756 εἷς
955 703 1040 766 τὴν
1077 711 1159 755 τοῦ
1198 705 1421 768 σώματος
1460 707 1676 774 κεφαλὴν

91 772 365 838 ἀλγήματος
405 779 667 844 γεγονότος,
703 784 1116 837 συναισθάνεσθαί
1148 810 1197 837 τε
1238 789 1355 855 αὐτῇ
1389 793 1464 839 καὶ
1499 793 1675 857 συναῤ-

89 855 289 919 ῥωστεῖν
329 861 585 926 ἀναγκαῖον
628 864 687 914 τὰ
738 866 884 917 λοιπὰ
934 872 1029 918 τῶν
1071 873 1247 930 μελῶν
1302 872 1424 921 οὕτω
1466 874 1540 921 καὶ
1581 877 1675 923 τῶν

92 935 357 1001 ἡγουμενων
393 943 769 1010 ἐκτετραμμενων
802 950 874 999 ε’πι
914 972 968 999 το
1004 954 1192 1018 φαῦλον
1223 954 1299 1002 καὶ
1336 976 1493 1014 μεντοι
1524 954 1675 1020 ῥοπὴν

24 1037 70 1062 10
89 1039 174 1082 την
224 1025 286 1076 εἷς
344 1023 404 1074 τὰ
465 1028 604 1094 χείρω
655 1030 975 1094 νενοσηκότων
1026 1036 1531 1103 συγκαταφθειρεσθαί
1574 1060 1673 1089 πως
1693 1047 1718 1086 b

88 1101 269 1169 ἀνάγκη
319 1128 425 1160 τους
467 1110 837 1177 ὑπεζευγμενους.
905 1119 1038 1181 φιλεῖ
1078 1116 1171 1181 γάρ
1217 1140 1316 1170 πως
1367 1117 1421 1167 τὸ
1469 1117 1673 1182 ὑπήκοον

88 1189 188 1238 ταῖς
237 1191 331 1238 τῶν
375 1190 623 1258 λαχόντων
665 1200 848 1260 κρατεῖν
890 1196 1089 1248 επεσθαί
1134 1221 1183 1248 τε
1229 1221 1305 1249 και
1354 1200 1671 1269 ὑποφερεσθαι

87 1267 311 1331 γνώμαις
365 1295 402 1323 εν
426 1297 562 1344 ημερα
584 1298 750 1338 τοινυν,
779 1280 916 1345 φησι,
936 1281 1019 1341 τῆς
1045 1280 1341 1344 ἁνδανουσης
1368 1285 1475 1350 Θεῷ
1504 1281 1670 1345 θνα-λαις,

86 1350 329 1402 τουτέστιν
371 1355 419 1404 ἐν
460 1360 603 1425 καιρῷ
642 1359 749 1409 καθ’
797 1358 850 1410 ὃν
893 1359 950 1410 ἂν
991 1362 1172 1426 γε’νοιτο
1212 1367 1307 1413 τῶν
1347 1362 1407 1414 τὰ
1448 1364 1671 1416 πάνδεινα

21 1446 65 1484 15
85 1436 556 1499 πεπλημμεληκότων
594 1440 622 1503 ἡ
667 1441 852 1509 σφαγὴ,
902 1444 970 1493 ἐπ’
1015 1442 1132 1494 αὐτὰ
1178 1443 1235 1509 δὴ
1281 1448 1356 1496 καὶ
1406 1451 1571 1512 πρῶτα
1610 1447 1669 1498 τὰ

86 1517 180 1564 τῶν
220 1515 386 1568 ἄλλων
429 1521 687 1588 ε”ξῃρημενα
733 1523 851 1574 κατὰ
895 1524 981 1587 τὴν
1027 1524 1172 1594 δόξαν
1213 1529 1288 1578 καὶ
1339 1530 1669 1595 προεκκείμενα

84 1619 355 1664 πραγματα,
393 1604 620 1659 βαδιεῖται
655 1628 715 1655 τα
753 1606 806 1674 ἐξ
843 1608 1002 1672 ὀργῆς.
1069 1614 1217 1659 ταῦτα
1258 1610 1314 1660 δε
1351 1613 1495 1673 ἐστιν,
1535 1614 1559 1662 ὁ
1599 1616 1668 1663 τοῦ

83 1681 417 1737 βασιλευοντος
459 1684 589 1740 οἶκος·
632 1690 706 1737 καὶ
752 1689 776 1738 ὁ
821 1690 988 1787 γείτων
1028 1690 1161 1745 εὐθυς
1206 1715 1299 1742 των
1344 1695 1393 1743 ἐν
1434 1693 1549 1763 δόξῃ
1593 1698 1668 1745 καὶ

82 1765 354 1833 περιφανείᾳ
377 1787 611 1828 κειμενων·
653 1793 726 1819 και
761 1770 913 1836 τρίτος
939 1772 1008 1822 επ’
1037 1773 1192 1827 αὐτοῖς
1219 1775 1243 1824 ὁ
1271 1776 1346 1825 καὶ
1377 1780 1471 1826 τῶν
1498 1776 1666 1827 ἀλλων

17 1864 65 1888 20
81 1844 209 1910 παρὰ
244 1849 352 1916 Θεῷ
389 1848 721 1915 προτιμότερος
761 1853 785 1901 ὁ
827 1858 921 1903 τῶν
960 1855 1094 1905 θείων
1133 1858 1400 1923 ἱερουργῶν·
1443 1858 1664 1926 ἄρχοντες
1682 1888 1702 1910 (γε

82 1926 130 1977 δὲ
160 1930 235 1978 καὶ
267 1930 412 1992 αὐτοὶ,
448 1933 522 1982 καὶ
564 1937 694 1983 λαῶν
732 1934 993 1999 ἡγούμενοι,
1033 1936 1153 1987 κατά
1194 1961 1248 2003 γε
1284 1942 1367 2003 τῆς
1409 1941 1664 2006 ἱερωσύνης

81 2007 165 2072 τὴν
188 2009 337 2079 τάξιν.
401 2017 598 2064 αἰτιᾶται
626 2014 673 2065 δὲ
699 2017 807 2067 λίαν
833 2018 1011 2080 αὐτοὺς,
1035 2022 1097 2072 ὡς
1124 2018 1412 2088 ὲνὸεὸυμενους
1437 2020 1663 2087 ἐνδύματα

81 2094 315 2162 ἀλλότριοι,
347 2094 604 2157 τουτέστιν,
635 2102 696 2150 εἷς
734 2104 872 2149 τοῦτο
911 2100 1081 2151 λοιπὸν
1119 2103 1396 2171 ἀφιλοθεΐας
1435 2105 1660 2170 ἱγμένους,

81 2174 155 2223 καὶ
195 2179 288 2226 τῶν
324 2176 474 2227 πάλαι
520 2177 595 2228 διὰ
639 2180 885 2235 Μωυσέως
925 2185 1310 2246 τεθεσπισμένων
1348 2191 1659 2254 καταφρονεῖν

14 2275 60 2312 25
80 2255 346 2321 ᾑρημένους,
383 2261 444 2312 ὡς
478 2259 593 2325 μηδὲ
628 2261 740 2312 αὐτὸ
775 2266 856 2326 τῆς
899 2265 1152 2329 ἱερωσύνης
1190 2266 1244 2317 τὸ
1287 2271 1455 2334 σχῆμα
1489 2275 1657 2335 τηρεῖν,

80 2344 238 2404 καιροῦ
264 2347 519 2394 καλοῦντος
545 2342 710 2396 αὐτοὺς·
735 2345 814 2395 ἐπί
836 2369 887 2410 γε
914 2345 968 2396 τὸ
995 2350 1088 2397 δεῖν
1108 2350 1434 2414 ἀποπεραίνειν
1460 2350 1519 2400 τὰ
1546 2351 1656 2417 ἱερά.

126 2483 157 2507 2.
183 2488 222 2519 γε
247 2476 437 2520 assumpsit
462 2476 641 2512 Aubertus
659 2491 701 2512 ex
720 2479 761 2514 E.
781 2479 901 2514 deest
894 2493 929 2514 1n
950 2481 990 2515 B.
1057 2483 1110 2516 καὶ
1131 2495 1186 2517 ass
1171 2484 1306 2528 sumpsi
1327 2495 1367 2517 ex
1387 2484 1428 2518 E.
1493 2486 1595 2522 αὐτὰς
1614 2487 1656 2522 Β.

79 2519 190 2555 αὐταῖς
206 2522 299 2555 Aub.
318 2534 360 2556 ex
379 2523 420 2557 E.
439 2523 522 2557 αὐτὰ
540 2524 643 2559 Pont.
807 2538 839 2571 3.
859 2529 1002 2570 σώζοι-πο
1021 2529 1124 2564 Pont.
1173 2530 1212 2573 δὴ
1231 2532 1486 2575 assumpsimus
1504 2544 1547 2566 ex
1566 2533 1606 2567 B.
1613 2534 1655 2568 Ε.

79 2579 111 2606 4.
135 2566 268 2601 ελοιντο
284 2571 382 2612 τιμᾶν
399 2570 451 2603 καὶ
467 2571 532 2613 μὴν
549 2572 601 2605 καὶ
619 2580 855 2617 assumpserat
872 2586 913 2607 ex
933 2575 974 2609 E
993 2576 1182 2610 Aubertus.
1230 2576 1375 2622 ἅπαντα]
1400 2582 1436 2618 -ὗ-
1458 2578 1533 2622 ἡμῖν
1553 2579 1654 2615 Pont.

80 2612 204 2647 Statim
221 2615 329 2655 εὐθὺς,
345 2616 438 2661 quod
452 2629 493 2650 ex
510 2617 549 2652 Β.
554 2618 594 2653 Ε.
607 2620 874 2664 assumpsimus,
889 2628 967 2654 ante
982 2622 1145 2656 διάττοιεν
1159 2629 1202 2657 tr.
1214 2623 1404 2658 Aubertus.
1501 2636 1534 2680 5.
1553 2641 1652 2660 κατα-

21 2678 23 2680 ·
78 2659 215 2701 μεθύσει
234 2661 325 2696 Edd.
573 2676 604 2709 9.
631 2669 731 2709 τριῶν
747 2666 872 2700 τούτων
890 2667 1160 2713 ῙηῸὴγουμενων
1179 2669 1281 2703 Pont.
1331 2671 1650 2715 ἐκτετριμμὲνωνΕ.

78 2706 131 2739 καὶ
146 2707 258 2749 μέντοι
274 2707 307 2752 ῥ.
325 2708 385 2753 τὴν
402 2724 449 2745 εις
467 2710 509 2744 τὰ
533 2712 636 2767 χείρω
662 2715 890 2756 νενοσηκότων
915 2722 1133 2749 accesserunt
1159 2728 1200 2749 ex
1220 2716 1260 2750 B.
1266 2717 1312 2750 D.
1330 2718 1370 2751 τὰ
1396 2718 1557 2752 omiserat
1574 2721 1649 2754 A-11

77 2750 206 2788 bertus.
481 2757 1063 2818 12.eweffHatrea581lm1›se1atex
1083 2762 1123 2796 Ε.
1143 2763 1332 2802 Aubertus‚
1352 2764 1515 2798 omittens
1533 2772 1650 2801 tamen

77 2800 128 2832 καὶ
145 2807 357 2845 sequentem.
606 2815 658 2850 15.
684 2807 736 2839 καὶ
755 2819 817 2850 pro
833 2808 873 2840 τὰ
893 2807 983 2841 Edd.
1233 2810 1285 2843 16
1311 2810 1426 2844 ἰἍλων
1444 2811 1490 2844 D.
1497 2813 1536 2846 E.
1558 2813 1648 2848 Edd.

76 2844 164 2879 ὅλων
182 2846 223 2880 Β.
272 2849 353 2882 κατὰ
370 2849 408 2892 τὴ
413 2864 429 2882 ν
446 2850 475 2884 δ.
494 2865 547 2885 και
564 2854 801 2896 προεκκείμενα
818 2865 884 2886 ass.
905 2866 945 2886 ex
965 2854 1005 2887 Ε.
1025 2855 1118 2889 Aub.
1415 2869 1467 2903 19.
1494 2873 1650 2913 κειμενων

76 2902 144 2925 om.
166 2893 205 2927 B.
224 2894 353 2929 habent
372 2896 416 2930 D.
423 2897 464 2931 Ε
666 2910 721 2943 23.
746 2901 867 2934 λοιπὸν
884 2911 953 2933 om.
974 2901 1015 2934 B.
1024 2902 1065 2935 D.
1071 2901 1105 2935 b.
1124 2902 1228 2936 habet
1247 2902 1287 2936 E.
1337 2902 1537 2949 ἀφιλοθειὶις
1556 2907 1600 2940 D.
1606 2908 1647 2941 Ε.

78 2937 168 2972 Edd.
186 2939 351 2976 (ἶπειθειας
372 2942 412 2976 Β.
581 2955 635 2987 24.
660 2948 766 2980 πάλαι
783 2958 852 2980 orn.
873 2946 916 2981 B.
935 2948 1050 2982 invitis
1070 2949 1115 2983 l).
1122 2949 1160 2982 Ε.
1166 2949 1199 2983 b.
1379 2960 1432 2996 25.
1460 2953 1516 2995 τῆς
1534 2954 1594 2998 ἱερ.
1611 2969 1650 2987 το

76 2981 142 3017 hoc
160 2987 279 3021 ordine
300 2987 425 3023 B.E.b.

819 3064 934 3091 ,1512
