2060 3387
95 186 182 227 viii.
211 187 274 236 18,
303 200 364 240 19·
478 187 549 227 IN
594 186 1008 227 ZACHARIAM.
1069 187 1221 226 TOM.
1259 185 1344 225 III.
1588 182 1670 220 309

97 300 123 322 ‘⁶
148 294 293 358 μηνὸς
325 294 441 358 ἦλθε
471 295 811 362 Ναβουζάρδαν
843 299 866 346 ὁ
902 296 1231 363 ἀρχιμάγειρος
1265 297 1289 346 ὁ
1323 292 1530 358 ἑστηκὼς
1565 290 1682 341 κατὰ

98 383 124 404 “
150 376 411 441 πρόσωπον
442 383 524 428 τοῦ
559 378 798 438 βασιλέως
835 382 1123 439 Βαβυλῶνος
1163 382 1224 431 εἰς
1249 374 1580 441 Ἰερουσαλὴμ,
1609 375 1684 424 καὶ

98 464 124 486 “
150 458 375 523 ἐνέπρησε
406 459 488 509 τὸν
526 457 650 510 οἷκον
690 461 864 525 Κυρίου
900 462 974 509 καὶ
1017 458 1099 509 τὸν
1143 457 1269 509 οῖκον
1307 463 1389 508 τοῦ
1427 456 1682 517 βασιλέως,

98 546 124 568 “
151 540 226 588 καὶ
260 538 420 593 πάσας
456 540 538 594 τὰς
581 541 724 594 οἰκίας
757 545 838 605 τῆς
876 541 1061 593 πόλεως
1103 542 1177 590 καὶ
1215 545 1380 590 πᾶσαν
1419 539 1566 589 οἰκίαν
1603 560 1684 600 με-

56 627 125 672 5“
151 620 307 686 γάλην
352 622 606 688 ἐνέπρησεν
650 625 698 673 ἐν
741 626 870 689 πυρὶ,
919 625 993 673 καὶ
1036 626 1131 672 πᾶν
1179 626 1327 687 τεῖχος
1367 619 1683 686 Ἰερουσαλὴμ

99 709 126 732 “
153 702 312 771 κύκλῳ
358 707 573 754 καθεῖλεν
624 705 651 768 ἡ
704 704 894 767 δύναμις
935 708 1029 753 τῶν
1068 703 1327 753 Χαλδαίων
1368 703 1395 765 ἡ
1442 701 1559 764 μετὰ
1601 706 1682 750 τοῦ
1700 704 1727 744 b

100 791 126 813 ‘⁶
151 785 528 851 ἀρχιμάγει’ρου.”
595 787 771 838 ἀκούεις
810 785 935 838 ὅπως
986 786 1034 834 ἐν
1071 787 1138 852 τῳ
1182 783 1359 852 δεκάτῳ
1400 783 1487 832 ε”τει
1529 804 1680 833 πεπο-

99 864 346 930 λιόρκηκεν
384 868 409 917 ὁ
437 867 871 934 Ναβουχοδονόσορ
903 865 988 929 τὴν
1011 864 1341 931 Ἰερουσαλὴμ,
1368 862 1466 914 εἶτα
1503 867 1569 932 τῳ
1606 885 1679 912 τε·

99 945 254 1016 τάρτῳ
281 949 391 1011 μηνὶ
417 954 499 999 τοῦ
526 948 770 999 ἑνδεκάτου
796 948 923 1000 ἔτους
950 945 1254 1014 διακεκόφθαι
1279 947 1402 1013 φησὶ
1421 944 1507 1009 τὴν
1527 944 1684 1006 πόλιν,

36 1030 147 1079 ΙΟέν
174 1029 228 1079 δέ
249 1052 302 1094 γε
329 1033 395 1098 τῷ
428 1031 627 1099 πεμπτῳ
665 1032 774 1093 μηνὶ
813 1031 888 1079 καὶ
921 1027 1063 1078 αὐτὸν
1102 1030 1431 1092 ἐμπεπρῆσθαι
1462 1026 1544 1077 τὸν
1574 1024 1686 1077 ναὸν

100 1113 175 1162 καὶ
208 1109 403 1162 ἅπασαν
439 1110 488 1162 δὲ
523 1112 608 1175 τὴν
646 1111 788 1163 πόλιν
823 1110 1152 1177 διισχυρίζεται
1192 1109 1322 1176 παρὰ
1363 1114 1445 1159 τοῦ
1489 1110 1689 1175 ἀρχιμα-

101 1196 271 1261 γείρου.
340 1195 621 1264 ἀποφράδας
653 1195 709 1259 δὴ
744 1196 825 1246 οὖν
857 1194 942 1259 τὴν
973 1193 1201 1261 τετάρτην
1239 1198 1315 1244 καὶ
1353 1193 1438 1258 τὴν
1472 1192 1690 1256 πέμπτην

103 1279 178 1326 καὶ
218 1276 304 1341 τὴν
341 1277 538 1342 δεκάτην
575 1278 749 1342 ἡμέραν
790 1278 1042 1338 ἐποιοῦντο,
1079 1275 1185 1328 τοὺς
1229 1278 1379 1339 μῆνας
1419 1278 1480 1328 εἷς
1519 1275 1690 1338 ἡμέρας

102 1359 467 1427 παραφέροντες.
517 1360 586 1413 τίς
614 1357 662 1409 δὲ
688 1362 763 1409 καὶ
790 1384 810 1419 η
837 1355 1019 1426 ἑβδόμη,
1045 1357 1192 1409 πάλιν
1218 1361 1357 1407 εἰπεῖν
1385 1358 1650 1420 ἀναγκαῖον.

41 1454 85 1493 15
177 1439 368 1503 Ἐπειδὴ
403 1439 496 1506 γὰρ
529 1439 624 1491 εἷλε
660 1439 746 1504 τὴν
771 1438 1088 1506 Ἰερουσαλὴμ
1119 1441 1143 1489 ὁ
1170 1436 1516 1506 ἀρχιμάγειρος,
1545 1460 1690 1505 κεχει-
1709 1459 1730 1484 c

102 1519 322 1585 ροτόνηκε
348 1520 430 1572 τὸν
457 1516 690 1573 Γοδολιάν
722 1525 784 1575 εἰς
819 1520 1090 1587 καθηγητὴν
1128 1526 1224 1574 τοῖς
1259 1521 1563 1573 καταλοίποις
1597 1525 1691 1570 τῶν
1753 1518 1894 1592 ssxIxzeer'z.

102 1601 339 1654 Ἰουδαίων
357 1604 404 1653 ἐν
423 1602 895 1669 τοῖςἹεροσολύμοις.
937 1601 1035 1653 εἶτα
1061 1607 1198 1653 τοῦτο
1225 1601 1457 1668 δεδρακὼς
1484 1604 1690 1669 ἀπῇρκεν

103 1687 165 1737 εἰς
197 1688 481 1744 Βαβυλῶνα.
548 1684 703 1749 ἐπειδὴ
742 1684 791 1735 δὲ
828 1689 967 1734 τοῦτο
1006 1685 1126 1734 οὕτω
1165 1682 1433 1750 πεπράχθαι
1472 1683 1684 1748 μεμαθή-

104 1788 245 1816 κασιν
270 1770 312 1816 οἱ
336 1766 672 1832 περισωθέντες
698 1766 754 1834 ἐξ
769 1766 1019 1827 Ἰουδαίων,
1041 1765 1335 1830 συνέδραμον
1361 1766 1409 1815 ἐν
1435 1770 1529 1819 τοῖς
1549 1766 1689 1830 Ἱερο-
1750 1777 1801 1809 Ib.
1823 1787 1871 1818 23.

37 1864 86 1888 20
105 1847 348 1910 σολύμοις,
389 1850 464 1898 καὶ
503 1846 630 1911 ἦσαν
672 1849 719 1897 ἐν
763 1848 926 1897 ἐλπίσι
966 1852 1049 1897 τοῦ
1087 1851 1312 1897 κατοικεῖν
1351 1846 1416 1896 ἔτι
1455 1845 1539 1909 τὴν
1577 1849 1684 1910 γῆν.

104 1927 215 1978 ἀλλ’
245 1930 292 1978 ἐν
326 1933 392 1996 τῷ
426 1931 535 1992 μηνὶ
570 1933 636 1998 τῷ
661 1928 861 1996 ἑβδόμῳ,
890 1927 1011 1977 καθὰ
1045 1929 1320 1994 γέγραπται,
1347 1927 1428 1978 τὸν
1457 1929 1689 1978 Γοδολιάν
1751 1942 1801 1972 Ib-
1822 1950 1871 1980 ²5·

105 2011 286 2059 ἀνεῖλεν
337 2011 361 2060 ὁ
400 2009 625 2073 Ἰσμαήλ·
681 2012 754 2059 καὶ
806 2008 1037 2075 διεσπάρη
1081 2015 1172 2063 πᾶς
1219 2011 1243 2059 ὁ
1294 2008 1408 2062 λαὸς
1450 2008 1567 2071 τότε,
1614 2011 1688 2059 καὶ
1750 2023 1871 2056 Ib.26.

105 2090 374 2156 ἀπέδραμον
409 2095 470 2144 εἰς
504 2090 589 2154 τὴν
617 2090 900 2156 Αἰγυπτίων,
928 2093 1002 2141 καὶ
1031 2091 1323 2142 διολώλασιν
1350 2093 1451 2141 ε’κεῖ.
1509 2114 1689 2157 στυγη-

105 2171 191 2236 τὴν
217 2172 298 2222 οὖν
322 2173 562 2223 ἐποιοῦντο
594 2174 668 2222 καὶ
700 2170 785 2235 τὴν
820 2171 1027 2235 ἑβδόμην
1052 2170 1239 2237 ἡμέραν,
1267 2176 1340 2222 καὶ
1367 2170 1507 2222 αὑτὸν
1533 2172 1580 2222 δὲ
1608 2172 1688 2222 τὸν
1708 2178 1736 2218 d

38 2265 88 2304 25
107 2256 232 2316 μῆνα
270 2252 440 2318 ταύτης
472 2253 602 2304 ἕνεκα
636 2256 718 2316 τῆς
757 2252 917 2306 αἰτίας.
983 2254 1063 2317 ἥδε
1098 2252 1182 2316 μὲν
1218 2254 1299 2303 οὖν
1333 2257 1427 2304 τῶν
1462 2258 1690 2317 νηστειῶν

107 2334 136 2398 ἡ
170 2334 430 2403 πρόφασις.
496 2333 649 2398 ἐπειδὴ
684 2333 731 2384 δὲ
769 2333 825 2398 ἧν
864 2333 1139 2396 ἀκόλουθον,
1169 2334 1474 2397 πεπαυμένων
1511 2339 1604 2384 τῶν
1640 2335 1696 2403 ἐξ

108 2416 253 2481 ὀργῆς
302 2418 378 2466 καὶ
430 2415 827 2478 ἀνακομισθέντος
890 2421 972 2466 τοῦ
1024 2415 1223 2482 Ἰσραὴλ
1268 2420 1330 2469 εἷς
1379 2416 1692 2482 Ἰεροσόλυμα

108 2499 184 2548 καὶ
221 2501 316 2548 τῶν
353 2501 650 2563 σκυθρωπῶν
688 2495 1102 2563 παρεληλακότων,
1136 2496 1200 2560 μὴ
1235 2497 1473 2561 νηστεύειν
1511 2497 1577 2548 ε”τι
1616 2500 1691 2548 καὶ

155 2691 188 2725 3.
215 2682 274 2714 τοῦ
293 2678 413 2713 deest
406 2691 441 2714 m
460 2679 554 2714 Edd.
772 2691 803 2721 5.
831 2678 865 2712 ἐν
882 2689 952 2713 om.
972 2677 1013 2712 C.
1033 2678 1108 2723 (33,
1127 2690 1183 2723 91,
1204 2678 1301 2723 228.)
1517 2687 1547 2723 7.
1575 2678 1694 2713 Habet

109 2726 145 2760 ἐν
161 2729 206 2773 τῷ
225 2727 385 2772 δεκάτῳ”
368 2741 434 2760 ετει
454 2726 494 2760 C.
1063 2736 1095 2769 9.
1122 2726 1299 2758 ἑνδεκάτου
1318 2723 1358 2758 C.
1378 2724 1517 2758 δεκάτου
1537 2725 1578 2758 Β.
1600 2725 1690 2758 Edd.

114 2783 167 2807 10.
184 2787 233 2830 ’γε
251 2761 472 2817 assu‘rnptum
491 2784 533 2807 ex
553 2772 594 2807 C.
833 2782 886 2815 13.
912 2770 989 2805 τοὺς
1006 2773 1110 2814 μῆνας
1127 2772 1173 2806 εἷς
1190 2771 1245 2814 ἡμ.
1264 2770 1518 2816 παραφέροντες
1537 2770 1577 2804 C.
1584 2771 1630 2804 D.
1650 2771 1691 2804 δι’

110 2817 148 2854 ἂς
166 2820 259 2852 εἷπον
275 2819 381 2854 αἰτίας
399 2819 773 2861 Edd.17.
800 2817 948 2861 ἀπῆρκεν
967 2817 1007 2850 C.
1025 2817 1175 2860 ἀπῆλθεν
1193 2816 1285 2851 Edd.
1501 2827 1556 2850 20.
1583 2818 1630 2850 ἔτι
1651 2817 1691 2851 C.

112 2864 166 2898 ἐπὶ
186 2865 228 2897 Β.
248 2864 340 2898 Edd.
610 2875 665 2906 24.
693 2863 750 2897 οὖν
767 2875 836 2897 om.
857 2864 898 2896 C.
1183 2873 1236 2907 25.
1264 2863 1357 2896 ἕνεκα
1377 2862 1417 2896 C.
1420 2862 1455 2896 b.
1473 2862 1581 2896 ε’νεκεν
1600 2863 1692 2897 Edd.

114 2909 213 2943 26.
196 2915 235 2952 ἢν
251 2911 437 2944 ἀκολουθον
454 2910 520 2944 hoc
538 2910 658 2945 ordine
677 2910 806 2944 C.D.b.
1094 2909 1149 2943 28.
1175 2910 1219 2952 μὴ
1238 2908 1444 2951 ἶ).Ε(1(1.μὴ
1463 2920 1531 2943 01η.
1552 2909 1593 2942 Β.
1599 2909 1639 2942 C.
1647 2909 1691 2943 D.

115 2955 154 2989 C.
175 2963 346 2991 corrector
365 2957 504 3001 quidam
525 2958 641 2991 seculo
660 2957 747 2991 forte
765 2957 882 2995 xiinw„
902 2956 960 2989 οὐκ
979 2961 1056 2989 ante
1075 2954 1114 2999 ἧν
1131 2955 1227 2989 ἀκόλ.
1248 2956 1350 3000 paulo
1369 2967 1473 2999 supra
1491 2955 1637 2990 addidit.
