2007 3387
318 193 400 232 242
709 191 756 230 B.
803 189 1075 230 CYRILLI
1128 188 1507 229 ALEXANDR.

321 304 505 366 καιρῶν,
532 300 606 349 καὶ
633 301 694 351 εἰς
720 296 805 360 τὴν
831 297 970 362 ἁγίαν
1002 295 1145 348 πόλιν
1170 298 1565 362 ἀνακομισθέντος
1590 301 1673 348 τοῦ
1696 294 1896 361 Ἰσραὴλ

102 393 186 429 627
201 391 252 427 A.
283 383 371 432 ειέκ
408 384 490 444 τῆς
532 383 736 445 Περσῶν
779 401 827 430 τε
869 381 942 429 καὶ
987 378 1186 443 Μήδων,
1222 385 1417 431 ποιεῖται
1457 379 1563 433 τοῦς
1602 379 1788 444 λόγους,
1826 378 1894 428 ἐπ’

321 463 485 514 αἰτίαις
510 460 757 515 τοιαύταις.
825 463 963 525 ἀνῆκε
999 461 1082 524 μὲν
1119 460 1212 527 γὰρ
1250 460 1415 516 αὐτοῦς
1452 464 1535 525 τῆς
1571 460 1899 528 αἰχμαλωσίας

322 547 346 595 ὁ
383 548 551 609 Κῦρος,
588 545 662 595 καὶ
698 544 814 605 ὁμοῦ
852 548 947 596 τοῖς
985 542 1176 594 σκεύεσι
1209 549 1305 598 τοῖς
1344 548 1477 610 ἱεροῖς
1516 543 1674 594 οἴκαδέ
1701 565 1749 593 τε
1790 541 1900 592 ἰέναι

319 626 627 692 προστέταχε,
655 629 729 676 καὶ
764 625 846 676 τὸν
881 630 1004 676 θεῖον
1043 627 1172 678 αὖθις
1211 627 1548 690 ἀναδείμασθαι
1585 625 1710 687 νεὼν,
1739 625 1820 675 τὸν
1852 623 1900 674 ε”ν
1920 640 1942 676 5

320 731 375 774 γε
414 713 510 762 τοῖς
552 708 914 774 Ἱεροσολύμοις,
969 710 1043 758 καὶ
1094 709 1292 773 προσέτι
1342 709 1491 777 τούτῳ
1540 711 1615 759 καὶ
1664 706 1821 771 αὐτὴν,
1863 708 1900 756 εἰ

318 792 514 853 ἕλοιντο,
555 791 838 858 διατειχίζειν
878 790 962 855 τὴν
1005 790 1164 841 πόλιν.
1233 791 1286 841 οῦ
1328 790 1384 854 δὴ
1430 791 1690 857 γεγονότος,
1736 791 1810 839 καὶ
1853 790 1902 838 ἐν

318 873 525 940 πρώταις
564 872 698 927 ὄντος
739 878 1026 934 καταβολαῖς
1067 879 1150 924 τοῦ
1194 879 1320 936 ναοῦ,
1352 872 1771 941 διαπεφθονηκότες
1809 876 1903 922 τῶν

101 962 266 1046 ᾗῙῗέἆζΗ
319 959 368 1007 ἐν
404 957 644 1025 Σαμαρείᾳ
681 955 818 1018 τινὲς,
859 955 1075 1020 Βήλεμός
1116 979 1165 1006 τε
1209 958 1283 1007 καὶ
1322 960 1363 1006 οἱ
1401 957 1519 1024 ἀμφ’
1561 955 1715 1017 αὐτὸν,
1753 977 1899 1005 κατα-

320 1037 593 1108 γεγράφασι
633 1043 728 1089 τῶν
770 1039 827 1107 ἐξ
857 1038 1073 1104 Ἰσραὴλ,
1113 1038 1198 1102 τὴν
1241 1043 1302 1092 εἷς
1343 1037 1450 1092 τοῦς
1490 1043 1773 1104 κρατοῦντας
1810 1041 1903 1086 τῶν
1926 1055 1973 1079 10

277 1125 303 1165 b
323 1121 644 1180 Βαβυλωνίων
689 1122 869 1171 εὔνοιαν
909 1120 1331 1184 ὑποπλαττόμενοι,
1374 1118 1704 1189 φιλοπόλεμόν
1741 1142 1789 1170 τε
1829 1120 1904 1169 καὶ

323 1202 616 1267 δυσάντητον
654 1203 873 1269 γενέσθαι
909 1203 1123 1269 λέγοντες
1160 1202 1244 1267 τὴν
1270 1202 1601 1269 Ἰερουσαλὴμ,
1639 1204 1714 1253 καὶ
1752 1203 1905 1255 αὐτοῖς

100 1298 249 1371 &lists-s
324 1285 371 1337 δὲ
397 1291 491 1339 τοῖς
518 1289 724 1352 Περσῶν
749 1291 1035 1346 βασιλεῦσιν
1068 1285 1322 1354 ἀφόρητον.
1391 1284 1486 1336 εἶτα
1512 1285 1728 1337 πείθουσι
1752 1306 1905 1350 προσ-

99 1354 236 1435 ῥἘξὼῗΙ.
248 1353 269 1383 1·
324 1368 463 1437 τάξαι
495 1372 766 1434 κατηρεμεῖν
790 1369 1054 1430 Ἰουδαίους,
1082 1372 1156 1418 καὶ
1196 1367 1310 1432 μήτε
1348 1367 1429 1418 τὸν
1467 1367 1581 1419 νεὼν
1612 1369 1801 1434 ἐγείρειν
1827 1367 1905 1427 ἔτι,

101 1438 257 1471 U'HSqq'
323 1451 440 1515 μήτε
477 1450 570 1515 μὴν
607 1454 690 1514 τῆς
725 1455 787 1504 εἷς
822 1450 907 1515 τὴν
932 1450 1075 1502 πόλιν
1109 1451 1300 1518 ἔχεσθαι
1338 1452 1601 1518 φιλεργίας.
1667 1450 1832 1516 ὀλίγου
1858 1448 1905 1500 δὲ
1929 1465 1973 1502 15

322 1534 500 1602 μεταξὺ
550 1533 858 1586 διελάσαντος
908 1532 1092 1600 χρόνου,
1145 1533 1401 1600 διαδέχεται
1452 1533 1536 1596 τὴν
1588 1533 1840 1594 ,Βασιλείαν
1880 1533 1905 1582 ὁ

324 1621 535 1683 Δαρεῖος,
581 1618 655 1667 καὶ
706 1614 764 1680 ἧν
807 1614 892 1678 μὲν
943 1615 1044 1668 ἔτος
1089 1616 1213 1684 αὐτῷ
1253 1618 1335 1678 τῆς
1377 1615 1625 1675 βασιλείας
1676 1615 1900 1680 δεύτερον.

105 1716 155 1746 lb.
172 1716 213 1746 iv.
325 1698 480 1763 ἐπειδὴ
522 1698 569 1749 δὲ
605 1703 698 1749 τῶν
734 1701 781 1749 ἐν
818 1698 1076 1757 Βαβυλῶνί
1105 1720 1224 1750 τινες
1254 1697 1490 1748 Ἰουδαίων
1526 1698 1906 1761 προσπίπτοντες

104 1769 145 1799 4³
161 1770 232 1800 ΝΜ
325 1781 578 1848 ἐλιπάρουν
617 1783 788 1831 ἀνεῖναι
824 1779 992 1830 λοιπὸν
1018 1778 1100 1830 τὸν
1140 1783 1261 1830 θεῖον
1288 1781 1459 1845 ἐγεῖραι
1494 1778 1619 1840 νεών,
1645 1778 1900 1845 προσέτατ-

107 1870 223 1956 ξὲ·ςέἰι
326 1888 405 1915 τεν
445 1865 471 1914 ό
514 1869 726 1931 Δαρεῖος,
767 1863 977 1932 γέγραφε
1013 1863 1061 1914 δὲ
1102 1868 1196 1917 τοῖς
1235 1863 1324 1914 ἀνὰ
1363 1868 1526 1915 πᾶσαν
1563 1863 1648 1928 τὴν
1687 1863 1907 1927 Φοινίκην
1928 1883 1975 1907 20

290 1948 539 1998 οδιέπουσι
573 1946 656 2000 τὰς
691 1946 852 2014 ἀρχὰς,
891 1946 1006 2010 μήτε
1042 1947 1263 2015 ἐξείργειν
1305 1946 1569 2009 Ἰουδαίους,
1604 1950 1641 1996 εἰ
1679 1947 1908 2011 ἀνορθοῦν

327 2029 507 2080 ἕλοιντο
533 2028 614 2080 τὸν
641 2029 769 2079 ναόν·
811 2027 942 2079 ἀλλὰ
972 2028 1064 2095 γὰρ
1102 2030 1176 2078 καὶ
1211 2027 1465 2095 χρημάτων
1489 2028 1908 2096 ἐπιδαψιλεύεσθαι

326 2112 567 2178 χορηγίαν,
613 2112 687 2161 καὶ
731 2108 814 2164 τὰς
858 2111 906 2160 ἐν
946 2115 1012 2179 τῷ
1057 2110 1251 2179 Λιβάνῳ
1295 2109 1480 2176 κε’δρους
1519 2109 1908 2175 κατακομίζεσθαι

326 2192 436 2259 παρ’
472 2194 625 2244 αὐτῶν
663 2193 1086 2258 ἁπαρεμποδίστως
1125 2195 1223 2255 ε’ἇν,
1267 2194 1328 2245 ὡς
1367 2190 1424 2242 ἂν
1463 2191 1645 2250 οὐδενὸς
1677 2193 1908 2245 ἐνδέοντος

328 2279 423 2326 τῶν
454 2280 516 2329 εἷς
551 2275 636 2340 τὴν
670 2276 828 2343 χρείαν
854 2277 1020 2337 αὐτοῖς,
1048 2276 1405 2340 ἀποπεραίνοιτο
1431 2272 1598 2325 λοιπὸν
1623 2274 1825 2328 εὐκόλως
1849 2273 1908 2325 τὰ
1929 2290 1977 2328 25

374 2455 408 2485 4.
434 2442 574 2477 σκεύεσι
590 2444 660 2477 τοῖς
677 2453 747 2476 orn.
768 2442 811 2475 D.
1228 2440 1261 2474 6.
1286 2439 1428 2485 προσέτι
1446 2439 1569 2487 τούτῳ]
1589 2439 1846 2486 προσεπιτοῦτῳ
1866 2440 1907 2475 Β.

327 2489 472 2534 προσέτι
490 2489 621 2524 τούτοις
640 2490 685 2523 D.
947 2497 978 2533 7.
1004 2488 1159 2533 τειχίζειν
1177 2487 1268 2522 Edd.
1539 2488 1571 2521 8.
1597 2487 1855 2532 διεφθονηκότες
1873 2487 1907 2521 b.

328 2537 439 2570 invito
458 2537 504 2570 D.
523 2536 566 2570 cf.
585 2536 675 2570 infra
692 2536 735 2570 62
741 2536 760 2569 8
779 2535 813 2570 b.
1235 2545 1268 2578 9.
1296 2533 1447 2577 Βήλεμός
1465 2533 1507 2568 Β.
1511 2533 1545 2568 b.
1566 2533 1745 2578 Βήλομβός
1763 2534 1841 2577 (sic)
1861 2534 1908 2569 D.

331 2583 461 2627 Βὴλαιμ
464 2585 500 2619 ός
518 2583 610 2617 Edd.
659 2582 941 2628 καταγεγράφασι
960 2582 1006 2615 D.
1025 2581 1284 2626 καταγράψουσι
1303 2580 1394 2614 Edd.
1753 2591 1804 2614 10.
1832 2582 1909 2616 τοὺς

332 2632 534 2675 κρατοῦντας
553 2630 595 2664 Β.
600 2629 682 2663 D.b.
703 2632 886 2673 κρατοῦντα
905 2627 1545 2663 Edd.11.‹'1'votav
1563 2626 1653 2661 Edd.
1673 2633 1752 2660 ante
1772 2627 1907 2669 Mione,

332 2677 450 2710 invitis
471 2676 510 2710 B.
516 2677 562 2710 D.
566 2676 600 2710 b.
650 2690 685 2710 τε
704 2688 773 2710 om.
794 2676 839 2709 D.
1235 2684 1288 2707 12.
1314 2673 1473 2718 γενεσθαι
1493 2674 1538 2707 D.
1543 2673 1577 2707 b.
1594 2673 1797 2718 γεγενῆσθαι
1816 2673 1908 2708 Edd.

336 2734 389 2768 13.
415 2723 451 2757 δέ
471 2723 512 2756 Β.
520 2723 550 2756 D
557 2723 602 2758 ..b
621 2723 660 2767 δὴ
681 2722 770 2757 Edd.
820 2721 906 2767 τοῖς]
931 2726 967 2762 -f-
988 2725 1054 2755 τῶν
1073 2721 1115 2755 Β.
1377 2731 1430 2762 14.
1456 2721 1537 2754 νεὼν
1556 2720 1639 2754 D.b.
1659 2719 1749 2753 Edd.
1768 2721 1846 2753 ναὸν
1866 2721 1908 2754 Β.

336 2770 389 2804 16.
417 2770 610 2806 διελθόντος
626 2781 689 2815 pro
705 2769 831 2813 μεταξὺ
848 2769 1068 2803 διελάσαντος
1086 2768 1120 2802 b.
1169 2769 1188 2800 ὁ
1205 2778 1274 2801 om.
1293 2766 1328 2801 b.
1580 2775 1631 2810 17.
1656 2767 1713 2810 τῆς
1728 2766 1909 2805 βασιλείας

333 2823 556 2850 accesserunt
573 2829 613 2850 ex
632 2817 667 2850 b.
687 2816 836 2850 desunt
830 2828 865 2849 m
885 2816 932 2849 D.
1377 2824 1430 2857 19.
1457 2813 1538 2846 νεὼν
1556 2812 1597 2846 Β.
1601 2813 1635 2846 b.
1655 2814 1732 2846 ναὸν
1750 2813 1796 2847 D.
1816 2813 1908 2847 Edd.

335 2874 390 2897 20.
414 2864 542 2908 γράφει
558 2863 593 2897 b.
612 2864 664 2897 καὶ
681 2864 838 2908 γέγραφε
856 2862 892 2896 δὲ
911 2862 957 2895 D.
1279 2871 1334 2894 22.
1359 2861 1437 2893 ναόν
1457 2859 1497 2892 Β.
1504 2860 1548 2892 D.
1551 2859 1584 2893 b.
1604 2861 1685 2894 νεὼν
1702 2859 1795 2894 Edd.
1843 2861 1909 2905 γὰρ

334 2916 478 2943 accessa
496 2922 535 2943 ex
556 2910 601 2944 D.
605 2910 639 2944 b.
819 2920 874 2952 23.
899 2907 1160 2950 ἀποκομίζεσθαι
1179 2906 1269 2941 Edd.
1289 2906 1405 2940 invitis
1425 2905 1466 2939 Β.
1474 2906 1517 2939 D.
1521 2905 1555 2940 b,
1722 2917 1776 2948 24.
1802 2906 1908 2950 ἀπαρ-

334 2956 546 2995 εμποδίστως
568 2956 659 2989 B.D.
677 2956 959 2999 ἅπαραποδῖστως
977 2955 1010 2988 b.
1029 2954 1282 2997 ἀνεμποδίστως
1301 2952 1391 2986 EM
1770 2964 1824 2998 25.
1850 2954 1909 2995 τὴν

335 3012 403 3034 0111.
424 3002 469 3034 D.
529 3003 785 3047 ἀποπεριιίνοιτο
807 3003 935 3036 B.U.b.
955 3002 1229 3045 ἀποπεραίνοιντο
1249 2999 1338 3033 Edd.
