2018 3387
65 692 86 730 5

42 1108 88 1133 10

44 1511 90 1547 Ι5

43 1917 93 1942 20

103 191 173 232 xii.
202 205 263 232 10.
484 192 557 233 IN
604 192 1020 232 ZACHARIAM.
1082 190 1234 230 TOM.
1260 189 1311 228 V.
1606 187 1689 226 493

170 302 274 344 ὡσεὶ
334 304 393 344 ἐπ’
461 303 695 354 ἀΓαΠΗτὸν,
756 304 823 344 καὶ
885 304 1223 345 ὀδυνΗΟήσονται
1284 302 1439 344 ὀδύνΗν
1500 300 1560 340 doc
1619 298 1686 339 ὲηί

173 387 448 441 Πρωτοτόκῳ.

168 513 234 562 Ἡ
255 514 494 578 Ἐβραίων
513 513 697 567 ε”κδοσις
723 513 872 580 ἀρχὴν
892 518 1087 564 ποιεῖται
1114 518 1196 562 τοῦ
1222 510 1524 577 προκειμένου
1545 512 1690 575 κεφα-

105 592 241 644 λαίου
275 593 329 644 τό
368 597 461 644 Καὶ
493 595 837 663 ἐπιβλέψονται
863 594 981 661 πρὸς
1006 593 1076 657 με’·
1119 593 1248 657 πλὴν
1275 594 1328 642 οὐ
1355 591 1606 654 συμβαίνει
1632 594 1690 657 τῇ

106 679 198 725 τῶν
224 674 546 738 ἑβδομήκοντα
582 675 843 741 παραδόσει
880 699 927 726 τε
963 679 1037 726 καὶ
1074 675 1303 743 ἑρμηνεία.
1358 675 1572 737 (Εβραῖοι
1606 671 1691 733 μὲν

106 756 198 822 γάρ
224 755 476 823 ”Οψονταί
511 762 653 823 φασι,
692 759 792 808 ἀντὶ
828 763 911 808 τοῦ
946 757 1342 824 Ἐπιβλέψονται,
1379 756 1481 804 ἀντὶ
1521 753 1568 803 δὲ
1608 759 1690 803 τοῦ

110 842 477 906 Κατωρχήα-οιντο,
517 843 599 892 Εἰς
639 837 691 889 ὃν
726 839 1046 907 ἐξεκέντησαν.
1102 837 1232 901 πλὴν
1268 839 1364 887 οὔτι
1403 859 1494 886 που
1534 833 1691 902 φαμὲν

106 922 400 988 ἀφαμαρτεῖν
443 927 525 971 τοῦ
570 921 844 986 πρέποντος,
890 922 991 971 οὔτε
1035 920 1120 984 τὴν
1161 917 1400 985 (Εβραίων
1446 919 1547 968 οὔτε
1599 920 1693 966 τῶν

107 1002 446 1066 ἑβδομήκοντα”
505 1006 833 1071 κατορχήσαντο
877 1001 970 1068 γὰρ
1012 1006 1052 1052 οἱ
1092 1001 1307 1051 Ἰουδαῖοι
1346 1003 1577 1066 Χριστοῦ,
1619 1001 1694 1048 καὶ

107 1083 225 1149 πρός
259 1106 313 1148 γε
349 1084 498 1153 τούτῳ
535 1086 609 1133 καὶ
636 1083 998 1152 Ἐξεκέντησαν.
1055 1083 1267 1151 διένυξαν
1294 1080 1386 1147 γὰρ
1411 1085 1452 1131 οἱ
1481 1079 1696 1131 Πιλάτου

108 1170 394 1232 στρατιῶται
441 1164 526 1229 τὴν
567 1165 778 1231 πλευρὰν
824 1167 979 1227 αὐτοῦ,
1022 1165 1142 1215 καθὰ
1189 1165 1465 1230 γέγραπται.
1532 1163 1698 1212 οὐκοῦν

108 1246 438 1312 περιθήσωμεν
477 1246 662 1300 εἰκότως
700 1251 767 1316 τῷ
807 1247 1054 1316 προσώπῳ
1094 1250 1311 1311 Χριστοῦ
1348 1244 1431 1295 τὸν
1470 1246 1543 1294 ἐπὶ
1582 1246 1745 1312 τῴδεᾶ

157 1329 167 1343 Ι
411 1329 422 1344 ἱ
502 1330 510 1344 l
565 1334 583 1342 rs
621 1329 629 1342 Ι
937 1329 946 1341 Ι
1280 1332 1299 1340 Α
1356 1323 1376 1341 2!
1665 1329 1674 1341 ἱ

109 1336 273 1395 λογον.
327 1339 457 1393 πλην
488 1352 632 1379 εκεινο
668 1333 824 1397 φαμεν
855 1332 1122 1388 βουλεσθαι
1154 1331 1328 1390 δηλουν
1379 1328 1604 1392 Οψονται
1640 1348 1701 1378 εις

110 1409 163 1461 ὃν
188 1409 510 1479 ἐξεκέντησαν,
537 1410 684 1476 ἤγουν
714 1413 1055 1480 κατορχήπιντο,
1085 1415 1162 1460 not}
1198 1403 1420 1478 κόψονται
1449 1407 1519 1458 ἐπ’
1546 1405 1701 1461 αὐτοὺς

113 1493 292 1543 κοπετὶν
333 1495 432 1543 abo—e}
478 1494 544 1544 ἐπ’
587 1492 821 1558 dayam-mov
867 1498 944 1543 noc)
989 1488 1300 1552 ὀδυνηθήσονται
1347 1485 1482 1550 ὀδύνην
1524 1491 1582 1543 ὡς
1626 1489 1699 1539 ἐπὶ

110 1574 388 1644 πρωτοτᾶκῳ.
454 1572 863 1640 προσηλώσαντες
907 1571 992 1635 μὲν
1031 1572 1124 1639 γὰρ
1169 1576 1236 1641 τῷ
1280 1571 1414 1640 ξύλῳ
1456 1568 1539 1621 τὸν
1578 1573 1701 1620 θεῖον

110 1654 237 1713 ναὸν,
283 1656 652 1721 περιεστήκασιν
699 1658 741 1705 οἱ
791 1655 1176 1722 σταυρώσαντες,
1221 1652 1424 1706 ἀνοσίως
1471 1650 1700 1703 ἐπιτωθά-

110 1736 275 1802 ζοντες.
333 1741 375 1788 οἱ
406 1736 491 1801 μὲν
517 1736 609 1803 γὰρ
647 1737 862 1805 ἔφασκον
888 1737 993 1788 “Ὀ
1020 1736 1270 1787 καταλύων
1297 1733 1382 1798 τὴν
1410 1732 1522 1784 ναὸν
1549 1735 1625 1783 καὶ
1651 1735 1700 1783 ἐν

110 1825 138 1847 “
163 1820 318 1883 τρισὶν
350 1818 536 1885 ἡμέραις
572 1822 842 1881 οἰκοδομῶν,
869 1822 1037 1869 σῶσον
1067 1816 1314 1868 σεαυτόν·”
1367 1815 1512 1880 ἕτεροι
1551 1812 1600 1864 δὲ
1640 1815 1699 1865 αὖ

112 1906 139 1929 “
156 1899 374 1954 ’Ἄλλους
394 1900 597 1961 ἔσωσεν,
618 1899 782 1950 ἑαυτὸν
801 1900 854 1949 οὐ
875 1899 1066 1950 δύναται
1087 1898 1288 1949 σῶσαι.”
1329 1895 1484 1959 ἐπειδὴ
1511 1894 1558 1946 δὲ
1584 1895 1698 1960 ὑπὲρ

112 1981 244 2044 ἡμῶν
267 1980 352 2045 τὴν
379 1982 499 2032 ἰδίαν
525 1980 688 2048 ψυχὴν
714 1980 930 2043 τέθεικεν,
956 1979 1177 2048 ἐκήρυξέν
1203 2000 1251 2030 τε
1283 1980 1356 2029 καὶ
1388 1981 1483 2030 τοῖς
1510 1979 1558 2027 ἐν
1584 1975 1699 2045 ᾅδου
1716 1999 1738 2026 e

111 2062 395 2125 πνεύμασιν,
425 2063 596 2123 ἀνεβίω
632 2084 679 2112 τε
715 2062 789 2119 αὖ,
816 2067 1020 2125 σεισμοῦ
1053 2060 1320 2127 γενομένου,
1349 2060 1455 2124 περὶ
1485 2056 1539 2109 τὸ
1574 2081 1693 2122 μνη·

111 2148 239 2205 μεῖον
265 2147 306 2194 οἱ
340 2143 731 2209 προσεδρεύοντες
762 2142 1020 2210 ἐθαύμαζον
1046 2142 1263 2208 λέγοντες
1291 2148 1316 2170 “
1333 2136 1552 2204 Ἀληθῶς
1576 2143 1700 2190 Θεοῦ

115 2287 209 2330 (adv,
238 2287 339 2321 Nest.
368 2287 429 2321 lib.
449 2288 495 2321 iv.
525 2299 558 2332 p.
582 2298 647 2329 114
672 2287 723 2330 b.)
750 2286 844 2321 unde
869 2287 991 2321 iisdem
1018 2287 1130 2320 utitur
1154 2286 1189 2319 in
1214 2284 1441 2330 responsione
1468 2284 1514 2318 D.
1535 2283 1564 2318 C
1566 2285 1699 2329 yrillus.

114 2333 232 2367 Verba
248 2333 295 2369 εἷς
312 2332 350 2367 ὃν
367 2333 588 2377 ἐξεκέντησαν
605 2333 771 2368 exhibent
788 2335 860 2377 (22.
880 2334 922 2367 al.
928 2334 951 2376 ).
1024 2332 1074 2367 επ’
1093 2332 1206 2368 αυτοῖς
1225 2331 1265 2366 C.
1285 2331 1386 2375 (XII.
1405 2332 1478 2374 42.)
1497 2329 1552 2374 ἐφ’
1571 2332 1702 2367 ἑαυτοῖς

115 2379 153 2413 F.
175 2379 267 2414 Edd.
287 2379 355 2424 [ἐπ’
373 2380 494 2415 αὐτοὺς
510 2379 629 2424 Alex]
852 2391 880 2413 1.
901 2380 982 2414 ὤσει
1003 2379 1046 2414 Β.
1065 2383 1106 2414 ut
1122 2379 1223 2412 infra.
1244 2379 1287 2413 ὡς
1306 2377 1346 2412 C.
1366 2376 1429 2421 (A.
1434 2377 1478 2410 V.
1497 2376 1582 2422 ἂρ.)
1648 2377 1699 2412 ἐπ

115 2425 290 2470 ἀγαπητὸν
309 2426 349 2460 C.
369 2425 489 2470 (Alex.
495 2426 544 2470 )'
529 2425 579 2459 επ’
597 2426 759 2471 ἀγαπητῷ
780 2425 821 2459 Β.
841 2426 933 2460 Edd.
1065 2436 1096 2460 2.
1121 2426 1326 2470 πρωτοτόκῳ
1349 2424 1391 2458 D.
1397 2424 1433 2458 F.
1453 2423 1544 2457 Edd.
1596 2423 1636 2457 In
1658 2423 1699 2458 C.

113 2472 227 2505 littera
243 2483 350 2512 erasa,
370 2473 468 2518 quasi
485 2478 564 2506 ante
582 2472 750 2506 exhibens
767 2474 990 2516 πρωτοτόκων
1009 2472 1072 2517 (95
1052 2482 1084 2517 5.
1108 2471 1203 2516 185).
1360 2481 1392 2514 3.
1418 2468 1637 2514 προκειμένου
1657 2470 1698 2504 C.

113 2520 280 2563 παρόντος
299 2518 390 2552 Edd.
591 2530 624 2560 4.
651 2519 690 2552 τό
708 2530 778 2552 om.
799 2518 839 2552 C.
1042 2518 1074 2551 6.
1105 2518 1201 2551 Haec
1219 2516 1479 2561 ἐπιβλέψονται,
1497 2515 1569 2549 ἀντὶ
1587 2516 1624 2549 δέ
1641 2519 1701 2550 τοῦ

114 2569 297 2608 assumpta
313 2577 355 2598 ex
376 2565 417 2598 Β
423 2563 463 2598 C.
715 2573 758 2608 7—
764 2575 817 2598 10.
847 2564 945 2598 Haec
960 2563 1050 2607 πλὴν
1068 2566 1139 2597 οὔτι
1159 2563 1249 2609 [οὔτι
1266 2575 1284 2597 e
1302 2575 1389 2597 corr.
1408 2574 1428 2596 a
1444 2573 1553 2596 manu
1570 2563 1701 2596 recenti

114 2622 155 2644 ex
182 2610 250 2656 ὅτι]
274 2626 340 2645 που
364 2611 479 2655 φαμὲν
498 2610 710 2654 ἀφαμαρτεῖν
732 2610 858 2655 [manu
882 2579 1030 2644 recenth
1032 2622 1073 2644 ex
1094 2609 1218 2654 ἐφαμ.]
1238 2608 1567 2652 του-εξεκέντησαν
1583 2619 1699 2642 acces-

115 2663 236 2691 serunt
254 2669 295 2691 ex
315 2658 355 2692 C.
374 2657 526 2691 desunt
519 2669 552 2690 ln
573 2657 619 2690 D.
956 2667 1009 2690 12.
1033 2656 1269 2700 περιθησωμεν
1288 2655 1328 2690 C.
1346 2654 1589 2698 παραθήσομεν
1606 2654 1699 2688 Edd.

118 2714 171 2747 13.
200 2704 298 2738 Haec
315 2702 766 2754 ὅψονται-κατορχὴσαντο
784 2708 1006 2736 accesserunt
1024 2714 1065 2736 ex
1084 2702 1126 2737 C.
1370 2712 1422 2743 14.
1448 2700 1498 2735 επ’
1518 2700 1638 2736 αὐτοὺς
1657 2701 1699 2735 C.

115 2748 256 2794 (Alex.)
282 2756 315 2784 et
340 2750 440 2784 infra.
470 2748 598 2794 [αὐτοῖς
624 2760 728 2792 supra
754 2760 788 2782 m
811 2748 879 2805 S’S.
911 2748 986 2782 Ser.
1007 2755 1105 2782 textu
1131 2747 1271 2782 exhibet
1290 2746 1349 2792 C.]
1376 2746 1430 2791 ἐφ’
1453 2748 1582 2782 ἑαυτοῖς
1606 2746 1698 2781 Edd.

120 2805 173 2837 15.
199 2797 282 2830 ὡσεὶ
300 2796 426 2830 retinui
444 2808 485 2830 ex
505 2795 596 2830 Edd.
616 2795 659 2830 ὡς
677 2795 718 2829 C.
767 2793 818 2828 ἐπ’
837 2794 1008 2839 ἀγαπητὸν
1026 2794 1067 2828 C.
1086 2793 1137 2829 ἐπ’
1155 2794 1316 2840 ἀγαπητῷ
1335 2793 1427 2827 Edd.
1529 2793 1581 2827 16.
1607 2807 1698 2837 πρω-

116 2843 242 2898 τοτόκῳ
260 2842 365 2876 habet
383 2843 424 2876 C
688 2851 739 2885 17.
766 2840 1037 2884 περιεστὴκησαν
1055 2840 1096 2874 C
1370 2851 1425 2874 20.
1452 2840 1505 2873 καὶ
1522 2840 1640 2873 ἑαυτὸν
1659 2839 1699 2874 C.

117 2888 200 2931 ὑπερ
229 2888 319 2931 ἡμῶν
345 2889 404 2931 τὴν
429 2888 516 2923 ιδίαν
541 2888 660 2933 ψυχην
686 2887 830 2921 τέθεικεν
861 2887 902 2921 C.
937 2888 1005 2922 θεὶς
1035 2887 1117 2929 ὑπὲρ
1146 2886 1236 2930 ἡμῶν
1262 2886 1321 2929 τὴν
1348 2886 1434 2920 ἰδίαν
1461 2886 1580 2931 ψυχὴν
1607 2885 1699 2920 Edd.

119 2944 173 2967 21.
200 2949 234 2967 τε
253 2941 474 2979 assumptum
493 2947 534 2968 ex
554 2935 595 2968 C.
716 2945 770 2967 22.
796 2948 872 2976 περι
894 2933 933 2967 C.
953 2935 1043 2977 παρὰ
1061 2933 1119 2966 iid.
1243 2944 1296 2977 23.
1324 2932 1508 2975 ἐθαύμαζον
1524 2931 1699 2977 λέγοντες]

118 2980 271 3024 ἔφασκον
287 2980 444 3026 λέγοντες
465 2982 494 3017 (s
481 2982 543 3023 ie)
564 2981 603 3014 C.
624 2982 777 3025 ξ’φοσκοι
795 2980 895 3013 habet
917 2980 948 3013 b.
1018 2983 1104 3013 Θεοῦ
1123 2981 1199 3014 Υἱὸς
1217 2979 1283 3013 hoe
1303 2978 1423 3013 ordine
1444 2978 1569 3012 BLtb.

1757 1080 1790 1129 S.
1805 1080 1904 1111 Joan.

1759 1135 1826 1154 mx.
1839 1132 1890 1163 34.

1759 1743 1918 1793 SMqtth.

1759 1798 1861 1818 xxvu.
1869 1798 1921 1826 40.

1760 1914 1811 1946 Ib.
1831 1924 1883 1954 4²-

1761 2159 1811 2189 Ib.
1833 2166 1884 2199 54.
