2060 3387
130 194 264 237 viii.6.
487 200 557 240 IN
601 202 1014 246 ZACIIARIAM.
1075 206 1225 247 TOM.
1261 206 1345 247 111.
1618 207 1698 245 335

125 303 253 370 τείχη
292 308 640 374 κατεῤῥιμμένα,
679 313 824 367 οἰκίας
863 315 1268 381 ἐμπεπρησμένας,
1306 314 1496 368 ἁπάσας
1531 314 1578 365 δὲ
1619 313 1701 367 Τὰς

124 384 174 434 ἐν
221 386 379 457 κύκλῳ
427 389 588 445 πόλεις
636 397 793 460 θηρῶν
844 396 1019 462 ἀγρίων
1069 398 1410 462 ἐνδιαιτήματα,
1454 396 1599 448 διάτοι
1648 397 1703 448 τὸ

125 474 408 521 κεκενῶσθαι
444 480 687 529 παντελῶς
724 481 817 527 τῶν
856 479 1193 530 κατοικούντων
1231 479 1384 533 αὐτάς·
1425 481 1500 530 καί
1532 478 1703 545 ἀγροὺς

123 548 209 612 μὲν
233 550 339 605 τοὺς
362 553 512 605 πάλαι
539 557 818 626 παμφόρους
849 583 897 610 τε
932 563 1006 611 καὶ
1035 563 1234 615 εὐανθεῖς
1261 562 1464 626 ἀκάνθης
1489 561 1704 625 μεστοὺς,

83 631 256 682 5οὗδέν
305 633 497 701 ε”χοντας
547 643 642 689 τῶν
691 642 898 705 ὡρίμων,
951 643 1182 698 διολωλὸς
1234 644 1280 695 δέ
1331 649 1392 697 εἰς
1442 644 1568 695 ἅπαν
1610 649 1704 694 Τῶν

124 711 357 777 ἀγροίκων
401 713 455 766 τὸ
501 717 645 782 γένος.
714 718 771 784 ἦν
815 722 913 782 οὖν,
956 724 1017 775 ὡς
1058 723 1196 791 ἔφην,
1245 725 1450 774 ἐντεῦθεν
1491 726 1705 775 άπιστεῖν

124 791 254 856 εἰκὸς,
282 797 344 849 ὡς
381 800 443 851 εἰς
476 800 618 865 πέρας
649 802 803 855 αὐτοῖς
829 803 1078 867 ἐκβήσεται
1103 804 1161 856 τὰ
1187 807 1526 871 ἐπηγγελμένα.
1593 806 1703 857 ταύ-

122 898 252 944 τῃτοι
280 878 399 932 Θεὸς
431 884 647 949 διψυχεῖν
673 885 755 933 οὐκ
787 886 855 953 ἐᾷ·
898 890 1091 951 θαρσεῖν
1123 887 1170 937 δὲ
1202 889 1374 938 κελεύει
1407 891 1481 939 καὶ
1516 891 1709 950 ε’μπεδοῖ

123 957 276 1024 λέγων
305 966 354 1011 Εἰ
382 959 636 1024 ἀδυνατήσει
672 966 842 1018 ἐνώπιον
873 967 952 1018 τῶν
993 972 1284 1022 κατειλοίπων
1321 972 1392 1021 τοῦ
1419 974 1532 1021 λαοὶ]
1559 972 1701 1022 τούτου

59 1039 160 1091 ιοέν
186 1044 287 1096 ταῖς
311 1041 484 1113 ἡμέραις
520 1047 715 1110 ἐκείναις,
742 1047 802 1116 μὴ
845 1055 920 1101 καὶ
962 1051 1130 1103 ἐνώπιόν
1169 1077 1253 1118 μου
1287 1049 1542 1113 ἀὸονοιτῆσ-ει
1578 1052 1700 1119 λέγει

127 1121 274 1193 Κύριος
320 1128 662 1198 Παντοκράτωρ,
704 1128 729 1180 ὅ
777 1130 868 1196 γάρ
912 1134 1042 1183 ἐστιν
1083 1136 1130 1184 ἐν
1171 1134 1279 1198 ἡμῖν
1321 1134 1578 1202 ἀμήχανον,
1623 1137 1696 1186 εὐ-

121 1205 419 1271 κατόρθωτον
469 1210 632 1274 κομιδὴ
684 1217 749 1281 τῷ
800 1213 956 1264 πάντα
1007 1215 1220 1283 ἰσχύοντι
1263 1221 1387 1286 Θεῷ.
1455 1218 1557 1268 ε”στι
1609 1217 1701 1284 γὰρ

122 1286 258 1341 αὐτὸς
310 1291 336 1339 ὁ
385 1295 480 1341 τῶν
529 1292 767 1356 δυνάμεων
813 1296 999 1360 Κύριος,
1045 1297 1236 1362 θελήσει
1285 1303 1482 1364 πληρῶν
1527 1302 1601 1350 καὶ
1643 1301 1702 1350 τὰ

123 1368 231 1420 λίαν
271 1373 497 1439 ὑπερφυῆ,
531 1377 604 1425 καὶ
641 1379 703 1429 εἰς
740 1376 883 1442 πέρας
922 1379 1050 1444 ἄγων
1088 1381 1320 1444 ἀμελλητὶ
1359 1380 1412 1432 τὸ
1447 1385 1625 1435 δοκοῦν.

187 1450 208 1469 ,Ι
392 1454 404 1470 Ι
610 1456 622 1471 N
682 1459 691 1473 5
846 1461 856 1476 l
969 1462 979 1474 t
1080 1461 1093 1476 X
1214 1465 1226 1480 x
1377 1462 1389 1478 Χ
1491 1463 1503 1480 Χ
1548 1466 1558 1480 ³
1655 1469 1675 1477 V*

58 1470 103 1509 15
211 1457 323 1520 Εφη
351 1458 398 1505 δε
422 1479 514 1506 που
539 1480 656 1523 προς
698 1461 933 1514 Ιουδαιους
960 1484 984 1511 ο
1006 1465 1126 1516 Θεος
1153 1486 1228 1513 και
1257 1467 1426 1530 Πατηρ
1451 1487 1510 1514 τα
1536 1488 1585 1515 εκ
1619 1489 1702 1530 της

121 1540 203 1585 τοῦ
245 1539 463 1603 Σωτῆρος
500 1539 632 1603 ἡμῶν
675 1542 915 1606 ἐπιδημίας
958 1549 1317 1613 προαναφωνῶν
1360 1547 1702 1613 κατορθώματα

123 1622 150 1645 ‘⁶
169 1614 314 1668 Ἴδετε
357 1623 399 1669 οἰ
444 1626 793 1690 καταφρονηταὶ
833 1626 908 1674 καὶ
948 1627 1243 1695 ἐπιβλέψατε
1279 1629 1353 1678 καὶ
1393 1630 1700 1697 ἀφανίσθητε,

121 1704 149 1727 cc
176 1698 200 1749 ὅ

122 1788 150 1811 “
173 1782 238 1847 μὴ
268 1785 568 1850 πιστεύσητε,
596 1785 674 1838 ἐάν
706 1811 775 1842 τις
813 1791 1078 1855 ἐκδιηγῆται
1119 1793 1268 1855 ὑμῖν.”
1334 1793 1451 1844 ὅσον
1484 1793 1569 1857 μὲν
1607 1795 1700 1862 γὰρ

55 1882 104 1907 20
121 1863 231 1928 ἧκεν
271 1869 332 1919 εἰς
371 1867 545 1932 λόγους
583 1869 688 1923 τοὺς
733 1872 780 1921 ἐν
816 1871 939 1935 ἡμῖν,
979 1873 1091 1938 ὑπὲρ
1131 1878 1287 1938 θαῦμα
1326 1877 1399 1925 καὶ
1442 1875 1590 1942 λόγον
1626 1880 1700 1928 καὶ

122 1946 234 1997 αὐτὸ
267 1946 321 1999 τὸ
356 1951 438 2013 τῆς
475 1951 871 2018 ἐνανθρωπήσεως
905 1955 1185 2022 μυστήριον·
1230 1956 1359 2008 οὐδὲν
1386 1958 1433 2009 δὲ
1458 1959 1599 2024 ἧττον
1625 1964 1700 2012 καὶ

122 2026 183 2078 τὰ
220 2031 429 2081 ἐντεῦθεν
462 2031 571 2095 ἡμῖν
609 2034 902 2099 ἐκβεβηκότα
940 2038 1293 2104 κατορθώματα.
1359 2045 1458 2094 πῶς
1496 2041 1588 2108 γὰρ
1618 2044 1700 2094 οὐκ

121 2109 343 2165 ἀπιστίας
379 2112 519 2179 ἐγγὺς
555 2114 638 2166 τὸν
673 2117 723 2166 ἐκ
760 2120 884 2168 Θεοῦ
912 2119 1067 2187 φύντα
1093 2119 1255 2187 Λόγον
1288 2124 1512 2186 ἑνωθῆναι
1543 2128 1697 2192 σαρκὶ,

121 2193 196 2242 καὶ
244 2194 292 2244 ἐν
339 2198 397 2263 τῇ
448 2202 530 2247 τοῦ
585 2197 758 2249 δούλου
808 2201 1028 2264 γενέσθαι
1089 2207 1267 2272 μορφῇ,
1320 2207 1393 2255 καὶ
1458 2207 1698 2267 ὑπομεῖναι

54 2290 102 2327 25
121 2274 340 2340 σταυρὸν,
369 2278 522 2343 ὕβρεις
560 2302 609 2330 τε
644 2282 718 2330 καὶ
753 2282 900 2335 αἰκίας
937 2285 1214 2349 ὑπενεγκεῖν,
1241 2288 1316 2337 καὶ
1354 2290 1436 2351 τῆς
1460 2288 1697 2340 Ἰουδαίων

119 2357 393 2423 ἀβελτερίας
417 2358 475 2409 τὰ
499 2360 664 2425 βλάβη
686 2383 698 2423 ;
741 2361 770 2427 ἢ
794 2367 893 2417 πῶς
929 2366 1011 2415 οὐκ
1046 2367 1104 2416 ἄν
1135 2390 1203 2421 τις
1237 2369 1587 2435 ὑπεραγάσαιτο
1615 2374 1696 2435 τῆς

120 2440 379 2503 οἰκονομίας
419 2440 503 2505 τὴν
545 2441 755 2506 ἔκβασιν,
799 2444 918 2496 ὅπου
962 2446 1219 2515 καθῄρηται
1266 2449 1352 2514 μὲν
1402 2452 1429 2515 ἡ
1478 2453 1695 2516 ἁμαρτία,

169 2649 201 2673 2.
227 2639 337 2685 θηρῶν
355 2641 396 2676 C.
413 2642 536 2687 θηρίων
553 2644 645 2679 Edd.
1018 2661 1050 2691 4.
1075 2649 1218 2694 ἀκάνθης
1236 2650 1276 2685 C.
1293 2651 1443 2686 ἀκάνθων
1460 2652 1517 2687 iid.
1569 2653 1694 2689 Statim

120 2685 283 2732 ὑπάρχειν
300 2687 380 2722 add.
397 2689 456 2725 iid.
474 2691 582 2725 invito
601 2691 641 2726 C.
784 2693 816 2727 6.
841 2694 885 2729 ὡς
902 2694 988 2738 ἔφην
1005 2695 1155 2731 ἐντεῦθεν
1173 2697 1239 2731 hoc
1257 2698 1332 2732 ord.
1353 2698 1393 2732 C.
1518 2711 1570 2734 10.
1600 2700 1694 2735 Haec

120 2732 213 2777 λέγει
231 2733 352 2778 Κύριος
367 2739 605 2783 παντοκράτωρ
623 2747 842 2774 accesserunt
860 2753 900 2774 ex
921 2741 1012 2775 C.D.
1375 2756 1427 2779 ΙΙ.
1455 2746 1489 2779 ἐν
1506 2746 1581 2790 ἡμῖν
1601 2747 1640 2781 C.
1661 2748 1696 2781 ἐν

121 2778 197 2820 ὑμῖν
215 2779 261 2813 D.
280 2781 356 2823 ἡμῖν
373 2782 407 2816 b.
425 2784 501 2827 ὑμῖν
519 2784 610 2818 Edd.
773 2797 824 2820 12.
853 2788 969 2832 κομιδὴ
990 2788 1067 2823 C.b.
1086 2790 1213 2833 δηλαδὴ
1234 2791 1279 2824 D.
1299 2791 1391 2826 Edd.
1552 2805 1603 2837 13.
1629 2799 1694 2828 τῶν

121 2826 237 2867 ὀίείε)
254 2827 391 2862 inverso
409 2830 530 2864 ordine
548 2831 639 2866 Edd.
657 2839 736 2866 ante
755 2833 889 2878 Migne.
1379 2850 1431 2880 14.
1458 2839 1630 2884 ὑπερφερῆ
1651 2841 1691 2874 C.

125 2881 178 2914 17.
205 2871 308 2907 εἴδετε
327 2874 417 2909 Edd.
437 2876 553 2911 invitis
574 2878 710 2913 B.C.D.
760 2880 970 2924 ἀφανίσθητε
990 2881 1081 2915 C.D.
1101 2882 1294 2926 θαυμάσατε
1313 2884 1404 2918 Edd.
1560 2888 1610 2920 18.
1638 2889 1692 2929 ἕρ·

120 2932 181 2961 γον
198 2919 255 2952 alt.
274 2930 493 2966 assumptum
512 2937 551 2957 ex
572 2925 611 2959 C.
911 2939 962 2971 19.
988 2929 1190 2963 πιστεύσετε
1210 2932 1248 2964 C.
1547 2945 1598 2967 20.
1624 2935 1692 2978 ἥκει

122 2964 212 2998 Edd.
404 2970 456 3003 26.
481 2971 697 3017 ἀβελτερίας]
719 2973 775 3006 Sic
794 2975 925 3007 correxi
943 2987 982 3008 ex
1004 2975 1043 3009 C.
1063 2976 1223 3020 ἀβελτηρ.
1246 2977 1334 3012 Edd.
1385 2979 1423 3012 τὰ
1441 2980 1554 3023 βλάβη
1576 2982 1614 3015 (J.
1635 2982 1692 3017 τὰς

119 3012 291 3054 παροινίας
309 3013 398 3049 Edd.
628 3028 681 3063 27.
709 3019 726 3062 ἡ
745 3031 813 3053 om.
834 3019 873 3053 C.

176 3080 267 3109 νοτ..
292 3082 338 3109 11.
873 3091 896 3130 3
920 3091 945 3116 D

1722 333 1742 359 s:

1721 976 1747 1016 d

1721 1662 1741 1688 e
1763 1640 1852 1671 Hah.
1869 1641 1889 1671 i.

203 1722 247 1750 τι
277 1699 415 1767 ἔργον
453 1704 543 1769 ἐγὼ
579 1704 825 1772 ἐργάζομαι
859 1709 907 1758 ἐν
932 1713 1030 1762 ταῖς
1066 1710 1252 1776 ἡμέραις
1279 1711 1406 1774 ὑμῶν
1433 1711 1569 1777 ἔργον
1597 1711 1622 1763 ὃ
1648 1715 1701 1764 οὐ
1763 1715 1777 1723 ”

1713 2471 1734 2495 a
1770 2463 1846 2498 718
1864 2464 1915 2498 A.
