<?xml version="1.0" encoding="UTF-8"?>
<!DOCTYPE html PUBLIC "-//W3C//DTD XHTML 1.0 Transitional//EN"
    "http://www.w3.org/TR/xhtml1/DTD/xhtml1-transitional.dtd">
<html xmlns="http://www.w3.org/1999/xhtml" xml:lang="en" lang="en">
 <head>
  <title>
</title>
<meta http-equiv="Content-Type" content="text/html;charset=utf-8" />
  <meta name='ocr-system' content='tesseract 3.04.00' />
  <meta name='ocr-capabilities' content='ocr_page ocr_carea ocr_par ocr_line ocrx_word'/>
</head>
<body>
  <div class='ocr_page' id='page_1' title='image "./operacyrilli02cyriuoft/operacyrilli02cyriuoft_0282.png"; bbox 0 0 2007 3387; ppageno 0'>
   <div class='ocr_carea' id='block_1_1' title="bbox 104 276 155 305">
    <p class='ocr_par' dir='ltr' id='par_1_1' title="bbox 104 276 155 305">
     <span class='ocr_line' id='line_1_1' title="bbox 104 276 155 305; baseline 0 -1"><span class='ocrx_word' id='word_1_1' title='bbox 104 276 155 305; x_wconf 81' lang='lat' dir='ltr'>Ps.</span> 
     </span>
    </p>
   </div>
   <div class='ocr_carea' id='block_1_2' title="bbox 105 315 261 348">
    <p class='ocr_par' dir='ltr' id='par_1_2' title="bbox 105 315 261 348">
     <span class='ocr_line' id='line_1_2' title="bbox 105 315 261 348; baseline 0 0"><span class='ocrx_word' id='word_1_2' title='bbox 105 315 212 348; x_wconf 69' lang='lat' dir='ltr'>cxxvi,</span> <span class='ocrx_word' id='word_1_3' title='bbox 234 325 246 347; x_wconf 91' lang='lat'>1</span> <span class='ocrx_word' id='word_1_4' title='bbox 254 340 261 348; x_wconf 87' lang='lat'><strong>.</strong></span> 
     </span>
    </p>
   </div>
   <div class='ocr_carea' id='block_1_3' title="bbox 100 1842 194 1873">
    <p class='ocr_par' dir='ltr' id='par_1_3' title="bbox 100 1842 194 1873">
     <span class='ocr_line' id='line_1_3' title="bbox 100 1842 194 1873; baseline 0.011 -1"><span class='ocrx_word' id='word_1_5' title='bbox 100 1842 194 1873; x_wconf 71' lang='lat' dir='ltr'><strong>Hier.</strong></span> 
     </span>
    </p>
   </div>
   <div class='ocr_carea' id='block_1_4' title="bbox 100 1886 241 1925">
    <p class='ocr_par' dir='ltr' id='par_1_4' title="bbox 100 1886 241 1925">
     <span class='ocr_line' id='line_1_4' title="bbox 100 1886 241 1925; baseline 0.007 -10"><span class='ocrx_word' id='word_1_6' title='bbox 100 1886 176 1916; x_wconf 75' lang='lat' dir='ltr'><strong>xvii.</strong></span> <span class='ocrx_word' id='word_1_7' title='bbox 196 1894 241 1925; x_wconf 87' lang='lat'>14.</span> 
     </span>
    </p>
   </div>
   <div class='ocr_carea' id='block_1_5' title="bbox 326 169 1888 224">
    <p class='ocr_par' dir='ltr' id='par_1_5' title="bbox 326 169 1888 224">
     <span class='ocr_line' id='line_1_5' title="bbox 326 169 1888 224; baseline -0.003 -13"><span class='ocrx_word' id='word_1_8' title='bbox 326 172 409 212; x_wconf 77' lang='lat'>274</span> <span class='ocrx_word' id='word_1_9' title='bbox 724 172 771 211; x_wconf 91' lang='lat' dir='ltr'>B.</span> <span class='ocrx_word' id='word_1_10' title='bbox 816 169 1087 210; x_wconf 87' lang='lat' dir='ltr'>CYRILLI</span> <span class='ocrx_word' id='word_1_11' title='bbox 1128 169 1503 211; x_wconf 86' lang='lat' dir='ltr'><strong>ALEXANDR.</strong></span> <span class='ocrx_word' id='word_1_12' title='bbox 1679 170 1888 224; x_wconf 79' lang='lat' dir='ltr'>ii.15—17.</span> 
     </span>
    </p>
   </div>
   <div class='ocr_carea' id='block_1_6' title="bbox 1012 278 1034 296">
    <p class='ocr_par' dir='ltr' id='par_1_6' title="bbox 1012 278 1034 296">
     <span class='ocr_line' id='line_1_6' title="bbox 1012 278 1034 296; baseline 0.091 -2"><span class='ocrx_word' id='word_1_13' title='bbox 1012 278 1034 296; x_wconf 75' lang='lat' dir='ltr'>cl</span> 
     </span>
    </p>
   </div>
   <div class='ocr_carea' id='block_1_7' title="bbox 279 278 1962 1910">
    <p class='ocr_par' dir='ltr' id='par_1_7' title="bbox 279 278 1962 1910">
     <span class='ocr_line' id='line_1_7' title="bbox 325 278 1889 347; baseline -0.001 -16"><span class='ocrx_word' id='word_1_14' title='bbox 325 279 523 343; x_wconf 87' lang='grc' dir='ltr'>σπουδή.</span> <span class='ocrx_word' id='word_1_15' title='bbox 587 279 846 344; x_wconf 76' lang='grc' dir='ltr'>γέγραπται</span> <span class='ocrx_word' id='word_1_16' title='bbox 880 278 972 346; x_wconf 81' lang='grc' dir='ltr'>γὰρ</span> <span class='ocrx_word' id='word_1_17' title='bbox 1010 302 1080 330; x_wconf 88' lang='grc' dir='ltr'>οτι</span> <span class='ocrx_word' id='word_1_18' title='bbox 1107 286 1134 308; x_wconf 73' lang='lat'>‘⁶</span> <span class='ocrx_word' id='word_1_19' title='bbox 1152 278 1269 330; x_wconf 81' lang='grc' dir='ltr'>Ἐὰν</span> <span class='ocrx_word' id='word_1_20' title='bbox 1305 279 1369 344; x_wconf 88' lang='grc' dir='ltr'>μὴ</span> <span class='ocrx_word' id='word_1_21' title='bbox 1403 278 1574 345; x_wconf 85' lang='grc' dir='ltr'>Κύριος</span> <span class='ocrx_word' id='word_1_22' title='bbox 1603 280 1889 347; x_wconf 81' lang='grc' dir='ltr'>οἶκοδομήσῃ</span> 
     </span>
     <span class='ocr_line' id='line_1_8' title="bbox 325 359 1891 426; baseline -0.001 -14"><span class='ocrx_word' id='word_1_23' title='bbox 325 370 351 392; x_wconf 80' lang='grc'><strong>“</strong></span> <span class='ocrx_word' id='word_1_24' title='bbox 377 361 514 423; x_wconf 74' lang='grc' dir='ltr'>οἶκον,</span> <span class='ocrx_word' id='word_1_25' title='bbox 540 364 601 414; x_wconf 83' lang='grc' dir='ltr'>εἰς</span> <span class='ocrx_word' id='word_1_26' title='bbox 624 359 775 424; x_wconf 79' lang='grc' dir='ltr'>μάτην</span> <span class='ocrx_word' id='word_1_27' title='bbox 801 361 1056 411; x_wconf 83' lang='grc' dir='ltr'>ἐκοπίασαν</span> <span class='ocrx_word' id='word_1_28' title='bbox 1087 364 1128 411; x_wconf 79' lang='grc' dir='ltr'>οἱ</span> <span class='ocrx_word' id='word_1_29' title='bbox 1163 363 1508 424; x_wconf 75' lang='grc' dir='ltr'>οἰκοδομοῦντες</span> <span class='ocrx_word' id='word_1_30' title='bbox 1534 361 1717 411; x_wconf 83' lang='grc' dir='ltr'>αὑτόν.”</span> <span class='ocrx_word' id='word_1_31' title='bbox 1775 384 1891 426; x_wconf 91' lang='grc' dir='ltr'>προ-</span> 
     </span>
     <span class='ocr_line' id='line_1_9' title="bbox 323 441 1892 509; baseline -0.001 -15"><span class='ocrx_word' id='word_1_32' title='bbox 323 442 611 507; x_wconf 88' lang='grc' dir='ltr'>τετιμηκότες</span> <span class='ocrx_word' id='word_1_33' title='bbox 649 441 704 506; x_wconf 81' lang='grc' dir='ltr'>δὴ</span> <span class='ocrx_word' id='word_1_34' title='bbox 748 443 828 493; x_wconf 77' lang='grc' dir='ltr'>οὖν</span> <span class='ocrx_word' id='word_1_35' title='bbox 868 448 951 493; x_wconf 89' lang='grc' dir='ltr'>τοῦ</span> <span class='ocrx_word' id='word_1_36' title='bbox 992 443 1074 493; x_wconf 84' lang='grc' dir='ltr'>τὸν</span> <span class='ocrx_word' id='word_1_37' title='bbox 1115 448 1237 494; x_wconf 84' lang='grc' dir='ltr'>θεῖον</span> <span class='ocrx_word' id='word_1_38' title='bbox 1278 444 1466 509; x_wconf 82' lang='grc' dir='ltr'>ἐγείρειν</span> <span class='ocrx_word' id='word_1_39' title='bbox 1500 442 1611 494; x_wconf 81' lang='grc' dir='ltr'>ναὸν</span> <span class='ocrx_word' id='word_1_40' title='bbox 1648 443 1707 493; x_wconf 76' lang='grc' dir='ltr'>τὰ</span> <span class='ocrx_word' id='word_1_41' title='bbox 1746 445 1806 496; x_wconf 87' lang='grc' dir='ltr'>ὡς</span> <span class='ocrx_word' id='word_1_42' title='bbox 1843 446 1892 493; x_wconf 80' lang='grc' dir='ltr'>ἐν</span> 
     </span>
     <span class='ocr_line' id='line_1_10' title="bbox 324 524 1891 594; baseline -0.001 -17"><span class='ocrx_word' id='word_1_43' title='bbox 324 525 445 594; x_wconf 65' lang='grc' dir='ltr'>ὄρθρῳ</span> <span class='ocrx_word' id='word_1_44' title='bbox 479 548 528 576; x_wconf 88' lang='grc' dir='ltr'>τε</span> <span class='ocrx_word' id='word_1_45' title='bbox 563 526 638 575; x_wconf 82' lang='grc' dir='ltr'>καὶ</span> <span class='ocrx_word' id='word_1_46' title='bbox 676 524 764 576; x_wconf 79' lang='grc' dir='ltr'>ὑπὸ</span> <span class='ocrx_word' id='word_1_47' title='bbox 798 524 882 589; x_wconf 87' lang='grc' dir='ltr'>τὴν</span> <span class='ocrx_word' id='word_1_48' title='bbox 922 524 980 576; x_wconf 74' lang='grc' dir='ltr'>ἕω</span> <span class='ocrx_word' id='word_1_49' title='bbox 1016 527 1256 594; x_wconf 70' lang='grc' dir='ltr'>λήμματα,</span> <span class='ocrx_word' id='word_1_50' title='bbox 1297 527 1372 576; x_wconf 82' lang='grc' dir='ltr'>καὶ</span> <span class='ocrx_word' id='word_1_51' title='bbox 1405 529 1499 576; x_wconf 77' lang='grc' dir='ltr'>τῶν</span> <span class='ocrx_word' id='word_1_52' title='bbox 1542 524 1795 589; x_wconf 83' lang='grc' dir='ltr'>ἀμεινόνων</span> <span class='ocrx_word' id='word_1_53' title='bbox 1833 525 1891 575; x_wconf 77' lang='grc' dir='ltr'>τὰ</span> 
     </span>
     <span class='ocr_line' id='line_1_11' title="bbox 279 606 1932 677; baseline -0.001 -18"><span class='ocrx_word' id='word_1_54' title='bbox 279 620 303 659; x_wconf 83' lang='lat' dir='ltr'><strong>d</strong></span> <span class='ocrx_word' id='word_1_55' title='bbox 323 607 491 674; x_wconf 80' lang='grc' dir='ltr'>αἰσχίω</span> <span class='ocrx_word' id='word_1_56' title='bbox 514 607 864 673; x_wconf 82' lang='grc' dir='ltr'>προτάττοντες,</span> <span class='ocrx_word' id='word_1_57' title='bbox 890 607 1044 673; x_wconf 79' lang='grc' dir='ltr'>ἕτερόν</span> <span class='ocrx_word' id='word_1_58' title='bbox 1081 631 1124 658; x_wconf 90' lang='grc' dir='ltr'>τι</span> <span class='ocrx_word' id='word_1_59' title='bbox 1162 606 1280 673; x_wconf 80' lang='grc' dir='ltr'>πρὸς</span> <span class='ocrx_word' id='word_1_60' title='bbox 1317 607 1465 677; x_wconf 79' lang='grc' dir='ltr'>τούτῳ</span> <span class='ocrx_word' id='word_1_61' title='bbox 1500 608 1646 658; x_wconf 84' lang='grc' dir='ltr'>δεινὸν</span> <span class='ocrx_word' id='word_1_62' title='bbox 1671 610 1884 675; x_wconf 88' lang='grc' dir='ltr'>προσαῤ-</span> <span class='ocrx_word' id='word_1_63' title='bbox 1911 620 1932 658; x_wconf 90' lang='grc'>5</span> 
     </span>
     <span class='ocr_line' id='line_1_12' title="bbox 320 691 1891 760; baseline 0.001 -19"><span class='ocrx_word' id='word_1_64' title='bbox 320 694 609 758; x_wconf 87' lang='grc' dir='ltr'>ῥωστοῦντες</span> <span class='ocrx_word' id='word_1_65' title='bbox 635 692 907 755; x_wconf 80' lang='grc' dir='ltr'>ἡλίσκοντο.</span> <span class='ocrx_word' id='word_1_66' title='bbox 976 691 1262 760; x_wconf 74' lang='grc' dir='ltr'>μεμισήκασι</span> <span class='ocrx_word' id='word_1_67' title='bbox 1296 691 1388 759; x_wconf 82' lang='grc' dir='ltr'>γὰρ</span> <span class='ocrx_word' id='word_1_68' title='bbox 1423 691 1519 747; x_wconf 61' lang='grc' dir='ltr'>τους</span> <span class='ocrx_word' id='word_1_69' title='bbox 1557 691 1828 758; x_wconf 67' lang='grc' dir='ltr'>ἐλέγχοντας</span> <span class='ocrx_word' id='word_1_70' title='bbox 1854 694 1891 743; x_wconf 82' lang='grc' dir='ltr'>ἐν</span> 
     </span>
     <span class='ocr_line' id='line_1_13' title="bbox 320 773 1889 840; baseline 0.001 -16"><span class='ocrx_word' id='word_1_71' title='bbox 320 775 502 828; x_wconf 73' lang='grc' dir='ltr'>πύλαις.</span> <span class='ocrx_word' id='word_1_72' title='bbox 563 773 617 825; x_wconf 76' lang='grc' dir='ltr'>τὸ</span> <span class='ocrx_word' id='word_1_73' title='bbox 649 774 695 825; x_wconf 81' lang='grc' dir='ltr'>δὲ</span> <span class='ocrx_word' id='word_1_74' title='bbox 729 776 764 825; x_wconf 79' lang='grc' dir='ltr'>ἐν</span> <span class='ocrx_word' id='word_1_75' title='bbox 797 778 968 830; x_wconf 76' lang='grc' dir='ltr'>πύλαις</span> <span class='ocrx_word' id='word_1_76' title='bbox 1003 774 1200 838; x_wconf 81' lang='grc' dir='ltr'>νοήσεις,</span> <span class='ocrx_word' id='word_1_77' title='bbox 1228 777 1328 825; x_wconf 81' lang='grc' dir='ltr'>ἀντὶ</span> <span class='ocrx_word' id='word_1_78' title='bbox 1359 781 1460 836; x_wconf 88' lang='grc' dir='ltr'>τοῦ,</span> <span class='ocrx_word' id='word_1_79' title='bbox 1497 775 1716 840; x_wconf 79' lang='grc' dir='ltr'>ἐναργῶς.</span> <span class='ocrx_word' id='word_1_80' title='bbox 1784 773 1889 826; x_wconf 83' lang='grc' dir='ltr'>ἀνθ’</span> 
     </span>
     <span class='ocr_line' id='line_1_14' title="bbox 324 855 1889 926; baseline 0 -19"><span class='ocrx_word' id='word_1_81' title='bbox 324 856 432 907; x_wconf 81' lang='grc' dir='ltr'>ὅτου</span> <span class='ocrx_word' id='word_1_82' title='bbox 474 856 521 907; x_wconf 81' lang='grc' dir='ltr'>δὲ</span> <span class='ocrx_word' id='word_1_83' title='bbox 571 856 891 925; x_wconf 68' lang='grc' dir='ltr'>μεμισήκασις</span> <span class='ocrx_word' id='word_1_84' title='bbox 945 862 1040 910; x_wconf 87' lang='grc' dir='ltr'>τοῖς</span> <span class='ocrx_word' id='word_1_85' title='bbox 1089 856 1182 923; x_wconf 78' lang='grc' dir='ltr'>γὰρ</span> <span class='ocrx_word' id='word_1_86' title='bbox 1231 857 1365 926; x_wconf 77' lang='grc' dir='ltr'>ἅπαξ</span> <span class='ocrx_word' id='word_1_87' title='bbox 1413 855 1760 923; x_wconf 77' lang='grc' dir='ltr'>κεκρατημένοις</span> <span class='ocrx_word' id='word_1_88' title='bbox 1811 857 1889 922; x_wconf 88' lang='grc' dir='ltr'>ὑφ’</span> 
     </span>
     <span class='ocr_line' id='line_1_15' title="bbox 323 938 1892 1007; baseline -0.001 -18"><span class='ocrx_word' id='word_1_89' title='bbox 323 939 500 1001; x_wconf 83' lang='grc' dir='ltr'>ἡδονῶν</span> <span class='ocrx_word' id='word_1_90' title='bbox 524 943 755 1005; x_wconf 84' lang='grc' dir='ltr'>πονηρῶν,</span> <span class='ocrx_word' id='word_1_91' title='bbox 784 942 857 990; x_wconf 77' lang='grc' dir='ltr'>καὶ</span> <span class='ocrx_word' id='word_1_92' title='bbox 891 940 1126 1007; x_wconf 78' lang='grc' dir='ltr'>ἀχαλίνως</span> <span class='ocrx_word' id='word_1_93' title='bbox 1160 938 1483 1004; x_wconf 85' lang='grc' dir='ltr'>ὠλισθηκόσιν</span> <span class='ocrx_word' id='word_1_94' title='bbox 1509 941 1582 990; x_wconf 79' lang='grc' dir='ltr'>ἐπὶ</span> <span class='ocrx_word' id='word_1_95' title='bbox 1613 938 1666 989; x_wconf 80' lang='grc' dir='ltr'>τὸ</span> <span class='ocrx_word' id='word_1_96' title='bbox 1700 938 1892 989; x_wconf 74' lang='grc' dir='ltr'>ἑλέσθαι</span> 
     </span>
     <span class='ocr_line' id='line_1_16' title="bbox 323 1018 1961 1088; baseline 0 -17"><span class='ocrx_word' id='word_1_97' title='bbox 323 1024 436 1086; x_wconf 82' lang='grc' dir='ltr'>δρᾶν</span> <span class='ocrx_word' id='word_1_98' title='bbox 462 1018 491 1071; x_wconf 75' lang='grc' dir='ltr'>ἃ</span> <span class='ocrx_word' id='word_1_99' title='bbox 516 1021 580 1086; x_wconf 86' lang='grc' dir='ltr'>μὴ</span> <span class='ocrx_word' id='word_1_100' title='bbox 608 1021 746 1084; x_wconf 66' lang='grc' dir='ltr'>θέμις,</span> <span class='ocrx_word' id='word_1_101' title='bbox 773 1022 874 1072; x_wconf 82' lang='grc' dir='ltr'>οὐδ’</span> <span class='ocrx_word' id='word_1_102' title='bbox 903 1021 959 1072; x_wconf 75' lang='grc' dir='ltr'>ἂν</span> <span class='ocrx_word' id='word_1_103' title='bbox 984 1020 1070 1072; x_wconf 75' lang='grc' dir='ltr'>εἶεν</span> <span class='ocrx_word' id='word_1_104' title='bbox 1096 1022 1216 1085; x_wconf 81' lang='grc' dir='ltr'>ἡδεῖς</span> <span class='ocrx_word' id='word_1_105' title='bbox 1251 1025 1292 1072; x_wconf 77' lang='grc' dir='ltr'>οἱ</span> <span class='ocrx_word' id='word_1_106' title='bbox 1324 1023 1610 1087; x_wconf 84' lang='grc' dir='ltr'>ἐπανορθοῦν</span> <span class='ocrx_word' id='word_1_107' title='bbox 1637 1021 1891 1088; x_wconf 78' lang='grc' dir='ltr'>ἰσχύοντες,</span> <span class='ocrx_word' id='word_1_108' title='bbox 1914 1039 1961 1064; x_wconf 93' lang='lat'>10</span> 
     </span>
     <span class='ocr_line' id='line_1_17' title="bbox 322 1102 1892 1171; baseline -0.001 -17"><span class='ocrx_word' id='word_1_109' title='bbox 322 1107 534 1171; x_wconf 79' lang='grc' dir='ltr'>φορτικοὶ</span> <span class='ocrx_word' id='word_1_110' title='bbox 574 1103 623 1154; x_wconf 77' lang='grc' dir='ltr'>δὲ</span> <span class='ocrx_word' id='word_1_111' title='bbox 665 1109 853 1166; x_wconf 76' lang='grc' dir='ltr'>μᾶλλον</span> <span class='ocrx_word' id='word_1_112' title='bbox 894 1106 967 1154; x_wconf 75' lang='grc' dir='ltr'>καὶ</span> <span class='ocrx_word' id='word_1_113' title='bbox 1012 1103 1417 1169; x_wconf 75' lang='grc' dir='ltr'>κατεστυγημένοι·</span> <span class='ocrx_word' id='word_1_114' title='bbox 1458 1105 1533 1154; x_wconf 75' lang='grc' dir='ltr'>καὶ</span> <span class='ocrx_word' id='word_1_115' title='bbox 1577 1103 1625 1154; x_wconf 83' lang='grc' dir='ltr'>τί</span> <span class='ocrx_word' id='word_1_116' title='bbox 1660 1102 1752 1168; x_wconf 79' lang='grc' dir='ltr'>γὰρ</span> <span class='ocrx_word' id='word_1_117' title='bbox 1790 1104 1892 1171; x_wconf 78' lang='grc' dir='ltr'>οὐχὶ</span> 
     </span>
     <span class='ocr_line' id='line_1_18' title="bbox 321 1186 1189 1251; baseline 0.001 -16"><span class='ocrx_word' id='word_1_118' title='bbox 321 1190 415 1236; x_wconf 85' lang='grc' dir='ltr'>τῶν</span> <span class='ocrx_word' id='word_1_119' title='bbox 441 1186 662 1237; x_wconf 81' lang='grc' dir='ltr'>τοιούτων</span> <span class='ocrx_word' id='word_1_120' title='bbox 689 1191 1072 1251; x_wconf 86' lang='grc' dir='ltr'>καταλογισθεῖεν</span> <span class='ocrx_word' id='word_1_121' title='bbox 1099 1186 1155 1236; x_wconf 76' lang='grc' dir='ltr'>ἄν</span> <span class='ocrx_word' id='word_1_122' title='bbox 1178 1208 1189 1248; x_wconf 82' lang='lat'><em>3</em></span> 
     </span>
     <span class='ocr_line' id='line_1_19' title="bbox 400 1267 1893 1335; baseline -0.001 -16"><span class='ocrx_word' id='word_1_123' title='bbox 400 1269 654 1319; x_wconf 78' lang='grc' dir='ltr'>Πάνδεινον</span> <span class='ocrx_word' id='word_1_124' title='bbox 688 1269 840 1318; x_wconf 83' lang='grc' dir='ltr'>τοίνυν</span> <span class='ocrx_word' id='word_1_125' title='bbox 874 1268 1161 1335; x_wconf 78' lang='grc' dir='ltr'>ἀρρώστημα</span> <span class='ocrx_word' id='word_1_126' title='bbox 1201 1274 1298 1330; x_wconf 82' lang='grc' dir='ltr'>νοῦ,</span> <span class='ocrx_word' id='word_1_127' title='bbox 1327 1267 1380 1318; x_wconf 77' lang='grc' dir='ltr'>τὸ</span> <span class='ocrx_word' id='word_1_128' title='bbox 1415 1270 1488 1319; x_wconf 73' lang='grc' dir='ltr'>καὶ</span> <span class='ocrx_word' id='word_1_129' title='bbox 1515 1268 1893 1334; x_wconf 82' lang='grc' dir='ltr'>προσκεκλίσθαι</span> 
     </span>
     <span class='ocr_line' id='line_1_20' title="bbox 283 1350 1893 1418; baseline 0 -18"><span class='ocrx_word' id='word_1_130' title='bbox 283 1374 304 1400; x_wconf 84' lang='lat' dir='ltr'>e</span> <span class='ocrx_word' id='word_1_131' title='bbox 325 1355 418 1403; x_wconf 87' lang='grc' dir='ltr'>τοῖς</span> <span class='ocrx_word' id='word_1_132' title='bbox 445 1351 660 1417; x_wconf 81' lang='grc' dir='ltr'>φαύλοις,</span> <span class='ocrx_word' id='word_1_133' title='bbox 687 1352 761 1401; x_wconf 79' lang='grc' dir='ltr'>καὶ</span> <span class='ocrx_word' id='word_1_134' title='bbox 787 1350 893 1404; x_wconf 79' lang='grc' dir='ltr'>τοὺς</span> <span class='ocrx_word' id='word_1_135' title='bbox 920 1354 1117 1418; x_wconf 83' lang='grc' dir='ltr'>ὠφελεῖν</span> <span class='ocrx_word' id='word_1_136' title='bbox 1143 1351 1317 1404; x_wconf 82' lang='grc' dir='ltr'>εἰδότας</span> <span class='ocrx_word' id='word_1_137' title='bbox 1342 1350 1797 1412; x_wconf 80' lang='grc' dir='ltr'>καταμυσάττεσθαι,</span> <span class='ocrx_word' id='word_1_138' title='bbox 1818 1351 1893 1400; x_wconf 80' lang='grc' dir='ltr'>καὶ</span> 
     </span>
     <span class='ocr_line' id='line_1_21' title="bbox 325 1431 1960 1499; baseline -0.001 -16"><span class='ocrx_word' id='word_1_139' title='bbox 325 1437 480 1483; x_wconf 81' lang='grc' dir='ltr'>νοσεῖν</span> <span class='ocrx_word' id='word_1_140' title='bbox 515 1435 576 1486; x_wconf 80' lang='grc' dir='ltr'>ὡς·</span> <span class='ocrx_word' id='word_1_141' title='bbox 609 1433 779 1496; x_wconf 76' lang='grc' dir='ltr'>ἥδιστα</span> <span class='ocrx_word' id='word_1_142' title='bbox 815 1432 866 1483; x_wconf 85' lang='grc' dir='ltr'>τὸ</span> <span class='ocrx_word' id='word_1_143' title='bbox 905 1433 1111 1497; x_wconf 73' lang='grc' dir='ltr'>συμβὰν,</span> <span class='ocrx_word' id='word_1_144' title='bbox 1139 1433 1224 1484; x_wconf 78' lang='grc' dir='ltr'>κᾶν</span> <span class='ocrx_word' id='word_1_145' title='bbox 1258 1434 1300 1484; x_wconf 84' lang='grc' dir='ltr'>εἴ</span> <span class='ocrx_word' id='word_1_146' title='bbox 1328 1457 1371 1484; x_wconf 89' lang='grc' dir='ltr'>τι</span> <span class='ocrx_word' id='word_1_147' title='bbox 1405 1438 1498 1484; x_wconf 82' lang='grc' dir='ltr'>τῶν</span> <span class='ocrx_word' id='word_1_148' title='bbox 1531 1434 1652 1499; x_wconf 79' lang='grc' dir='ltr'>ἄγαν</span> <span class='ocrx_word' id='word_1_149' title='bbox 1686 1431 1892 1483; x_wconf 84' lang='grc' dir='ltr'>ἐκτόπων</span> <span class='ocrx_word' id='word_1_150' title='bbox 1915 1450 1960 1488; x_wconf 89' lang='lat'>15</span> 
     </span>
     <span class='ocr_line' id='line_1_22' title="bbox 323 1513 1892 1584; baseline 0 -20"><span class='ocrx_word' id='word_1_151' title='bbox 323 1514 532 1582; x_wconf 78' lang='grc' dir='ltr'>ὑπάρχον</span> <span class='ocrx_word' id='word_1_152' title='bbox 567 1516 731 1584; x_wconf 71' lang='grc' dir='ltr'>ὁρῷτο.</span> <span class='ocrx_word' id='word_1_153' title='bbox 801 1515 986 1578; x_wconf 76' lang='grc' dir='ltr'>ἄμεινον</span> <span class='ocrx_word' id='word_1_154' title='bbox 1027 1515 1074 1566; x_wconf 77' lang='grc' dir='ltr'>δὲ</span> <span class='ocrx_word' id='word_1_155' title='bbox 1115 1538 1189 1566; x_wconf 87' lang='grc' dir='ltr'>και</span> <span class='ocrx_word' id='word_1_156' title='bbox 1230 1515 1387 1584; x_wconf 84' lang='grc' dir='ltr'>σοφὸν</span> <span class='ocrx_word' id='word_1_157' title='bbox 1427 1514 1771 1580; x_wconf 81' lang='grc' dir='ltr'>ἀποκρούεσθαι</span> <span class='ocrx_word' id='word_1_158' title='bbox 1809 1513 1892 1575; x_wconf 76' lang='grc' dir='ltr'>μὲν</span> 
     </span>
     <span class='ocr_line' id='line_1_23' title="bbox 321 1595 1891 1665; baseline -0.001 -18"><span class='ocrx_word' id='word_1_159' title='bbox 321 1601 511 1661; x_wconf 80' lang='grc' dir='ltr'>γενικῶς</span> <span class='ocrx_word' id='word_1_160' title='bbox 537 1596 596 1647; x_wconf 79' lang='grc' dir='ltr'>τὰ</span> <span class='ocrx_word' id='word_1_161' title='bbox 621 1601 682 1650; x_wconf 79' lang='grc' dir='ltr'>εἷς</span> <span class='ocrx_word' id='word_1_162' title='bbox 707 1596 914 1665; x_wconf 79' lang='grc' dir='ltr'>ψυχην’</span> <span class='ocrx_word' id='word_1_163' title='bbox 896 1620 991 1648; x_wconf 90' lang='grc' dir='ltr'>εσω</span> <span class='ocrx_word' id='word_1_164' title='bbox 1017 1621 1091 1648; x_wconf 93' lang='grc' dir='ltr'>και</span> <span class='ocrx_word' id='word_1_165' title='bbox 1118 1604 1225 1648; x_wconf 90' lang='grc' dir='ltr'>νοῦν</span> <span class='ocrx_word' id='word_1_166' title='bbox 1245 1597 1516 1665; x_wconf 81' lang='grc' dir='ltr'>εἰσχεόμενα</span> <span class='ocrx_word' id='word_1_167' title='bbox 1541 1595 1720 1660; x_wconf 76' lang='grc' dir='ltr'>βλάβη.</span> <span class='ocrx_word' id='word_1_168' title='bbox 1779 1599 1816 1647; x_wconf 81' lang='grc' dir='ltr'>εὶ</span> <span class='ocrx_word' id='word_1_169' title='bbox 1844 1595 1891 1647; x_wconf 80' lang='grc' dir='ltr'>δὲ</span> 
     </span>
     <span class='ocr_line' id='line_1_24' title="bbox 321 1676 1890 1746; baseline 0.001 -18"><span class='ocrx_word' id='word_1_170' title='bbox 321 1677 378 1742; x_wconf 87' lang='grc' dir='ltr'>δή</span> <span class='ocrx_word' id='word_1_171' title='bbox 407 1702 498 1730; x_wconf 88' lang='grc' dir='ltr'>που</span> <span class='ocrx_word' id='word_1_172' title='bbox 535 1702 579 1729; x_wconf 88' lang='grc' dir='ltr'>τι</span> <span class='ocrx_word' id='word_1_173' title='bbox 616 1682 827 1743; x_wconf 76' lang='grc' dir='ltr'>συμβαιη</span> <span class='ocrx_word' id='word_1_174' title='bbox 859 1684 1036 1741; x_wconf 81' lang='grc' dir='ltr'>παθεῖν,</span> <span class='ocrx_word' id='word_1_175' title='bbox 1062 1678 1208 1745; x_wconf 69' lang='grc' dir='ltr'>ζητεῖν</span> <span class='ocrx_word' id='word_1_176' title='bbox 1233 1704 1316 1742; x_wconf 90' lang='grc' dir='ltr'>μεν</span> <span class='ocrx_word' id='word_1_177' title='bbox 1342 1678 1371 1746; x_wconf 86' lang='grc' dir='ltr'>ῂ</span> <span class='ocrx_word' id='word_1_178' title='bbox 1396 1703 1538 1746; x_wconf 67' lang='grc' dir='ltr'>ταχος</span> <span class='ocrx_word' id='word_1_179' title='bbox 1563 1678 1669 1732; x_wconf 82' lang='grc' dir='ltr'>τοῦς</span> <span class='ocrx_word' id='word_1_180' title='bbox 1695 1676 1890 1744; x_wconf 75' lang='grc' dir='ltr'>ἰατρούς,</span> 
     </span>
     <span class='ocr_line' id='line_1_25' title="bbox 321 1759 1892 1827; baseline 0.001 -17"><span class='ocrx_word' id='word_1_181' title='bbox 321 1784 394 1811; x_wconf 89' lang='grc' dir='ltr'>και</span> <span class='ocrx_word' id='word_1_182' title='bbox 439 1784 546 1815; x_wconf 90' lang='grc' dir='ltr'>τους</span> <span class='ocrx_word' id='word_1_183' title='bbox 597 1775 870 1827; x_wconf 74' lang='grc' dir='ltr'>ελεγχοντας</span> <span class='ocrx_word' id='word_1_184' title='bbox 922 1763 1125 1827; x_wconf 79' lang='grc' dir='ltr'>ἀγαπᾶν,</span> <span class='ocrx_word' id='word_1_185' title='bbox 1176 1765 1586 1825; x_wconf 85' lang='grc' dir='ltr'>προκυλινδεῖσθαι</span> <span class='ocrx_word' id='word_1_186' title='bbox 1634 1760 1681 1811; x_wconf 91' lang='grc' dir='ltr'>δε</span> <span class='ocrx_word' id='word_1_187' title='bbox 1731 1759 1892 1826; x_wconf 80' lang='grc' dir='ltr'>ὥσπερ</span> 
     </span>
     <span class='ocr_line' id='line_1_26' title="bbox 322 1841 1962 1910; baseline 0.001 -17"><span class='ocrx_word' id='word_1_188' title='bbox 322 1847 445 1894; x_wconf 73' lang='grc' dir='ltr'>Θεοῦ</span> <span class='ocrx_word' id='word_1_189' title='bbox 480 1844 701 1909; x_wconf 89' lang='grc' dir='ltr'>λεγοντας</span> <span class='ocrx_word' id='word_1_190' title='bbox 729 1852 754 1873; x_wconf 81' lang='grc'>“</span> <span class='ocrx_word' id='word_1_191' title='bbox 774 1841 938 1894; x_wconf 89' lang='grc' dir='ltr'>Ἰασαί</span> <span class='ocrx_word' id='word_1_192' title='bbox 968 1867 1024 1906; x_wconf 87' lang='grc' dir='ltr'>με</span> <span class='ocrx_word' id='word_1_193' title='bbox 1053 1843 1207 1910; x_wconf 85' lang='grc' dir='ltr'>Κύριε,</span> <span class='ocrx_word' id='word_1_194' title='bbox 1235 1846 1310 1894; x_wconf 83' lang='grc' dir='ltr'>καὶ</span> <span class='ocrx_word' id='word_1_195' title='bbox 1345 1843 1610 1908; x_wconf 83' lang='grc' dir='ltr'>ἰαθήσομαι,</span> <span class='ocrx_word' id='word_1_196' title='bbox 1637 1841 1802 1894; x_wconf 82' lang='grc' dir='ltr'>σῶσόν</span> <span class='ocrx_word' id='word_1_197' title='bbox 1834 1866 1889 1905; x_wconf 87' lang='grc' dir='ltr'>με</span> <span class='ocrx_word' id='word_1_198' title='bbox 1912 1863 1962 1888; x_wconf 90' lang='lat'>20</span> 
     </span>
    </p>
   </div>
   <div class='ocr_carea' id='block_1_8' title="bbox 337 1924 1517 1993">
    <p class='ocr_par' dir='ltr' id='par_1_8' title="bbox 337 1924 1517 1993">
     <span class='ocr_line' id='line_1_27' title="bbox 337 1924 1517 1993; baseline -0.001 -16.967"><span class='ocrx_word' id='word_1_199' title='bbox 337 1927 449 1976; x_wconf 70' lang='grc' dir='ltr'>ικαι</span> <span class='ocrx_word' id='word_1_200' title='bbox 475 1926 770 1990; x_wconf 87' lang='grc' dir='ltr'>σωθήσομαι·</span> <span class='ocrx_word' id='word_1_201' title='bbox 811 1926 881 1976; x_wconf 79' lang='grc' dir='ltr'>ὅτι</span> <span class='ocrx_word' id='word_1_202' title='bbox 907 1949 960 1977; x_wconf 93' lang='grc' dir='ltr'>το</span> <span class='ocrx_word' id='word_1_203' title='bbox 987 1926 1204 1993; x_wconf 84' lang='grc' dir='ltr'>καύχημα</span> <span class='ocrx_word' id='word_1_204' title='bbox 1228 1949 1318 1989; x_wconf 90' lang='grc' dir='ltr'>μου</span> <span class='ocrx_word' id='word_1_205' title='bbox 1343 1924 1406 1977; x_wconf 78' lang='grc' dir='ltr'>σὺ</span> <span class='ocrx_word' id='word_1_206' title='bbox 1432 1924 1484 1976; x_wconf 76' lang='grc' dir='ltr'>εἶ.</span> <span class='ocrx_word' id='word_1_207' title='bbox 1492 1925 1517 1941; x_wconf 83' lang='lat'>&#39;&#39;</span> 
     </span>
    </p>
   </div>
   <div class='ocr_carea' id='block_1_9' title="bbox 100 2131 299 2166">
    <p class='ocr_par' dir='ltr' id='par_1_9' title="bbox 100 2131 299 2166">
     <span class='ocr_line' id='line_1_28' title="bbox 100 2131 299 2166; baseline 0.005 -2"><span class='ocrx_word' id='word_1_208' title='bbox 100 2131 183 2166; x_wconf 81' lang='lat'>647</span> <span class='ocrx_word' id='word_1_209' title='bbox 197 2131 246 2165; x_wconf 91' lang='lat' dir='ltr'>A.</span> <span class='ocrx_word' id='word_1_210' title='bbox 278 2142 299 2165; x_wconf 78' lang='lat' dir='ltr'>a</span> 
     </span>
    </p>
   </div>
   <div class='ocr_carea' id='block_1_10' title="bbox 254 2175 1958 2567">
    <p class='ocr_par' dir='ltr' id='par_1_10' title="bbox 254 2175 1890 2317">
     <span class='ocr_line' id='line_1_29' title="bbox 254 2175 1889 2234; baseline -0.001 -15"><span class='ocrx_word' id='word_1_211' title='bbox 254 2192 297 2229; x_wconf 80' lang='lat'>15</span> <span class='ocrx_word' id='word_1_212' title='bbox 325 2175 398 2217; x_wconf 77' lang='grc' dir='ltr'>Καὶ</span> <span class='ocrx_word' id='word_1_213' title='bbox 432 2179 501 2218; x_wconf 84' lang='grc' dir='ltr'>νῦν</span> <span class='ocrx_word' id='word_1_214' title='bbox 535 2178 656 2218; x_wconf 75' lang='grc' dir='ltr'>Θὲσθε</span> <span class='ocrx_word' id='word_1_215' title='bbox 694 2177 744 2218; x_wconf 63' lang='grc' dir='ltr'>δὴ</span> <span class='ocrx_word' id='word_1_216' title='bbox 783 2176 842 2218; x_wconf 86' lang='grc' dir='ltr'>εἰς</span> <span class='ocrx_word' id='word_1_217' title='bbox 879 2178 955 2219; x_wconf 83' lang='grc' dir='ltr'>τάς</span> <span class='ocrx_word' id='word_1_218' title='bbox 994 2177 1169 2234; x_wconf 73' lang='grc' dir='ltr'>καρδίας</span> <span class='ocrx_word' id='word_1_219' title='bbox 1195 2178 1311 2227; x_wconf 77' lang='grc' dir='ltr'>ὑμῶν</span> <span class='ocrx_word' id='word_1_220' title='bbox 1339 2178 1424 2219; x_wconf 77' lang='grc' dir='ltr'>άπὸ</span> <span class='ocrx_word' id='word_1_221' title='bbox 1450 2183 1522 2219; x_wconf 65' lang='grc' dir='ltr'>τῆς</span> <span class='ocrx_word' id='word_1_222' title='bbox 1549 2178 1709 2234; x_wconf 62' lang='grc' dir='ltr'>ἡμέρας</span> <span class='ocrx_word' id='word_1_223' title='bbox 1734 2177 1889 2218; x_wconf 83' lang='grc' dir='ltr'>ταύτΗς</span> 
     </span>
     <span class='ocr_line' id='line_1_30' title="bbox 390 2259 1890 2317; baseline 0 -17"><span class='ocrx_word' id='word_1_224' title='bbox 390 2259 455 2300; x_wconf 80' lang='grc' dir='ltr'>καί</span> <span class='ocrx_word' id='word_1_225' title='bbox 496 2261 709 2317; x_wconf 77' lang='grc' dir='ltr'>ὑπεράνω,</span> <span class='ocrx_word' id='word_1_226' title='bbox 751 2261 833 2317; x_wconf 75' lang='grc' dir='ltr'>πρὸ</span> <span class='ocrx_word' id='word_1_227' title='bbox 875 2265 948 2302; x_wconf 81' lang='grc' dir='ltr'>τοῦ</span> <span class='ocrx_word' id='word_1_228' title='bbox 998 2259 1130 2303; x_wconf 84' lang='grc' dir='ltr'>θεῖναι</span> <span class='ocrx_word' id='word_1_229' title='bbox 1179 2261 1295 2302; x_wconf 79' lang='grc' dir='ltr'>λίθον</span> <span class='ocrx_word' id='word_1_230' title='bbox 1336 2261 1402 2302; x_wconf 80' lang='grc' dir='ltr'>ἐπί</span> <span class='ocrx_word' id='word_1_231' title='bbox 1443 2261 1560 2302; x_wconf 82' lang='grc' dir='ltr'>λίθον</span> <span class='ocrx_word' id='word_1_232' title='bbox 1608 2261 1651 2301; x_wconf 80' lang='grc' dir='ltr'>ὲν</span> <span class='ocrx_word' id='word_1_233' title='bbox 1703 2262 1760 2314; x_wconf 75' lang='grc' dir='ltr'>τῷ</span> <span class='ocrx_word' id='word_1_234' title='bbox 1800 2261 1890 2314; x_wconf 77' lang='grc' dir='ltr'>ναῷ</span> 
     </span>
    </p>

    <p class='ocr_par' dir='ltr' id='par_1_11' title="bbox 256 2340 1958 2567">
     <span class='ocr_line' id='line_1_31' title="bbox 256 2340 1889 2401; baseline 0.002 -19"><span class='ocrx_word' id='word_1_235' title='bbox 256 2355 299 2389; x_wconf 76' lang='lat'>16</span> <span class='ocrx_word' id='word_1_236' title='bbox 392 2343 553 2399; x_wconf 78' lang='grc' dir='ltr'>Κυρίου,</span> <span class='ocrx_word' id='word_1_237' title='bbox 589 2344 698 2384; x_wconf 79' lang='grc' dir='ltr'>τίνες</span> <span class='ocrx_word' id='word_1_238' title='bbox 736 2341 822 2395; x_wconf 62' lang='grc' dir='ltr'>ἦτε,</span> <span class='ocrx_word' id='word_1_239' title='bbox 860 2347 930 2386; x_wconf 75' lang='grc' dir='ltr'>ὅτε</span> <span class='ocrx_word' id='word_1_240' title='bbox 966 2345 1219 2395; x_wconf 73' lang='grc' dir='ltr'>ὲνεβάλλετε</span> <span class='ocrx_word' id='word_1_241' title='bbox 1257 2343 1316 2386; x_wconf 84' lang='grc' dir='ltr'>εἰς</span> <span class='ocrx_word' id='word_1_242' title='bbox 1355 2347 1540 2395; x_wconf 80' lang='grc' dir='ltr'>κυψεΛΗν</span> <span class='ocrx_word' id='word_1_243' title='bbox 1573 2347 1719 2401; x_wconf 60' lang='grc' dir='ltr'>κριθῆς</span> <span class='ocrx_word' id='word_1_244' title='bbox 1755 2340 1889 2386; x_wconf 72' lang='grc' dir='ltr'>εἴκοσι</span> 
     </span>
     <span class='ocr_line' id='line_1_32' title="bbox 389 2425 1958 2484; baseline -0.002 -17"><span class='ocrx_word' id='word_1_245' title='bbox 389 2427 495 2467; x_wconf 89' lang='grc' dir='ltr'>σάτα</span> <span class='ocrx_word' id='word_1_246' title='bbox 540 2427 605 2467; x_wconf 84' lang='grc' dir='ltr'>καί</span> <span class='ocrx_word' id='word_1_247' title='bbox 655 2427 815 2474; x_wconf 63' lang='grc' dir='ltr'>ἐπίνετο</span> <span class='ocrx_word' id='word_1_248' title='bbox 864 2427 965 2468; x_wconf 71' lang='grc' dir='ltr'>δέκα</span> <span class='ocrx_word' id='word_1_249' title='bbox 1010 2429 1116 2469; x_wconf 85' lang='grc' dir='ltr'>σάτα</span> <span class='ocrx_word' id='word_1_250' title='bbox 1158 2431 1316 2484; x_wconf 62' lang='grc' dir='ltr'>κριθῆς,</span> <span class='ocrx_word' id='word_1_251' title='bbox 1355 2428 1421 2468; x_wconf 76' lang='grc' dir='ltr'>καί</span> <span class='ocrx_word' id='word_1_252' title='bbox 1462 2426 1785 2483; x_wconf 86' lang='grc' dir='ltr'>εἰσεπορεύεσθε</span> <span class='ocrx_word' id='word_1_253' title='bbox 1829 2425 1888 2467; x_wconf 88' lang='grc' dir='ltr'>εἰς</span> <span class='ocrx_word' id='word_1_254' title='bbox 1911 2437 1958 2476; x_wconf 87' lang='lat'>25</span> 
     </span>
     <span class='ocr_line' id='line_1_33' title="bbox 387 2508 1888 2567; baseline 0 -17"><span class='ocrx_word' id='word_1_255' title='bbox 387 2509 435 2551; x_wconf 77' lang='grc' dir='ltr'>τὸ</span> <span class='ocrx_word' id='word_1_256' title='bbox 476 2510 704 2550; x_wconf 58' lang='grc' dir='ltr'>ὑπολήνιον</span> <span class='ocrx_word' id='word_1_257' title='bbox 745 2511 1000 2553; x_wconf 59' lang='grc' dir='ltr'>ἐξαντλῆσαι</span> <span class='ocrx_word' id='word_1_258' title='bbox 1050 2512 1314 2552; x_wconf 59' lang='grc' dir='ltr'>πεντήκοντα</span> <span class='ocrx_word' id='word_1_259' title='bbox 1356 2510 1580 2567; x_wconf 77' lang='grc' dir='ltr'>μετρΗτάς,</span> <span class='ocrx_word' id='word_1_260' title='bbox 1619 2509 1685 2550; x_wconf 85' lang='grc' dir='ltr'>καί</span> <span class='ocrx_word' id='word_1_261' title='bbox 1727 2508 1888 2556; x_wconf 76' lang='grc' dir='ltr'>ὲΓίνετο</span> 
     </span>
    </p>
   </div>
   <div class='ocr_carea' id='block_1_11' title="bbox 255 2592 1887 2652">
    <p class='ocr_par' dir='ltr' id='par_1_12' title="bbox 255 2592 1887 2652">
     <span class='ocr_line' id='line_1_34' title="bbox 255 2592 1887 2652; baseline -0.001 -18"><span class='ocrx_word' id='word_1_262' title='bbox 255 2607 297 2644; x_wconf 90' lang='lat'>17</span> <span class='ocrx_word' id='word_1_263' title='bbox 389 2592 548 2646; x_wconf 81' lang='grc' dir='ltr'>εί’κοσι;</span> <span class='ocrx_word' id='word_1_264' title='bbox 597 2595 789 2637; x_wconf 70' lang='grc' dir='ltr'>ἐπάταξα</span> <span class='ocrx_word' id='word_1_265' title='bbox 834 2597 939 2643; x_wconf 74' lang='grc' dir='ltr'>ὑμᾶς</span> <span class='ocrx_word' id='word_1_266' title='bbox 982 2596 1027 2636; x_wconf 77' lang='grc' dir='ltr'>ἐν</span> <span class='ocrx_word' id='word_1_267' title='bbox 1071 2595 1230 2652; x_wconf 75' lang='grc' dir='ltr'>ἀφορίᾳ</span> <span class='ocrx_word' id='word_1_268' title='bbox 1276 2595 1340 2635; x_wconf 82' lang='grc' dir='ltr'>καί</span> <span class='ocrx_word' id='word_1_269' title='bbox 1384 2595 1428 2635; x_wconf 76' lang='grc' dir='ltr'>ἐν</span> <span class='ocrx_word' id='word_1_270' title='bbox 1478 2593 1770 2651; x_wconf 75' lang='grc' dir='ltr'>άνεμοφθορίᾳ</span> <span class='ocrx_word' id='word_1_271' title='bbox 1820 2593 1887 2634; x_wconf 79' lang='grc' dir='ltr'>καί</span> 
     </span>
    </p>
   </div>
   <div class='ocr_carea' id='block_1_12' title="bbox 320 2750 1888 3026">
    <p class='ocr_par' dir='ltr' id='par_1_13' title="bbox 320 2750 1888 3026">
     <span class='ocr_line' id='line_1_35' title="bbox 373 2750 1888 2797; baseline 0 -12"><span class='ocrx_word' id='word_1_272' title='bbox 373 2763 400 2785; x_wconf 88' lang='lat'>1.</span> <span class='ocrx_word' id='word_1_273' title='bbox 427 2751 477 2785; x_wconf 80' lang='grc' dir='ltr'>ὅτι</span> <span class='ocrx_word' id='word_1_274' title='bbox 495 2759 714 2797; x_wconf 83' lang='lat' dir='ltr'><strong>assumptum</strong></span> <span class='ocrx_word' id='word_1_275' title='bbox 732 2765 773 2786; x_wconf 84' lang='lat' dir='ltr'>ex</span> <span class='ocrx_word' id='word_1_276' title='bbox 792 2752 835 2786; x_wconf 88' lang='lat' dir='ltr'>B.</span> <span class='ocrx_word' id='word_1_277' title='bbox 1040 2764 1071 2787; x_wconf 80' lang='lat'>2.</span> <span class='ocrx_word' id='word_1_278' title='bbox 1097 2753 1197 2786; x_wconf 78' lang='grc' dir='ltr'>αὐτόν</span> <span class='ocrx_word' id='word_1_279' title='bbox 1213 2764 1282 2786; x_wconf 88' lang='lat' dir='ltr'>orn.</span> <span class='ocrx_word' id='word_1_280' title='bbox 1304 2751 1344 2785; x_wconf 86' lang='lat' dir='ltr'>B.</span> <span class='ocrx_word' id='word_1_281' title='bbox 1364 2751 1476 2795; x_wconf 82' lang='lat' dir='ltr'>(Vat.)</span> <span class='ocrx_word' id='word_1_282' title='bbox 1679 2760 1711 2792; x_wconf 89' lang='lat'>5.</span> <span class='ocrx_word' id='word_1_283' title='bbox 1736 2753 1835 2784; x_wconf 80' lang='grc' dir='ltr'>τοῦτο</span> <span class='ocrx_word' id='word_1_284' title='bbox 1853 2750 1888 2785; x_wconf 91' lang='lat' dir='ltr'>b.</span> 
     </span>
     <span class='ocr_line' id='line_1_36' title="bbox 320 2796 1886 2847; baseline 0.001 -17"><span class='ocrx_word' id='word_1_285' title='bbox 320 2797 572 2847; x_wconf 77' lang='grc' dir='ltr'>ιιρρωστοῦντες</span> <span class='ocrx_word' id='word_1_286' title='bbox 589 2799 622 2833; x_wconf 82' lang='lat' dir='ltr'>b.</span> <span class='ocrx_word' id='word_1_287' title='bbox 811 2800 844 2833; x_wconf 83' lang='grc'>8.</span> <span class='ocrx_word' id='word_1_288' title='bbox 871 2798 929 2844; x_wconf 71' lang='grc' dir='ltr'>ὑφ’</span> <span class='ocrx_word' id='word_1_289' title='bbox 950 2799 992 2833; x_wconf 83' lang='grc' dir='ltr'>Β.</span> <span class='ocrx_word' id='word_1_290' title='bbox 1010 2799 1047 2843; x_wconf 77' lang='grc' dir='ltr'>ἐξ</span> <span class='ocrx_word' id='word_1_291' title='bbox 1067 2799 1157 2833; x_wconf 84' lang='lat' dir='ltr'><strong>Edd.</strong></span> <span class='ocrx_word' id='word_1_292' title='bbox 1326 2799 1377 2832; x_wconf 84' lang='lat'>18.</span> <span class='ocrx_word' id='word_1_293' title='bbox 1403 2797 1552 2840; x_wconf 77' lang='grc' dir='ltr'>συμβαίη</span> <span class='ocrx_word' id='word_1_294' title='bbox 1571 2796 1612 2830; x_wconf 86' lang='grc' dir='ltr'>Β.</span> <span class='ocrx_word' id='word_1_295' title='bbox 1631 2798 1809 2839; x_wconf 74' lang='grc' dir='ltr'>συμβαίνει</span> <span class='ocrx_word' id='word_1_296' title='bbox 1826 2797 1886 2832; x_wconf 75' lang='lat' dir='ltr'>iid.</span> 
     </span>
     <span class='ocr_line' id='line_1_37' title="bbox 320 2843 1885 2890; baseline 0.001 -13"><span class='ocrx_word' id='word_1_297' title='bbox 320 2847 338 2886; x_wconf 84' lang='grc' dir='ltr'>ἡ</span> <span class='ocrx_word' id='word_1_298' title='bbox 365 2845 400 2877; x_wconf 74' lang='grc' dir='ltr'>Β.</span> <span class='ocrx_word' id='word_1_299' title='bbox 422 2860 501 2878; x_wconf 73' lang='grc' dir='ltr'>κατα</span> <span class='ocrx_word' id='word_1_300' title='bbox 522 2845 578 2879; x_wconf 72' lang='grc' dir='ltr'>ἰἰιί.</span> <span class='ocrx_word' id='word_1_301' title='bbox 823 2857 876 2880; x_wconf 84' lang='lat'>22.</span> <span class='ocrx_word' id='word_1_302' title='bbox 902 2846 948 2881; x_wconf 80' lang='grc' dir='ltr'>εἷς</span> <span class='ocrx_word' id='word_1_303' title='bbox 964 2858 1034 2881; x_wconf 88' lang='lat' dir='ltr'>om.</span> <span class='ocrx_word' id='word_1_304' title='bbox 1054 2847 1090 2880; x_wconf 69' lang='lat'>1⁴¹.</span> <span class='ocrx_word' id='word_1_305' title='bbox 1110 2845 1206 2890; x_wconf 80' lang='lat'>(42.)</span> <span class='ocrx_word' id='word_1_306' title='bbox 1441 2855 1495 2887; x_wconf 82' lang='lat'>23.</span> <span class='ocrx_word' id='word_1_307' title='bbox 1521 2844 1575 2876; x_wconf 84' lang='grc' dir='ltr'>ἐπὶ</span> <span class='ocrx_word' id='word_1_308' title='bbox 1592 2843 1689 2877; x_wconf 85' lang='grc' dir='ltr'>λίθον</span> <span class='ocrx_word' id='word_1_309' title='bbox 1705 2855 1775 2879; x_wconf 84' lang='lat' dir='ltr'>om.</span> <span class='ocrx_word' id='word_1_310' title='bbox 1794 2843 1885 2878; x_wconf 89' lang='lat' dir='ltr'>Edd.</span> 
     </span>
     <span class='ocr_line' id='line_1_38' title="bbox 325 2890 1886 2937; baseline 0.002 -15"><span class='ocrx_word' id='word_1_311' title='bbox 325 2901 365 2931; x_wconf 76' lang='lat'>2⁴</span> <span class='ocrx_word' id='word_1_312' title='bbox 372 2916 378 2922; x_wconf 85' lang='lat'><strong>.</strong></span> <span class='ocrx_word' id='word_1_313' title='bbox 405 2892 582 2935; x_wconf 74' lang='grc' dir='ltr'>κυψέλληιι</span> <span class='ocrx_word' id='word_1_314' title='bbox 603 2892 1141 2937; x_wconf 79' lang='lat'>13.25.</span> <span class='ocrx_word' id='word_1_315' title='bbox 1167 2892 1292 2937; x_wconf 80' lang='grc' dir='ltr'>ἐγίνετο</span> <span class='ocrx_word' id='word_1_316' title='bbox 1313 2891 1354 2925; x_wconf 93' lang='lat' dir='ltr'>B.</span> <span class='ocrx_word' id='word_1_317' title='bbox 1374 2891 1444 2932; x_wconf 84' lang='lat'>(22,</span> <span class='ocrx_word' id='word_1_318' title='bbox 1464 2890 1519 2934; x_wconf 82' lang='lat'>36,</span> <span class='ocrx_word' id='word_1_319' title='bbox 1538 2902 1592 2934; x_wconf 80' lang='lat'>49,</span> <span class='ocrx_word' id='word_1_320' title='bbox 1611 2899 1666 2935; x_wconf 82' lang='lat'>05,</span> <span class='ocrx_word' id='word_1_321' title='bbox 1690 2892 1764 2932; x_wconf 84' lang='lat'>185,</span> <span class='ocrx_word' id='word_1_322' title='bbox 1785 2890 1886 2935; x_wconf 82' lang='lat'>238.)</span> 
     </span>
     <span class='ocr_line' id='line_1_39' title="bbox 324 2937 1886 2984; baseline 0.002 -16"><span class='ocrx_word' id='word_1_323' title='bbox 324 2937 366 2968; x_wconf 86' lang='lat' dir='ltr'>cf</span> <span class='ocrx_word' id='word_1_324' title='bbox 386 2937 452 2970; x_wconf 84' lang='lat' dir='ltr'>ins1</span> <span class='ocrx_word' id='word_1_325' title='bbox 454 2950 472 2970; x_wconf 81' lang='grc' dir='ltr'><strong>ι</strong></span> <span class='ocrx_word' id='word_1_326' title='bbox 491 2939 554 2979; x_wconf 79' lang='lat'>655</span> <span class='ocrx_word' id='word_1_327' title='bbox 576 2939 608 2972; x_wconf 88' lang='lat' dir='ltr'>d.</span> <span class='ocrx_word' id='word_1_328' title='bbox 627 2939 758 2984; x_wconf 74' lang='grc' dir='ltr'>ἐγένετο</span> <span class='ocrx_word' id='word_1_329' title='bbox 777 2940 813 2973; x_wconf 82' lang='lat' dir='ltr'>F.</span> <span class='ocrx_word' id='word_1_330' title='bbox 835 2939 925 2973; x_wconf 85' lang='lat' dir='ltr'><strong>Edd.</strong></span> <span class='ocrx_word' id='word_1_331' title='bbox 1369 2937 1421 2971; x_wconf 86' lang='lat'>26.</span> <span class='ocrx_word' id='word_1_332' title='bbox 1449 2937 1575 2982; x_wconf 82' lang='grc' dir='ltr'>ἐγίνετο</span> <span class='ocrx_word' id='word_1_333' title='bbox 1596 2937 1635 2971; x_wconf 80' lang='grc' dir='ltr'>Β.</span> <span class='ocrx_word' id='word_1_334' title='bbox 1654 2937 1697 2971; x_wconf 88' lang='lat' dir='ltr'>cf.</span> <span class='ocrx_word' id='word_1_335' title='bbox 1716 2937 1804 2971; x_wconf 85' lang='lat' dir='ltr'><strong>infra</strong></span> <span class='ocrx_word' id='word_1_336' title='bbox 1822 2938 1844 2971; x_wconf 88' lang='lat'>1.</span> <span class='ocrx_word' id='word_1_337' title='bbox 1857 2948 1886 2971; x_wconf 90' lang='lat' dir='ltr'>c.</span> 
     </span>
     <span class='ocr_line' id='line_1_40' title="bbox 323 2982 583 3026; baseline 0.004 -10"><span class='ocrx_word' id='word_1_338' title='bbox 323 2982 474 3026; x_wconf 81' lang='grc' dir='ltr'>εγένοντο</span> <span class='ocrx_word' id='word_1_339' title='bbox 494 2984 521 3017; x_wconf 73' lang='lat' dir='ltr'>E</span> <span class='ocrx_word' id='word_1_340' title='bbox 525 2984 583 3018; x_wconf 83' lang='lat' dir='ltr'>dd.</span> 
     </span>
    </p>
   </div>
  </div>
 </body>
</html>
