1997 3361
98 151 153 192 iii.
178 166 239 203 10,
268 168 330 195 11.
540 158 614 199 IN
656 163 933 207 ABACUC.
993 168 1146 210 TUM.
1180 171 1237 212 11.
1589 179 1659 218 151

95 272 529 326 προανατυποῦντος
576 271 683 333 ἡμῖν
721 275 916 330 ἀστείως
956 279 1073 330 κατὰ
1116 281 1328 336 πολλοὺς
1372 285 1572 350 τρόπους
1610 287 1663 339 τὸ

97 347 310 409 Χριστοῦ
333 349 608 416 μυστήριον.
662 355 761 416 ἔστη
786 357 842 421 δὴ
877 360 958 410 οῦν
991 367 1049 416 εἰς
1087 363 1198 431 φῶς.
1250 367 1484 432 μακαρίζει
1513 367 1560 418 δὲ
1588 373 1662 420 καὶ

93 427 230 480 αὐτὸς
274 430 298 478 ὁ
340 434 549 496 Χριστὸς
589 435 695 490 τοῦς
737 441 1101 507 συνενεγκόντας
1149 447 1196 495 ε’ν
1251 448 1427 502 ἑαυτοῖς
1469 450 1661 515 νομικήν

90 529 138 556 τε
176 508 273 571 ἅμα
315 513 557 565 παίδευσιν
598 521 673 568 καὶ
714 521 1034 588 εὐαγγελικήν.
1101 527 1191 595 ἔφη
1232 527 1322 594 γὰρ
1360 532 1479 581 οὕτω
1519 533 1658 583 “Aw‘z

47 603 70 641 5
92 595 117 617 “
144 596 279 642 τοῦτο
317 594 442 658 λε’γω
478 598 595 660 ὑμῖν,
627 600 698 650 ὅτι
735 607 826 656 πᾶς
863 607 1199 670 γραμματεῦς,”
1234 612 1476 663 τουτέστιν
1515 615 1539 664 ὁ
1578 614 1659 665 τὸν

88 669 230 733 νόμον
272 674 414 734 εἰδὼς,
456 685 483 706 “
507 684 807 745 μαθητευθεὶς
850 688 897 736 ἐν
938 692 995 754 τῇ
1035 693 1258 761 βασιλείᾳ
1297 698 1390 744 τῶν
1427 696 1653 761 οὐρανῶν,

86 759 114 780 “
139 752 294 814 ὅμοιός
332 759 462 808 ἐστιν
505 763 737 833 ἀνθρώπῳ
775 769 1007 838 πλουσίῳ,
1052 771 1182 826 ὅστις
1222 775 1447 836 ἐκβάλλει
1486 780 1536 829 ἐκ
1574 786 1656 831 τοῦ

86 842 113 862 “
137 839 377 905 θησαυροῦ
402 842 542 893 αὐτοῦ
568 845 646 895 νεά
672 849 745 897 καὶ
771 850 992 902 mmai?

158 922 528 991 Παραδεξόμεθα
576 926 623 977 δὲ
674 931 748 979 καὶ
791 930 947 996 ἕτερον
990 935 1064 985 ἐπὶ
1105 940 1220 1005 τῷδε
1262 945 1382 1002 νοῦν,
1425 942 1506 993 οὐκ
1547 945 1652 995 ἀπί-

17 1027 63 1052 10
83 1003 237 1061 θανον,
265 1001 326 1057 ὥς
356 1028 407 1070 γε
441 1029 520 1069 μοι
555 1010 782 1076 φαίνεται·
822 1014 1047 1072 βαίνοντα
1079 1017 1126 1068 δὲ
1159 1024 1347 1082 μᾶλλον
1374 1029 1455 1074 τοῦ
1481 1025 1650 1080 εἰκότος
1669 1052 1689 1078 c

79 1082 232 1146 ἐγγύς.
298 1087 410 1146 ἥλιον
453 1088 538 1151 μὲν
580 1090 673 1156 γὰρ
717 1091 835 1144 εἶναι’
868 1100 1036 1163 φαμεν,
1076 1102 1149 1151 καὶ
1187 1102 1320 1165 μάλα
1358 1106 1522 1170 ὀρθῶς,
1567 1109 1651 1160 τὸν

78 1162 400 1231 Ἐμμανουήλ.
486 1170 756 1234 ὠνόμασται
806 1175 899 1243 γὰρ
949 1181 1083 1244 οὕτω,
1135 1186 1210 1234 καὶ
1261 1185 1391 1237 ἔστιν
1441 1190 1645 1253 άληθῶς.

77 1249 246 1307 σελήνην
284 1248 331 1300 δὲ
368 1251 592 1316 λέγεσθαι
631 1259 889 1322 νομιστέον,
916 1263 978 1315 ὡς
1009 1264 1065 1331 ἐξ
1094 1265 1363 1330 ὁμοιότητος
1394 1275 1476 1320 τοῦ
1514 1294 1645 1323 στοι-

73 1328 212 1394 χείου,
238 1329 322 1394 τὴν
347 1333 640 1399 Ἐκκλησίαν
668 1344 751 1389 τοῦ
777 1344 914 1404 Θεοῦ,
953 1346 1216 1411 φαίνουσαν
1253 1355 1348 1404 τοῖς
1383 1353 1430 1402 ἐν
1464 1354 1641 1418 σκότει,

8 1437 53 1474 15
73 1412 146 1460 καὶ
185 1414 246 1465 ὡς
284 1414 333 1463 ἐν
366 1418 492 1466 νυκτὶ
531 1419 909 1482 διαλάμπουσαν.
978 1427 1052 1478 ὅτε
1088 1431 1241 1481 τοίνυν
1279 1433 1427 1502 ἐπήρθη
1467 1441 1485 1487 ὁ
1525 1438 1645 1497 ἥλιος

71 1491 188 1542 κατὰ
212 1493 297 1558 τὴν
323 1501 404 1546 τοῦ
430 1499 691 1568 Προφήτου
723 1504 899 1572 φωνήν·
941 1509 1202 1577 ἀναβέβηκε
1234 1513 1326 1580 γὰρ
1359 1515 1473 1584 ὑπὲρ
1513 1519 1643 1582 ἡμῶν

69 1573 94 1623 ὁ
129 1575 338 1640 Χριστὸς
372 1580 445 1630 ἐπὶ
479 1581 561 1632 τὸν
594 1585 746 1647 τίμιον
783 1589 1005 1654 σταυρόν·
1047 1591 1149 1645 τότε
1189 1597 1264 1646 καὶ
1303 1599 1578 1668 ἀνέλαμψεν
1612 1603 1640 1666 ἡ

68 1655 125 1723 ἐξ
149 1657 293 1709 ἐθνῶν
318 1661 546 1726 ἐκκλησία
572 1668 646 1716 καὶ
674 1668 772 1729 ἔστη
805 1671 842 1721 ἐν
872 1678 919 1744 τῇ
949 1673 1070 1743 τάξει
1106 1676 1240 1736 αὐτῆς
1276 1684 1335 1734 εἰς
1371 1680 1482 1749 φῶς,
1508 1705 1641 1734 τουτ-

68 1736 182 1800 έστι,
219 1743 500 1811 πλησιφαὴς
543 1746 617 1797 οἶά
653 1772 721 1803 τις
758 1752 952 1818 σελήνη,
990 1758 1064 1807 καὶ
1110 1758 1195 1822 τὴν
1232 1760 1368 1829 τάξιν
1404 1769 1487 1814 τοῦ
1524 1767 1682 1818 ἱδιόυᾶ

0 1848 49 1872 20
67 1818 287 1885 σώζουσα
313 1824 501 1887 κύκλου,
530 1833 631 1895 φῶς
661 1831 823 1897 γέγονε
854 1842 948 1889 τοῖς
986 1840 1034 1889 ἐν
1067 1840 1245 1904 σκότει,
1275 1844 1484 1910 καθάπερ
1519 1847 1638 1915 ε”φην

66 1900 247 1965 ἀρτίως.
314 1905 384 1956 ὅτι
409 1906 457 1958 δὲ
484 1911 749 1979 ὑψουμένου
782 1939 831 1967 τε
863 1921 937 1969 καὶ
973 1918 1056 1971 τὸν
1082 1921 1195 1988 ὑπὲρ
1220 1928 1302 1988 τῆς
1328 1931 1421 1977 τῶν
1447 1927 1637 1980 πάντων

64 1980 181 2045 ζωῆς
224 1986 510 2044 ἀνατλάντος
546 1994 753 2060 σταυρὸν
786 2004 868 2049 τοῦ
904 2003 1130 2067 Χριστοῦ,
1156 2006 1364 2071 συνέστη
1403 2009 1572 2060 λοιπὸν
1606 2013 1633 2075 ἡ

63 2061 338 2129 Ἐκκλησία,
365 2069 539 2140 διδάξει
569 2074 715 2128 πάλιν
740 2079 766 2129 ὁ
791 2081 929 2136 αὐτός
955 2091 982 2113 “
1001 2084 1154 2150 Ἀμὴν
1192 2086 1315 2152 ἀμὴν
1353 2090 1478 2155 λέγω
1512 2093 1629 2156 ὑμῖν,

64 2151 91 2173 “
113 2144 192 2195 ἐὰν
223 2146 288 2212 μὴ
323 2150 348 2200 ὁ
387 2152 550 2209 κόκκος
587 2162 668 2207 τοῦ
703 2160 839 2213 σίτου
875 2164 1038 2216 πεσὼν
1071 2168 1295 2237 ἀποθάνῃ,
1323 2171 1459 2225 αὐτὸς
1490 2174 1631 2237 μόνος

0 2255 14 2279 2
21 2253 43 2291 5
63 2232 89 2254 ‘⁶
113 2227 248 2288 ,ue‘vet‘
286 2230 366 2281 ἐὰν
396 2232 444 2284 δὲ
477 2237 704 2307 ἀποθάνῃ,
730 2242 910 2308 καρπὸν
934 2249 1129 2299 πλείονα
1160 2251 1328 2316 φέρει.”
1383 2255 1457 2303 καὶ
1483 2256 1629 2307 πάλιν

61 2315 88 2336 “
115 2310 262 2377 Κάγὼ
288 2313 366 2364 ἐὰν
392 2317 569 2384 ὑψωθῶ
603 2322 653 2371 ἐκ
682 2325 764 2387 τῆς
798 2328 896 2390 γῆς,
923 2328 1102 2384 πάντας
1126 2332 1312 2385 ἑλκύσω
1342 2335 1459 2401 πρὸς
1490 2338 1627 2399 ἐμαυ-

108 2496 137 2520 Ι.
163 2485 239 2529 ἡμῖν
254 2488 396 2527 ἀστείως
412 2492 494 2527 κατὰ
511 2508 546 2529 π.
566 2494 633 2531 hoc
649 2498 769 2534 ordine
787 2500 834 2535 D.
852 2500 929 2545 ἡμῖν
945 2511 1024 2548 post
1040 2520 1076 2541 π.
1094 2512 1137 2542 tr.
1158 2507 1249 2543 Edd.
1376 2523 1410 2557 3.
1436 2512 1472 2547 ἐν
1488 2525 1557 2548 om.
1578 2515 1624 2551 D.

57 2542 90 2572 4.
108 2530 190 2578 ἅμα]
206 2534 359 2580 ‹⁴1‘pa(sic)
373 2538 463 2574 Edd.
502 2540 588 2576 οὔτω
599 2555 669 2579 om.
684 2545 731 2580 D.
811 2547 844 2582 6.
863 2549 898 2583 ἐν
914 2549 1044 2587 ῙἏΒῦθΠῒ,
1058 2553 1151 2588 B.D.
1247 2567 1280 2601 9.
1298 2559 1560 2603 παραδεξὼμεθα
1576 2562 1622 2597 D.

57 2577 148 2613 Edd.
197 2582 249 2615 καὶ
266 2592 484 2629 assumptum
501 2600 543 2622 ex
562 2589 644 2624 D.b.
826 2606 878 2629 10.
902 2598 1074 2637 βαίνοντες
1092 2600 1172 2645 (sic)
1191 2601 1282 2637 Edd.
1462 2617 1514 2641 11.
1541 2606 1622 2643 εἶναι

55 2633 274 2671 assumptum
291 2641 332 2663 ex
353 2631 435 2667 D.b.
454 2633 512 2668 οὖν
528 2647 590 2679 pro
607 2634 687 2672 εἶναι
706 2638 748 2674 Β.
985 2655 1038 2679 12.
1064 2646 1255 2691 ὠνόμασται
1272 2650 1337 2695 γὰρ
1354 2651 1439 2686 οὕτω
1457 2654 1510 2687 καὶ
1527 2655 1622 2689 ἔστιν

55 2669 187 2714 ἀληθῶς
203 2685 272 2708 om.
290 2676 371 2712 B.b.
418 2679 542 2724 ἀληθές
558 2682 650 2718 Edd.
872 2699 925 2734 13.
950 2690 1112 2736 λέγεσθαι
1131 2705 1200 2728 om.
1221 2695 1268 2731 D.
1482 2711 1534 2742 14.
1560 2705 1620 2736 τοῦ

56 2720 141 2752 Θεοῦ
157 2731 226 2754 om.
246 2721 325 2757 B.b.
344 2723 447 2760 habet
465 2727 512 2762 D.
716 2741 768 2778 15.
791 2733 835 2769 ὡς
851 2745 1071 2782 assumptum
1090 2751 1131 2773 ex
1150 2740 1196 2774 D.
1373 2753 1425 2790 17.
1451 2748 1616 2795 Χριστὸς]

55 2762 175 2807 Κύριος
193 2766 237 2802 D.
296 2769 474 2816 ἀνέλαμψε
491 2775 543 2809 καὶ
560 2775 631 2811 inv.
649 2777 723 2814 ord.
742 2779 789 2814 D.
1053 2786 1105 2819 18.
1134 2787 1232 2830 αὐτῆς
1251 2788 1382 2825 B.D.b.
1400 2792 1507 2828 αὐτῶν
1525 2794 1617 2830 Edd.

54 2811 155 2853 ἤγουν
171 2824 233 2856 pro
250 2817 403 2852 τουτέστι
423 2819 468 2855 D.
774 2837 830 2862 21.
855 2842 891 2862 τε
908 2838 1128 2876 assumptum
1146 2845 1187 2866 ex
1206 2835 1253 2868 D.
1271 2840 1421 2880 Χριστοῦ
1438 2851 1500 2884 pro
1517 2855 1552 2875 τε
1574 2842 1615 2876 Β.

53 2858 112 2889 τοῦ
129 2859 256 2902 κόσμου
273 2874 335 2906 pro
352 2868 417 2899 τῶν
432 2868 565 2902 πάντων
582 2869 629 2905 D.
990 2888 1045 2912 22.
1071 2882 1129 2913 τοῦ
1146 2884 1296 2924 Χριστοῦ
1313 2892 1491 2930 assumpta
1508 2899 1549 2921 ex
1568 2888 1615 2923 D.

54 2911 108 2945 23.
133 2905 234 2939 πάλιν
249 2909 267 2940 ὁ
285 2909 331 2943 D.
350 2910 459 2957 λέγων
476 2914 568 2950 Edd.
789 2929 843 2964 25.
869 2923 959 2964 μενεῖ
976 2923 1068 2959 Edd.
1116 2927 1255 2963 πλείονα
1274 2928 1316 2964 Β.
1335 2930 1430 2968 Edd.
1447 2933 1490 2968 cf.
1510 2945 1615 2980 supra

52 2957 120 2992 350
138 2962 166 2984 e.
184 2954 290 2988 πόλυν
310 2955 355 2990 D.
545 2961 599 2996 26.
627 2963 728 3009 Κάγὼ
745 2965 817 3012 ἐὰν]
837 2967 894 3002 ἐὰν
910 2969 975 3014 ἐγὼ
994 2970 1040 3005 D.

1720 548 1878 597 szM'qffl'·

1722 602 1787 623 xm.
1809 602 1860 631 52.

1691 2107 1832 2158 SLJoan.

1691 2161 1745 2183 xu.
1761 2162 1811 2191 ²4·

1688 2358 1738 2391 Ib.
1758 2369 1809 2399 32.
