2007 3366
294 200 350 239 64
695 200 744 240 B.
787 197 1060 239 CYRILLI
1105 197 1485 238 ALEXANDR.
1641 196 1698 236 iii.
1721 206 1785 248 17,
1807 195 1869 236 18.

294 306 469 374 θερμὴν
503 308 662 361 αὑταῖς
699 309 891 359 ἐνιέντος
930 308 1109 365 ἀκτῖνα,
1137 311 1325 374 ταχεῖαν
1360 312 1597 359 ποιοῦνται
1636 304 1721 369 τὴν
1747 307 1867 356 ἀπο-

296 392 532 459 φοίτησιν,
559 392 633 440 καὶ
661 389 947 454 ἀφίπτανται
972 389 1092 440 κατὰ
1118 387 1172 440 τὸ
1193 389 1363 443 εἰωθός.
1410 390 1569 451 οὕτως,
1596 389 1764 457 φησὶν,
1791 388 1873 438 ε”σ-

296 496 425 524 ονται
454 479 488 524 οἱ
515 473 766 540 &flammai
787 496 875 523 σου.
928 470 1284 535 ἀποπτήσονται
1315 472 1407 538 γὰρ
1441 474 1516 523 καὶ
1543 471 1694 523 οἴκαδε
1725 469 1873 522 πάλιν

76 568 161 642 ξε...
187 613 206 643 8
297 557 689 620 ἀποδραμοῦνται,
716 553 801 618 τὴν
827 552 922 617 σὴν
947 554 1118 605 ἐλπίδα
1143 555 1445 609 κενώσαντες.
1511 563 1539 584 “
1557 553 1768 620 Ἀγαθὸν
1792 553 1873 604 οὖν

97 623 174 643 XVll.
211 637 216 643 .

253 645 325 696 <1⁶⁶
351 638 443 703 ἄρα
481 640 555 687 καὶ
595 635 780 701 ἀτρεκὲς
817 635 871 686 τὸ
909 636 1176 687 πεποιθέναι
1215 638 1289 688 ἐπὶ
1320 636 1506 703 Κύριον,
1537 636 1565 702 ἢ
1603 635 1913 691 πεποιθεάνι5

297 728 324 751 “
349 721 417 772 ἐπ’
446 719 733 785 ἅνθρωπον,”
763 717 882 769 κατὰ
907 717 992 783 τὴν
1018 725 1100 770 τοῦ
1124 720 1373 786 προφήτου
1399 719 1576 789 φωνήν.

233 949 278 985 18
300 944 405 986 Οὐαὶ
432 944 588 987 αὐτοῖς.
638 946 870 988 ἐνύσταξαν
897 944 934 987 οἰ
961 948 1161 995 Ποιμένες
1189 962 1276 998 σου,
1305 946 1499 997 βασιλεὺς
1519 947 1741 1003 Ἀσσύριος
1763 945 1873 987 ἐκοί-

363 1044 457 1078 μισε
491 1029 590 1070 τοὺς
622 1029 831 1072 δυνάστας
867 1045 952 1073 σου·
992 1031 1157 1089 ἀηιῇρεν
1191 1031 1213 1074 ὁ
1246 1032 1348 1072 λαός
1382 1046 1455 1073 σου
1487 1030 1556 1072 ἐπὶ
1591 1030 1640 1072 τα
1677 1030 1769 1087 ὄρΗ,
1804 1030 1872 1072 καὶ

362 1113 437 1154 οὐκ
465 1109 515 1154 ἦν
542 1113 564 1155 ὁ
591 1113 880 1170 ἐκδεχόμενος.

370 1233 619 1300 Ταλανίζει
669 1233 775 1288 τοὺς
823 1233 1012 1302 ὄχλους,
1065 1237 1126 1289 ὡς
1177 1237 1453 1302 κακανδριάς
1503 1241 1564 1290 εἷς
1611 1242 1747 1288 τοῦτο
1798 1238 1872 1288 καὶ
1897 1256 1944 1281 10

297 1316 522 1379 δειμάτων
549 1316 892 1381 ὠλισθηκότας,
923 1320 983 1371 ὡς
1015 1321 1089 1368 καὶ
1124 1317 1242 1384 πρὸς
1275 1317 1422 1382 μόνην
1448 1317 1612 1372 αὐτοὺς
1647 1321 1875 1383 ἀτονῆσαι

257 1429 279 1455 e
297 1405 379 1450 τοῦ
405 1398 613 1463 πολέμου
644 1398 729 1464 τὴν
754 1399 1054 1466 προσβολὴν,
1082 1404 1156 1451 καὶ
1188 1403 1261 1451 ἐπὶ
1296 1400 1378 1454 τὰς
1404 1405 1497 1451 τῶν
1524 1406 1629 1470 ὀρῶν
1655 1401 1869 1467 ἀναθρώ-

296 1505 428 1533 σκειν
455 1481 676 1551 κορυφὰς,
704 1485 778 1534 καὶ
809 1482 906 1534 οἷον
930 1484 1244 1550 προτείχισμα
1279 1489 1360 1534 τοῦ
1395 1482 1606 1534 κινδύνου
1640 1488 1874 1535 ποιεῖσθαι

294 1563 378 1617 τὰς
412 1565 693 1632 δυσχωρίας.
750 1563 849 1616 εἶτα
885 1569 967 1630 τῆς
1001 1567 1285 1634 ψοφοδεειάς
1311 1566 1396 1630 τὴν
1430 1567 1580 1617 αἰτίαν
1614 1565 1874 1630 ἀποδιδοὺς,

296 1648 446 1715 εὐφυᾶ
494 1652 687 1698 ποιεῖται
738 1647 956 1714 διήγησιν
1006 1653 1099 1699 τῶν
1150 1652 1455 1715 καθηγεῖσθαι
1503 1649 1748 1716 λαχόντων
1791 1649 1874 1701 τὸν
1898 1677 1942 1705 11¹¹

297 1729 504 1797 ὄλεθρον·
546 1732 606 1784 ὡς
644 1732 692 1781 ἐν
718 1731 816 1796 ἤθει
850 1733 1018 1796 λέγων,
1046 1733 1145 1782 ἀντὶ
1184 1736 1266 1782 τοῦ
1303 1731 1618 1797 πεπόρθηνται
1659 1733 1732 1782 καὶ
1772 1735 1868 1784 διο-

298 1812 531 1875 λώλασιν,
557 1813 729 1880 ἄποροί
763 1837 811 1865 τε
849 1813 1102 1880 γεγόνασιν
1129 1817 1189 1867 εἷς
1224 1812 1307 1867 τὰς
1340 1814 1505 1881 τέχνας
1537 1813 1619 1868 τὰς
1657 1837 1867 1881 στρατη-

297 1893 445 1960 γικὰς,
483 1894 537 1946 τὸ
578 1896 815 1966 ἐνύσταξαν
853 1899 1004 1960 τιθεὶς,
1049 1899 1125 1947 καὶ
1165 1896 1234 1947 ὅτι
1278 1899 1699 1964 κατεκοιμίσθησαν
1739 1899 1781 1947 οἱ
1825 1899 1874 1949 ἐν

79 1995 163 2029 514
178 1995 227 2029 A.
258 1976 527 2041 τιδυνάμεσί
558 2001 607 2030 τε
645 1981 720 2030 καὶ
758 1980 992 2049 ἐξουσίαις
1032 1981 1107 2029 καὶ
1146 1981 1416 2045 δημαγωγοὶ
1452 1982 1524 2029 καὶ
1556 1979 1640 2032 τὰς
1671 1979 1766 2030 ἅνω
1798 1982 1874 2031 καὶ

297 2063 535 2128 διαφανεῖς
566 2061 793 2128 λαχόντες
830 2061 979 2125 τιμάς.
1033 2060 1300 2113 πεπόνθασι
1339 2062 1385 2112 δὲ
1424 2061 1478 2113 τὸ
1518 2061 1744 2132 νυστάζειν
1783 2061 1873 2114 ὑπὸ
1895 2085 1943 2109 20

297 2143 535 2203 βασιλέως
565 2147 810 2212 Ἀσσυρίου,
849 2143 1078 2207 τουτέστι,
1121 2143 1174 2195 τὸ
1215 2144 1346 2210 γε’νος
1384 2145 1570 2212 ἔχοντος
1609 2145 1665 2214 ἐξ
1701 2145 1867 2197 αὐτῶν.

297 2225 540 2292 αὐθιγενὴς
577 2226 671 2293 γὰρ
702 2229 726 2278 ὁ
765 2231 932 2293 Κῦρος,
964 2229 1039 2278 καὶ
1074 2227 1131 2295 ἐξ
1161 2227 1353 2290 αἵματος
1394 2231 1645 2293 Περσικοῦ.
1709 2227 1867 2291 σκήπ-

296 2331 422 2359 τεται
461 2308 509 2360 δὲ
547 2311 571 2360 ὁ
609 2309 900 2377 προφητικὸς
944 2311 1053 2374 ἡμῖν
1093 2308 1238 2374 λόγος
1281 2311 1528 2376 μονονουχὶ
1571 2308 1625 2360 τὸ
1665 2313 1868 2375 θρηνεῖν,

298 2391 446 2456 ἤγουν
497 2396 794 2457 καταμειδιᾶν
843 2397 937 2443 τῶν
981 2392 1187 2443 εὐκόλων
1237 2395 1298 2446 εἷς
1348 2391 1530 2443 πτοίαν.
1598 2395 1733 2463 ἀπῇρε
1779 2392 1873 2459 γάρ

298 2480 448 2541 φησιν
493 2481 511 2526 ὁ
557 2477 672 2530 λαός
724 2500 799 2527 σου
847 2476 918 2527 ἐπὶ
969 2474 1028 2526 ‘rga
1073 2476 1136 2545 ὅρη
1184 2480 1261 2526 καὶ
1313 2478 1387 2526 οὐκ
1429 2479 1471 2534 ἦν
1511 2480 1528 2525 ὁ
1570 2471 1869 2544 ἐκδεχόμενος,
1893 2493 1941 2531 25

347 2651 376 2674 1.
401 2641 516 2676 αὐταῖς
533 2652 602 2675 orn.
623 2641 669 2675 D.
719 2640 877 2687 ἐνιέντος]
897 2641 1042 2677 ἀνιέντος
1058 2642 1104 2675 D.
1153 2642 1240 2686 τάχα
1257 2652 1320 2686 pro
1337 2641 1473 2685 ταχεῖαν
1491 2638 1582 2673 Edd.
1715 2651 1747 2675 2.
1773 2641 1871 2676 ἔσον-

297 2687 351 2720 ταί
368 2688 477 2731 φησιν
494 2688 564 2722 inv.
583 2688 704 2722 ordine
723 2689 769 2722 D.
919 2690 998 2731 4—-6.
1025 2687 1314 2734 ἀγαθὸν-φωνήν
1331 2699 1398 2721 om.
1419 2686 1460 2721 Β.
1609 2695 1643 2731 5.
1668 2687 1804 2732 ἀτρεκὲς
1821 2689 1868 2723 D.

297 2733 436 2777 ἀτρεκὴς
452 2737 469 2767 ὁ
486 2736 589 2779 λόγος
607 2735 698 2769 Edd.
1028 2745 1059 2781 7.
1085 2750 1150 2770 σου
1167 2747 1236 2769 om.
1257 2734 1298 2768 B.
1318 2733 1428 2778 (153.)
1478 2733 1634 2777 ἐκοίμησε
1652 2734 1698 2769 D.
1718 2735 1789 2778 (62.
1808 2736 1869 2778 al.)

299 2782 331 2813 8.
348 2781 388 2813 τὰ
406 2793 475 2814 om.
496 2781 531 2814 F.
552 2781 643 2816 Edd.
743 2794 755 2817 1
767 2794 795 2817 1.
814 2782 964 2817 ἀτενίσαι
981 2795 1044 2828 pro
1062 2782 1222 2826 ἀτονῆσαι
1241 2782 1286 2815 D.
1385 2792 1437 2823 14.
1455 2780 1648 2825 ψοφοδείας
1667 2782 1713 2816 D.
1733 2782 1868 2827 Migne.

302 2826 354 2860 16.
381 2827 453 2860 ἀντὶ
470 2828 546 2872 τοῦ]
565 2828 630 2863 ἀπὸ
647 2829 767 2864 τούτου
787 2829 878 2864 Edd.
1169 2838 1221 2873 17.
1247 2828 1410 2872 ἀπόρητοί
1426 2839 1488 2871 pro
1505 2828 1626 2871 ἄποροί
1642 2827 1701 2862 iid.
1749 2829 1869 2873 τέχνας

298 2888 461 2918 στρατηγ.
481 2886 542 2917 pro
559 2877 617 2911 τὰς
634 2891 664 2910 τ.
683 2878 741 2912 τὰς
759 2892 876 2922 στρατ.
894 2876 941 2911 D.
1147 2877 1199 2910 IS.
1226 2874 1387 2917 ἐνύσταξε
1406 2874 1451 2907 lt).
1502 2874 1806 2920 κατεκοιμίσθησαν
1824 2876 1866 2909 Β.

296 2919 584 2963 κατεκοιμήθησαν
603 2923 649 2956 D.
668 2923 759 2957 Edd.
881 2935 934 2959 21.
961 2923 1150 2970 Ἀσσυρίου
1168 2922 1260 2956 Β.Ῐ).
1275 2921 1469 2965 Ἀσσυρίων
1487 2920 1580 2958 Edd.
1710 2932 1765 2966 23·
1793 2921 1870 2966 ἡμῖν

296 2968 314 2999 ὁ
331 2968 541 3047 προφητικὸῖ
558 2968 693 3004 inverso
711 2970 831 3005 ordine
850 2970 896 3005 D.
1127 2981 1180 3010 24.
1207 2969 1398 3013 καταμειδιᾷ
1417 2967 1507 3003 Edd.
1732 2979 1788 3014 25.
1814 2969 1871 3004 ἐπὶ

296 3014 336 3047 τὰ
354 3013 415 3058 ὅρη
433 3025 502 3048 om.
541 3015 569 3049 ).
