2049 3366
97 219 200 243 SION.

150 340 216 363 nas
236 328 299 364 (lat
322 331 397 365 400
420 329 466 373 d;
499 330 713 378 Aegyptum
735 334 856 366 vastat

151 394 227 428 402
249 393 293 438 b;
321 396 396 429 432
418 406 459 438 c;
489 394 671 430 Judaeam
693 401 854 435 vastans,

151 457 197 492 ab
227 455 380 504 Angclo
411 464 576 493 vastatur
606 461 682 494 432
704 472 745 503 e;
788 459 856 494 Sa-

151 521 305 556 mariam
327 522 469 558 invadit
490 525 567 559 490
584 523 623 567 d3
650 522 855 559 Samariam

151 585 261 632 capit,
299 586 590 634 llierosolyman
625 599 700 623 non
733 592 857 634 potest

150 662 283 696 capere
305 653 381 687 579
403 663 444 696 c;
476 653 553 687 659
575 664 609 687 c.

97 712 292 755 Senectus,
327 715 474 751 virtutis
507 716 735 764 praestantia
770 728 854 764 pro-

153 778 269 814 minet
291 782 367 816 229
389 792 422 816 c.

99 842 274 879 Seniores
304 843 341 879 in
371 844 505 892 plateis
534 844 720 890 sedentes,
747 850 859 893 typus

152 907 266 954 pacis
287 914 324 944 et
351 909 568 957 temporalis
594 915 632 945 et
658 909 859 958 spiritualis

155 974 231 1008 716
262 985 283 1008 a
302 986 343 1018 e;
384 973 421 1008 in
450 975 590 1021 templo
618 974 718 1010 idola
744 986 858 1010 vene-

153 1041 291 1078 rantes,
312 1038 359 1073 ab
382 1038 577 1074 Ezechiele
597 1038 664 1074 visi
686 1040 762 1074 815
784 1051 817 1074 a.

100 1099 309 1148 Separatio,
361 1102 619 1138 membrorum
674 1102 858 1144 victimae,

154 1165 243 1213 quid
265 1166 530 1215 significaverit
551 1169 628 1203 835
649 1180 670 1203 a
684 1167 720 1204 b.

100 1231 263 1278 Sephela
283 1231 360 1267 sive
380 1233 598 1279 campestris
617 1232 782 1268 Judaeae
803 1244 859 1268 re-

154 1295 218 1343 gio
249 1295 470 1332 Philistaeos
500 1308 721 1344 possessura
752 1308 860 1344 prae-

155 1359 293 1396 dicitur
314 1363 390 1397 362
412 1373 443 1397 a.

102 1424 255 1472 Septem
308 1437 500 1467 numerus,
548 1430 697 1473 tempus
747 1424 862 1473 Legis

156 1489 344 1537 significat
390 1492 440 1527 60
480 1502 524 1535 e;
573 1489 733 1526 Sanctos
775 1494 861 1525 ante

156 1553 351 1590 Christum
378 1561 496 1596 natos,
517 1554 691 1602 exprimit
719 1556 794 1590 438
816 1566 860 1599 e;

155 1619 423 1666 perfectionem
443 1619 629 1667 significat
650 1621 726 1655 678
749 1618 786 1655 d.

103 1682 364 1731 Septuaginta,
396 1683 626 1734 Interpretes
665 1683 704 1720 S.
737 1682 861 1731 Scrip-

156 1753 274 1790 turae,
321 1748 367 1783 ab
416 1748 600 1783 Hebraeis
651 1747 864 1794 discrepant

159 1814 237 1848 280
258 1825 300 1857 c;
344 1815 421 1848 310
442 1812 487 1857 d;
530 1814 604 1848 401
629 1812 675 1857 d;
718 1814 795 1847 445
818 1812 863 1856 d;

160 1880 235 1913 597
258 1889 299 1921 a;
332 1879 408 1912 803
430 1888 464 1912 e.

106 1941 315 1989 Seraphim,
338 1940 420 1975 Filii
442 1939 688 1987 primogeniti
707 1939 866 1988 gloriam

159 2011 346 2043 testantur
367 2008 443 2041 555
464 2005 499 2041 b.

106 2071 309 2108 Sermones
336 2070 484 2118 pietatis
511 2068 623 2116 pleni,
646 2069 724 2105 sine
751 2069 865 2105 mori-

159 2136 241 2177 bus,
262 2147 329 2182 pro
350 2134 466 2169 nihilo
486 2133 702 2170 aestimatae
724 2136 800 2170 409
822 2134 845 2169 d
856 2147 866 2180 3

160 2212 248 2236 cum
282 2211 371 2235 vero
404 2199 557 2246 pudore,
587 2211 664 2234 non
695 2204 782 2235 sunt
812 2198 866 2234 in-

161 2264 272 2301 utiles
294 2266 371 2300 410
394 2275 424 2299 c.

110 2330 287 2377 Serpens,
300 2327 555 2376 metaphorice
571 2339 638 2375 pro
658 2327 868 2364 calamitate

166 2395 243 2430 306
264 2392 300 2428 d.

110 2458 324 2505 Serpentes,
347 2455 539 2503 pulverem
565 2455 708 2503 lingere
733 2456 867 2497 solent,

165 2521 290 2569 inopia
309 2520 380 2556 cibi
400 2520 582 2568 compulsi
603 2523 676 2556 471
701 2533 732 2556 c.

113 2586 239 2627 Serra,
270 2584 373 2620 nullo
412 2584 572 2621 ducente
609 2597 675 2632 per
708 2597 748 2621 se
778 2584 870 2620 nihil

169 2649 267 2685 valet
289 2650 366 2685 487
388 2660 421 2684 e.

114 2715 261 2755 Serrae,
291 2713 383 2748 rotis
412 2725 587 2749 curruum
616 2713 871 2749 triturantium

167 2778 266 2826 apud
287 2776 404 2826 Syros
424 2777 555 2813 affixae
577 2779 653 2813 254
675 2789 707 2814 e.

113 2842 233 2884 Servi,
273 2854 320 2878 ex
359 2841 503 2877 Judaea
537 2841 666 2888 empti,
701 2853 723 2876 a
751 2840 872 2888 Tyriis

168 2906 439 2943 mercatoribus
452 2905 744 2954 deportabantur
752 2906 773 2940 2
780 2907 828 2941 36
837 2905 871 2942 d.

116 2971 264 3012 Servus,
294 2970 378 3012 Dei,
418 2969 479 3017 qui
513 2969 572 3011 sit,
611 2969 673 3017 qui
705 2982 780 3006 non
812 2969 872 3011 sit,

174 3045 265 3074 VOL.
288 3045 334 3074 ΙΙ.

638 208 847 245 INDEX
907 209 1149 246 RERUM.

1607 214 1682 247 745

981 331 1169 367 conversis
1252 330 1364 366 corde

983 397 1059 431 864
1082 409 1115 432 a.

929 460 1105 501 Shallum,
1125 460 1205 496 Rex
1226 465 1372 495 creatus
1395 461 1415 495 7
1437 459 1475 495 d.

1457 329 1685 378 patefactum

929 523 1099 565 Sibilare,
1139 537 1213 571 quo
1252 536 1364 559 sensu
1404 524 1506 558 Deus
1544 522 1689 558 dicatur

984 590 1054 624 751
1081 601 1100 623 c
1121 588 1158 624 d.

929 651 1113 693 Sibilatio,
1146 652 1349 689 insolenter
1376 650 1689 699 triumphantium

982 722 1039 752 est
1059 719 1137 752 604
1159 717 1192 753 d.

930 780 1068 816 Sicima
1090 783 1148 827 (1)
1173 781 1351 829 oppidum
1368 779 1688 816 Chanaanitarum

983 857 1077 893 quae
1106 858 1215 893 passa
1252 846 1298 881 sit
1330 858 1396 893 per
1429 845 1524 880 filios
1554 843 1691 880 Jacobi

988 913 1060 946 104
1083 922 1128 956 a;
1164 912 1237 947 107
1260 923 1293 946 a.

930 974 1069 1011 Sicima
1084 976 1142 1021 (2)
1158 975 1335 1022 oppidum
1349 979 1453 1010 trans
1467 972 1689 1013 Jordamem,

983 1039 1183 1075 nonnullos
1199 1039 1245 1075 ab
1261 1037 1470 1074 idololatria
1489 1049 1691 1073 conversos

983 1103 1096 1139 habet
1120 1106 1193 1140 102
1215 1104 1262 1148 d;
1298 1106 1371 1140 104
1392 1115 1433 1147 e;
1466 1115 1559 1150 quae
1583 1113 1693 1149 passa

983 1168 1031 1204 sit
1043 1181 1108 1216 per
1116 1168 1398 1204 Galaaditarum
1410 1167 1562 1203 insidias
1576 1168 1648 1202 103
1658 1177 1691 1201 e.

931 1232 1050 1281 Signa
1088 1233 1186 1280 apud
1224 1246 1293 1268 nos
1331 1238 1519 1280 operatur,
1556 1231 1585 1266 si
1617 1242 1693 1265 non

984 1302 1122 1345 aperte,
1149 1296 1391 1345 spiritualiter
1418 1302 1559 1336 tamen,
1590 1294 1694 1330 Deus

987 1364 1062 1398 780
1086 1374 1120 1397 a.

932 1425 1190 1474 Signaculum,
1243 1425 1290 1461 de
1335 1424 1488 1460 Christo
1537 1423 1691 1463 dictum,

985 1489 1088 1537 quasi
1109 1489 1155 1525 de
1176 1501 1355 1538 expressa
1377 1488 1500 1524 Patris
1521 1487 1694 1535 Imagine

987 1556 1064 1590 650
1086 1565 1118 1589 e.

934 1618 1106 1666 Signum,
1131 1617 1274 1659 Crucis,
1305 1617 1453 1665 insigne
1482 1621 1540 1653 est
1567 1615 1694 1651 Eccle-

987 1682 1063 1718 siae
1087 1684 1161 1718 751
1185 1694 1205 1717 c
1225 1694 1259 1717 e.

933 1746 1087 1782 Simeon
1118 1751 1156 1781 et
1185 1745 1289 1785 Levi,
1319 1746 1409 1793 quid
1437 1750 1569 1782 contra
1598 1742 1694 1780 Sici-

986 1810 1099 1845 mitas
1119 1809 1275 1846 fecerint
1300 1813 1373 1846 104
1395 1822 1428 1845 a.

936 1874 1090 1910 Simeon
1107 1887 1234 1916 senex,
1251 1875 1339 1922 quid
1354 1875 1400 1911 de
1416 1874 1569 1911 Christo
1589 1886 1696 1922 prae-

990 1939 1125 1974 dixerit
1146 1941 1223 1976 680
1245 1951 1278 1976 e.

937 2003 1179 2047 Simeonitae‚
1200 2004 1238 2039 in
1253 2004 1399 2052 judices
1418 2004 1526 2040 electi
1546 2003 1697 2039 fuerunt

991 2067 1207 2115 saepissime
1236 2070 1311 2105 785
1333 2081 1377 2110 e;
1410 2069 1537 2116 quales
1558 2068 1698 2104 fuerint

993 2134 1070 2168 786
1091 2145 1124 2168 a.

936 2196 1152 2233 Similitudo
1179 2209 1327 2233 morum
1357 2197 1546 2234 societatis
1566 2196 1695 2233 vincu-

991 2262 1069 2297 lum
1091 2264 1167 2298 276
1189 2274 1221 2297 c.

940 2326 1177 2374 Simplicitas,
1199 2326 1352 2362 absente
1377 2326 1575 2374 prudentia
1603 2326 1696 2362 stul-

991 2391 1073 2426 titia
1093 2396 1149 2426 est
1169 2393 1241 2427 113
1257 2391 1279 2427 b
1295 2404 1303 2436 ;
1332 2391 1540 2440 Prophetae
1559 2391 1695 2431 Jonae,

992 2455 1191 2491 infantium
1211 2455 1439 2504 simplicitati
1459 2462 1696 2504 eomparatur

999 2522 1076 2557 387
1099 2520 1134 2556 d.

940 2584 1044 2626 Sina,
1089 2585 1216 2626 Mons,
1257 2584 1415 2620 Divinae
1461 2584 1698 2622 revelationis

994 2649 1101 2685 sedes
1147 2651 1223 2686 310
1262 2662 1304 2693 a;
1353 2654 1528 2685 votorum
1570 2649 1698 2696 populi

994 2713 1097 2749 locus
1119 2715 1167 2749 49
1189 2713 1236 2758 b;
1268 2713 1458 2749 servitutis
1484 2713 1697 2761 symbolum

997 2779 1072 2814 782
1094 2790 1128 2813 a.

943 2841 1114 2882 Sinistra,
1136 2841 1313 2877 stultitiae
1333 2846 1444 2889 typus
1467 2843 1539 2878 771
1563 2853 1596 2877 e.

943 2905 1046 2948 Sion,
1066 2918 1189 2948 mons,
1209 2905 1288 2953 ipse
1308 2917 1329 2941 a
1352 2905 1427 2941 suis
1447 2911 1696 2954 contemptuS,

997 2970 1105 3006 idolis
1131 2970 1366 3018 posthabitus
1398 2973 1469 3007 311
1499 2984 1541 3017 c3
1574 2971 1699 3007 Eccle-

1173 3043 1241 3087 5C
