1997 3361
92 132 234 191 i.2‚3.
467 142 542 183 IN
590 145 1009 189 SOPHONIAM.
1071 152 1221 192 TUM.
1261 154 1290 193 1.
1586 160 1658 198 171

89 242 275 310 λόγους,
319 251 393 300 καὶ
434 252 588 309 μέντοι
627 258 702 305 καὶ
744 258 981 322 γνώστας·
1023 261 1104 311 οὐκ
1145 263 1448 328 εὐαρίθμητόν
1482 287 1530 314 τε
1569 271 1662 316 τῶν

87 335 332 390 τεμενιτῶν
366 334 656 404 ἀποσφάξας
690 339 894 402 πληθὺν,
928 342 976 391 ἐν
1016 347 1110 396 τοῖς
1149 349 1241 394 τῶν
1279 346 1484 396 εἰδώλων
1522 349 1655 398 κατέ-

86 429 232 460 καυσε
256 417 449 475 βωμοῖς·
491 418 723 486 ἀνέτρεφέ
751 444 800 470 τε
836 420 888 472 τό
927 424 1264 491 θυσιαστήριον
1294 432 1388 477 τῶν
1413 428 1660 490 δαμάλεων

84 495 138 540 τὸ
163 493 210 542 ἐν
235 495 434 559 Βαιθὴλ,
465 496 490 548 ὃ
515 502 762 565 πεποίηκεν
788 505 1048 569 Ἱεροβοάμ.
1104 508 1256 572 ἐπειδὴ
1284 508 1330 559 δὲ
1355 508 1412 573 ἦν
1438 511 1658 578 φιλόθεος
1677 534 1698 558 (3

43 585 65 624 5
84 573 203 624 οὕτω
241 578 314 627 καὶ
351 578 541 644 ἀγαθὸς,
567 583 824 636 ἀνεβάλετο
863 586 948 650 τὴν
981 588 1141 653 ὀργὴν,
1169 594 1243 641 καὶ
1283 590 1414 642 οὐδὲν
1449 593 1656 659 ἐπήγαγε

82 659 176 705 τῶν
197 664 652 726 προεπηγγελμένων
673 667 696 715 ὁ
719 666 854 721 Θεός.
911 670 1066 733 ἐπειδὴ
1094 671 1140 722 δὲ
1166 675 1342 733 (ἐπεβίω
1363 676 1437 725 καὶ
1456 676 1656 740 Ἰωσίας,

80 740 418 798 βεβασίλευκεν
458 745 668 813 Ἰωάχαζ,
713 747 766 799 ὃν
807 751 1091 818 ἐχειρώσατο
1138 754 1313 820 Φαραὼ
1360 757 1531 825 Νεχαὼ
1580 762 1656 810 καὶ

81 819 274 883 δέσμιον
310 826 576 891 ἐποιήσατο,
602 834 659 897 τῇ
694 834 775 894 τῆς
812 837 1062 894 βασιλείας
1094 841 1410 906 στεφανώσας
1437 847 1546 911 τιμῇ
1572 843 1655 895 τὸν

79 901 313 970 Ἰεχονίαν,
338 908 523 960 Ἰωσίου
556 911 703 962 πάλιν
743 914 840 965 υἱὸν
875 917 1099 983 δεύτερον,
1130 920 1184 970 οὗ
1222 920 1277 985 δὴ
1315 925 1654 982 βασιλεύοντος

6 1003 60 1028 '10
79 987 450 1052 κατεστράτευσε
485 995 566 1055 τῆς
601 994 826 1050 Ἰουδαίας
860 999 885 1048 ὁ
918 1002 1364 1070 Ναβουχοδονόσορ,
1405 1005 1453 1059 ὃς
1490 1012 1653 1058 πᾶσαν

77 1068 384 1136 καταδῃώσας
409 1071 494 1136 τὴν
519 1075 678 1141 χώραν
705 1076 806 1128 εἷλέ
823 1102 873 1130 τε
899 1080 957 1131 τὰ
973 1082 1295 1149 Ἱεροσόλυμα,
1324 1091 1396 1137 καὶ
1423 1087 1505 1138 τὸν
1530 1093 1652 1140 θεῖον

76 1149 319 1214 ἐμπρήσας
360 1153 483 1217 ναὸν,
529 1157 645 1219 ὁμοῦ
684 1164 778 1213 τοῖς
823 1164 957 1227 ἱεροῖς
1006 1166 1197 1217 σκεύεσι
1242 1169 1525 1234 δορίληπτον
1569 1171 1650 1222 τὸν

74 1229 255 1282 Ἰούδαν
286 1237 361 1285 καὶ
392 1235 473 1286 τὸν
500 1241 718 1301 Βενιαμὶν
742 1242 1027 1308 ἀπεκόμισεν
1053 1251 1114 1300 εἷς
1139 1248 1224 1313 τὴν
1248 1251 1426 1302 ἑαυτοῦ.
1486 1255 1648 1305 εἰδέναι
1667 1259 1693 1298 d

74 1310 122 1362 δὲ
145 1314 409 1380 ἀναγκαῖον,
439 1318 508 1369 ὅτι
539 1322 613 1371 καὶ
647 1321 730 1377 τὰς
765 1329 858 1375 τῶν
889 1328 1185 1397 ἀλλοφύλων
1213 1331 1388 1396 πόλεις,
1415 1333 1497 1388 τὰς
1531 1335 1649 1402 πρὸς

7 1409 53 1448 15
73 1397 130 1462 τῇ
175 1396 386 1467 θαλάττῃ
429 1403 649 1467 κειμένας,
692 1404 844 1472 Γάζαν
884 1409 938 1459 τέ
971 1414 1091 1478 φημι
1130 1415 1204 1463 καὶ
1244 1414 1534 1467 Ἀσκάλωνα
1573 1421 1648 1469 καὶ

72 1476 227 1543 ἑτέρας
265 1478 357 1531 σὺν
401 1484 570 1547 αὐταῖς,
610 1487 896 1550 Ἰδουμαίους
939 1515 988 1543 τε
1029 1497 1103 1544 καὶ
1142 1495 1452 1560 Ἀμμανίτας,
1496 1500 1524 1563 ἡ
1563 1506 1646 1551 τοῦ

72 1561 377 1620 Βαβυλωνίου
426 1567 649 1632 σκαιότης
695 1571 981 1642 συντέτριφέ
1023 1598 1072 1626 τε
1124 1579 1199 1627 καὶ
1250 1579 1426 1644 διέθηκε
1479 1587 1643 1636 κακῶς.

70 1641 368 1707 διαμέμνηται
396 1647 489 1714 γὰρ
516 1651 590 1699 καὶ
615 1651 782 1703 τούτου
807 1657 889 1717 τῆς
914 1659 1201 1726 προφητείας
1229 1661 1253 1710 ὁ
1279 1660 1437 1727 λόγος.

62 1883 281 1936 Ἐκλείψει
311 1887 526 1933 ἐκλιπέτω
563 1895 702 1937 Πάντα
734 1897 818 1939 ἀπὸ
845 1899 1079 1956 προσώπου
1110 1905 1186 1943 nic
1218 1908 1305 1956 Γῆς,
1332 1907 1444 1953 λέπει
1474 1907 1633 1964 Κύριος·
1657 1922 1679 1951 2

1 1977 49 2003 20
132 1967 346 2012 ἐκλιπέτω
363 1972 591 2031 ἅνθρωπος
613 1978 681 2019 καὶ
704 1982 846 2032 κτύνΗ,
868 1982 1082 2025 ἐκλιπέτω
1103 1986 1153 2026 τὰ
1172 1988 1344 2029 πετεινὰ
1367 1992 1438 2031 τοῦ
1457 1991 1638 2047 οὐρανοῦ
1657 2003 1677 2037 3

132 2051 200 2091 καὶ
236 2052 274 2094 οἱ
312 2052 446 2110 ἰχθύες
483 2061 559 2099 wic
593 2062 823 2115 θαλάσσΗε,
851 2065 918 2105 καὶ
956 2066 1260 2111 ἀσθενήσουσιν
1292 2070 1329 2112 οἱ
1362 2071 1540 2124 ἀσεβεῖς,
1570 2075 1634 2115 καὶ
1655 2092 1676 2117 e

129 2131 271 2191 έὲαρώ
295 2137 393 2178 τοὺς
418 2138 602 2189 ἀνόμους
629 2143 714 2185 ἀπὸ
740 2146 974 2202 προσώπου
1000 2153 1076 2191 τῆς
1104 2154 1191 2201 Γιὲε,
1218 2153 1329 2200 λέΓει
1358 2155 1519 2212 Κύριος.

135 2244 218 2298 Ὠς
257 2245 427 2312 ἐρήμου
466 2257 709 2307 παντελῶς
755 2256 978 2322 ἐσομένης
1023 2261 1176 2315 αὐτοῖς
1225 2265 1306 2325 τῆς
1350 2265 1518 2331 χώρας,
1561 2269 1636 2318 καὶ

112 2439 140 2463 1.
164 2429 275 2473 μέντοι
293 2444 335 2466 ex
353 2433 394 2468 E.
412 2435 603 2477 Aubertus‚
623 2439 675 2472 καὶ
693 2441 750 2474 alt.
769 2453 809 2475 ex
829 2442 916 2478 RE.
934 2446 1189 2491 assumpsimus
1208 2448 1283 2492 ipsi.
1518 2464 1550 2497 3.
1576 2453 1632 2487 ἀν-

63 2473 184 2520 έτρεψε
204 2477 289 2513 Β.Ε.
306 2479 498 2527 ἀνέστρεψε
518 2483 607 2518 Edd.
658 2501 694 2519 τε
711 2499 780 2521 orn.
801 2488 841 2522 E.
1080 2505 1112 2535 4.
1137 2494 1175 2527 τὸ
1194 2494 1280 2528 Β.Ε.
1298 2499 1363 2529 τῶν
1380 2496 1471 2531 Edd.
1522 2500 1606 2543 Βεθὴ

63 2520 141 2564 (sic)
160 2522 250 2558 Edd.
311 2528 474 2571 φιλόθεος
490 2529 576 2564 οὕτω
594 2531 659 2566 hoc
678 2533 798 2569 ordine
817 2535 904 2570 Β.Ε.
1184 2550 1216 2584 5.
1242 2542 1293 2574 καὶ
1312 2542 1436 2588 ἀγαθὸς
1453 2554 1632 2591 assumpta

63 2577 103 2600 ex
121 2568 207 2604 B.E.
270 2572 478 2613 ἀνεβάλλετο
498 2577 539 2611 Ε.
831 2582 863 2616 6.
887 2586 1212 2630 προεπηγγελμένων
1230 2587 1271 2622 Ε.
1288 2592 1570 2635 προηγγελμένων
1590 2594 1630 2628 Β.

61 2610 285 2660 ἧπειλημένων
304 2619 394 2655 Edd.
443 2622 515 2657 ἐπεὶ
532 2624 567 2658 δὲ
587 2624 628 2659 Β.
853 2637 883 2672 7.
907 2628 1047 2676 Ἰωαχας
1065 2632 1105 2666 Ε.
1328 2647 1380 2670 10.
1406 2639 1423 2670 ὁ
1441 2640 1630 2684 assumpsit

61 2670 102 2693 ex
120 2661 160 2696 E.
177 2664 270 2699 Aub.
295 2665 390 2700 deest
414 2668 450 2702 in
477 2669 518 2704 B.
567 2670 604 2707 ὃς
627 2674 742 2708 πᾶσαν
766 2676 983 2718 καταδῃώσας
1006 2678 1066 2721 τὴν
1089 2681 1202 2723 χώραν
1227 2683 1416 2727 assumpsit
1441 2695 1482 2717 ex
1507 2686 1627 2720 eodem

62 2705 102 2739 E.
119 2707 211 2743 Aub.
229 2710 265 2746 ὃς
281 2723 350 2747 om.
370 2714 413 2748 B.
655 2731 705 2754 11.
731 2735 766 2754 τε
784 2724 1038 2767 assumpsimus
1057 2736 1098 2758 ex
1117 2726 1202 2761 B.E.
1451 2742 1502 2765 12.
1529 2733 1628 2777 δορύ-

61 2752 187 2795 ληπτον
204 2756 295 2793 Edd.
566 2775 618 2810 13.
643 2764 754 2801 Ἰουδα
772 2767 812 2801 Ε.
1073 2783 1124 2814 14.
1150 2773 1329 2818 ἀναγκαῖον
1347 2775 1433 2811 Β.Ε.
1451 2778 1516 2822 χρὴ
1535 2779 1627 2815 Edd.

65 2807 115 2842 15.
140 2800 297 2848 θαλάσσῃ
314 2805 374 2840 iid.
612 2812 664 2846 16.
689 2813 819 2859 ἑτέρας]
843 2818 880 2855 -4-
902 2815 938 2849 δε
955 2817 1043 2861 φημι
1062 2818 1103 2852 Ε.
1345 2832 1396 2867 17.
1423 2824 1629 2871 συντέτριφέ

60 2857 96 2877 τε
113 2845 197 2882 B.E.
215 2851 399 2898 συνέτριψε
417 2853 509 2890 Edd.
560 2857 659 2894 Quae
679 2866 874 2905 sequuntur
895 2862 947 2895 καὶ
973 2863 1101 2906 διέθηκε
1119 2869 1225 2902 κακῶς
1242 2869 1430 2913 assumpsit
1446 2871 1626 2908 Aubertus

61 2901 101 2924 ΕΧ
120 2891 189 2983 ξ(
285 2944 323 2987 l)
400 2912 451 2945 19.
479 2902 640 2939 ἐκλιπέτω
658 2905 748 2950 (ter)
768 2907 808 2941 Β.
829 2907 1008 2943 ἐκλειπέτω
1029 2911 1108 2945 E.F.
1128 2912 1218 2946 Edd.
1280 2916 1386 2949 πάντα
1405 2926 1625 2964 assumptum

61 2947 100 2970 ex
152 2965 158 2973 ·
194 2951 246 2976 22.
266 2955 284 2978 a
301 2971 307 2977 -

811 3022 877 3049 ZZ
