1997 3361
85 173 140 213 iii.
168 186 230 227 19,
249 187 314 216 20.
450 176 521 216 IN
569 177 985 221 SOPIIONIAM.
1046 181 1195 221 TOM.
1232 181 1290 221 Il.
1577 184 1660 222 239

82 282 213 346 ἡμῶν
251 284 289 334 ἐν
327 284 435 348 ἡμῖν
468 289 686 351 πεποίηκε
723 289 952 352 θαύματα.
1021 291 1250 342 σέσωσται
1287 290 1371 354 μὲν
1409 290 1500 356 γὰρ
1529 292 1555 354 ἡ
1588 293 1660 342 ἐκ-

80 366 367 434 πεπιεσ-μένη,
415 367 668 431 τουτέστιν,
713 371 740 434 ἡ
784 373 1066 437 τεθλιμμένη
1118 372 1229 424 ποτὲ
1273 378 1365 424 τῶν
1409 380 1654 437 πεπλανη-

78 447 229 510 μένων
254 447 452 513 πληθὺς,
480 452 551 501 καὶ
588 456 650 506 εἷς
684 459 821 504 τοῦτο
848 454 1015 506 λοιπὸν
1042 457 1316 521 ἐνηνεγμένη
1343 457 1659 521 ταλαιπωρίας

79 529 168 580 ὑπὸ
206 536 288 581 τοῦ
327 533 697 589 καταπιέσαντος
732 542 929 599 σατανᾶ,
967 541 1028 591 ὡς
1065 543 1229 589 πᾶσαν
1265 539 1434 601 ἰκμάδα
1465 537 1658 604 ζωτικὴν
1677 543 1702 583 b

39 613 355 673 5ἀποβαλεῖν·
403 615 560 680 νεκρὸς
599 616 692 683 γὰρ
732 625 836 672 νοῦς
876 621 900 669 ὁ
938 620 1254 683 πλανώμενος·
1309 619 1659 684 εἰσδεχθήσεται

80 697 128 748 δὲ
166 699 241 748 καὶ
279 699 307 762 ἡ
345 701 586 768 ἁπωσμεβνη
621 707 715 753 τῶν
740 705 976 756 Ἰουδαίων
1012 705 1290 771 Συναγωγή.
1349 704 1657 775 πεπαρῴνηκε

78 779 162 842 μὲν
189 780 282 847 γὰρ
308 785 370 835 εἷς
395 783 627 849 Χριστόν·
669 786 885 855 ταύτῃτοι
919 789 995 838 καὶ
1034 789 1216 841 δικαίως
1255 787 1561 851 ἀπόπεμπτος
1587 787 1657 852 ἦν,

78 864 153 913 καὶ
177 862 454 929 παρώλισθε
486 869 568 929 τῆς
601 869 804 930 ἐλπίδος,
832 872 906 920 καὶ
938 873 1019 933 τῆς
1054 874 1115 923 εἷς
1143 871 1357 936 Χριστὸν
1383 870 1656 935 οἰκειότητος

77 945 430 1014 ἀπενοσφίζετο·
472 948 599 1012 πλὴν
624 950 814 1013 ήλεήται
839 955 913 1002 καὶ
938 951 1066 1016 αὐτή·
1105 952 1394 1017 κληθήσεται
1420 954 1513 1019 γὰρ
1538 953 1655 1019 πρὸς

13 1049 59 1073 10
75 1027 374 1092 μετάγνωσιν
412 1033 486 1080 καὶ
523 1035 583 1084 εἷς
618 1031 704 1095 τὴν
743 1033 817 1083 διὰ
856 1033 1061 1087 πίστεως
1099 1033 1330 1100 κάθαρσιν
1362 1037 1409 1085 ἐν
1439 1035 1656 1102 ἐσχάτοις

75 1114 156 1159 τοῦ
199 1113 362 1164 αἰῶνος
406 1118 593 1178 καιροῖς.
662 1114 851 1165 ε”σονται
890 1115 946 1180 δὴ
988 1117 1068 1166 οῦν
1106 1122 1165 1171 εἰς
1206 1118 1428 1185 καύχημα
1463 1120 1537 1169 καὶ
1574 1125 1656 1169 ὀνο-

76 1196 241 1258 μαστοὶ
278 1195 352 1243 καὶ
387 1194 613 1261 αἰσχύνης
650 1199 712 1250 ὡς
748 1196 992 1248 ἀπωτάτω.
1062 1199 1190 1249 αὐτοὶ
1217 1198 1264 1249 δὲ
1292 1198 1348 1262 δὴ
1375 1200 1505 1262 τίνες,
1532 1199 1559 1265 ἢ
1586 1200 1655 1252 ὅτι

75 1271 262 1327 πάντως
309 1278 352 1324 οἱ
403 1275 485 1326 δύο
534 1281 639 1327 λαοὶ
691 1279 774 1329 οὐκ
822 1280 887 1330 ε”τι
938 1280 1214 1348 διῃρημένοι,
1254 1283 1328 1331 καὶ
1374 1282 1695 1345 ἀσύμβατονο

76 1353 257 1421 ἔχοντες
293 1356 524 1421 ἀλλήλοις
556 1358 640 1423 τὴν
671 1360 876 1426 γνώμην,
902 1364 976 1413 καὶ
1013 1363 1341 1428 μεμερισμένοι
1367 1362 1485 1429 πρὸς
1512 1364 1654 1433 δόξας

11 1455 57 1493 15
76 1435 159 1490 τὰς
192 1439 263 1488 ἐπὶ
296 1441 416 1508 Θεῷ,
444 1440 564 1491 καθὰ
604 1444 677 1493 καὶ
715 1442 882 1494 πάλαι·
925 1446 1034 1495 ἀλλ’
1075 1443 1253 1509 ἑνότητι
1292 1449 1349 1514 τῇ
1388 1445 1462 1497 διὰ
1503 1449 1654 1497 Πνεύ-

74 1541 220 1580 ματος
256 1521 305 1570 εὖ
342 1520 475 1584 μάλα
513 1525 878 1591 κατεσφιγμένοι
916 1525 1033 1593 πρὸς
1072 1528 1341 1596 ὁμοψυχίαν
1372 1551 1420 1578 τε
1455 1527 1551 1592 ἅμα
1579 1531 1652 1580 καὶ

75 1601 371 1665 ὁμοπιστιάν.
436 1604 696 1671 γέγραπται
739 1606 832 1673 γὰρ
883 1608 952 1659 ὅτι
1003 1617 1029 1639 “
1049 1614 1148 1661 Τοῦ
1198 1609 1245 1661 δὲ
1295 1610 1508 1675 πλήθους
1559 1616 1652 1662 τῶν
1714 1612 1803 1696 ἓξὲξ
1817 1612 1871 1686 ᾗδ-

74 1689 103 1711 “
127 1684 484 1737 πιστευσάντων
523 1686 581 1751 ἦν
619 1689 646 1753 ἡ
678 1692 843 1755 καρδία
884 1693 957 1742 καὶ
998 1692 1024 1755 ἡ
1063 1691 1198 1760 ψυχὴ
1237 1693 1359 1755 μία.”
1425 1693 1576 1744 ε”κτισε
1604 1694 1652 1745 δε
1718 1708 1768 1738 32·

74 1766 149 1816 καὶ
188 1767 213 1816 ὁ
250 1767 463 1832 Χριστὸς
497 1769 647 1825 είτοὺς
687 1771 768 1822 δύο
807 1773 950 1827 λαοὺς
981 1778 1043 1828 εἱς
1081 1774 1160 1824 ἕνα
1198 1775 1355 1825 καινὸν
1391 1776 1651 1841 ἄνθρωπον,
1716 1797 1800 1838 Eph
1816 1798 1851 1830 ii.

76 1854 102 1877 ‘⁶
125 1853 271 1899 ποιῶν
317 1850 513 1916 εἰρήνην,
555 1857 629 1905 καὶ
673 1854 1127 1907 ἀποκαταλλάσσων
1172 1857 1463 1925 ἀμφοτέρους
1502 1861 1550 1909 ἐν
1589 1861 1652 1910 ἑνὶ
1719 1849 1767 1880 15'
1790 1840 1837 1873 16.

75 1937 102 1960 “
125 1931 388 1994 πνεύματι,”
417 1933 537 1984 καθὰ
563 1933 838 2002 γέγραπται.
907 1942 944 1989 εὶ
983 1938 1038 2003 δὴ
1079 1940 1159 1990 οῦν
1196 1939 1403 2006 γε’νοιντο
1442 1939 1652 2006 ζηλωτοὶ,
1674 1955 1701 1995 d

72 2011 176 2063 τότε
219 2012 275 2076 δὴ
315 2014 501 2069 πάντως
538 2018 1015 2082 καταισχυνθήσεσθαί
1049 2025 1172 2090 φησι
1211 2021 1317 2075 τοῦς
1355 2021 1562 2089 ἐχθροὺς,
1600 2021 1653 2073 τὸ

73 2097 154 2158 τῆς
189 2095 405 2160 δοθείσης
444 2099 652 2154 εὐκλείας
689 2102 884 2166 μέγεθος
923 2103 1321 2168 κατατεθηπότας,
1366 2107 1441 2155 καὶ
1479 2103 1533 2156 τὸ
1572 2108 1654 2168 τῆς

74 2176 311 2243 εὐημερίας
338 2179 639 2245 ἀκράδαντον,
667 2185 741 2233 καὶ
779 2186 861 2248 τῆς
899 2186 1090 2239 ἐλπίδος
1123 2186 1176 2236 τὸ
1208 2186 1427 2249 βεβηκός.
1496 2187 1582 2238 ’ίδοι
1608 2189 1651 2238 δ’

11 2285 57 2323 25
74 2254 133 2308 ἄν
170 2281 238 2313 τις
275 2282 352 2311 και
389 2262 446 2330 ἐξ
475 2263 626 2314 αὐτῶν
649 2264 752 2361 ἠδη
790 2270 885 2316 τῶν
922 2267 1215 2334 πραγμάτων
1239 2271 1394 2333 ἀληθῆ
1429 2269 1513 2333 τὴν
1540 2269 1653 2321 ὑπό-

75 2363 259 2408 σχεσιν.
300 2343 580 2412 δεδόξασται
603 2368 697 2412 γαρ
723 2347 750 2410 ἡ
777 2348 1042 2412 Ἐκκλησια
1063 2353 1292 2415 Χριστοῦ,
1318 2373 1392 2401 και
1420 2357 1653 2418 λαμπρῶν

77 2423 357 2491 αὐχημάτων
380 2427 628 2487 ἐπίμεστος
654 2429 776 2479 οὖσα
802 2429 1080 2495 θαυμάζεται
1104 2431 1232 2498 παρὰ
1259 2432 1463 2485 πάντων.
1524 2433 1653 2498 πλὴν

77 2506 211 2572 ὀριζει
237 2508 312 2557 καὶ
337 2506 419 2558 τὸν
450 2532 623 2575 καιρον,
650 2510 757 2561 καθ’
787 2509 839 2561 ὀν
877 2510 936 2562 τὰ
970 2511 1122 2563 τοιάδε
1161 2513 1478 2577 συμβήσεται·
1521 2517 1558 2566 ἐν
1592 2523 1653 2586 τῷ

79 2593 211 2657 κοιιρῷ
249 2587 342 2654 γάρ
381 2597 531 2658 φησιν
567 2592 666 2642 ’ὅταν
707 2590 973 2661 εἱςὸεχωμοιι
1013 2597 1148 2661 ὑμᾶς.
1221 2597 1274 2646 οὐ
1308 2596 1401 2662 γὰρ
1437 2595 1529 2663 πρὸ
1571 2602 1653 2662 τῆς

10 2695 58 2730 30
75 2669 276 2724 πίστεως
307 2670 366 2722 τὰ
399 2672 516 2735 μετὰ
546 2679 631 2738 τὴν
661 2675 837 2737 πίστιν,
868 2675 965 2739 μετ’
994 2675 1136 2740 αὐτὴν
1171 2676 1218 2728 δὲ
1257 2682 1447 2740 μᾶλλον
1487 2680 1649 2731 νοοῖντ’
1671 2701 1692 2726 e

124 2858 157 2894 5.
181 2853 294 2896 νεκρὸς
312 2853 405 2888 B.D.
423 2855 540 2899 μικρὸς
558 2855 649 2889 Edd.
699 2855 957 2901 εἷσδεχθῆσεται
980 2857 1025 2890 D.
1030 2857 1064 2890 b.
1083 2857 1272 2903 εἰσδέχεται
1292 2859 1333 2893 Β.
1353 2859 1444 2894 Edd.
1543 2870 1573 2906 7.
1599 2876 1651 2895 τοι

78 2905 298 2942 assumptum
315 2911 355 2933 ex
376 2900 417 2934 B.
548 2913 561 2936 1
573 2913 600 2935 1.
625 2905 684 2936 τοῦ
702 2903 819 2938 αἰῶνος
839 2903 879 2936 Β.
883 2903 917 2937 b.
935 2908 1001 2937 τῶν
1017 2904 1142 2938 αἰώνων
1160 2905 1434 2941 Edd.12.
1460 2922 1546 2943 τινες
1563 2907 1581 2951 ἢ
1600 2908 1650 2942 ὅτι

78 2942 207 2979 πάντως
226 2945 267 2978 Β.
285 2961 371 2982 τινες
388 2946 406 2990 ἢ
424 2949 543 2984 πάντες
562 2949 653 2983 Edd.
788 2961 842 2984 21.
860 2950 1021 2994 πνεύματι
1038 2951 1167 2985 habent
1186 2952 1228 2986 B.
1234 2953 1278 2986 D.
1294 2965 1311 2986 e
1328 2965 1399 2987 ver.
1417 2954 1468 2988 18.
1484 2954 1527 2988 cf.
1548 2967 1653 3000 Supra

81 2998 123 3030 52
142 3001 171 3024 e.
190 2990 280 3026 infra
298 3002 363 3037 734
381 3005 411 3027 a.
508 3006 562 3037 24.
588 2994 652 3029 ἴδοι
673 2995 766 3031 B.D.
784 2995 837 3040 ιδῃ
857 2996 948 3031 Edd.
1046 3007 1100 3043 25.
1128 2998 1235 3043 ἀληθῆ
1255 3000 1302 3034 D.
1321 2999 1411 3034 Edd.
1430 3001 1563 3045 ἀληθῶς
1582 3002 1623 3036 Β.
