2007 3387
356 192 441 235 310
750 197 799 236 B.
839 195 1113 236 CYRILLI
1155 196 1542 238 ALEXANDR.
1714 198 1754 237 ii.
1783 206 1931 236 10—12.

169 308 205 338 Τ·
478 305 490 320 ἱ
632 304 643 320 Χ
733 312 759 333 ‘c
790 306 811 321 Ν
926 307 936 321 5
1001 308 1014 324 x
1078 307 1088 321 9
1308 307 1320 324 Ι
1486 312 1505 321 Α
1584 311 1602 319 Ᾱ
1729 307 1752 322 ἱ,
1803 306 1824 322 ‚l

134 316 177 381 fii.
198 319 252 392 {¹¹3⁸-
355 327 524 368 νοητην
563 309 697 366 Σιων,
779 328 877 369 ητις
915 328 1044 357 εστιν
1095 310 1346 370 Εκκλησια
1381 310 1506 358 Θεου
1545 306 1727 373 ζωντος,
1789 328 1935 371 ηγουν

356 388 431 437 καὶ
465 385 579 450 αὐτὴ
611 391 704 437 τῶν
736 386 810 438 διὰ
844 389 1049 442 πίστεως
1083 388 1407 450 σεσωσμένων
1433 389 1461 452 ἡ
1489 387 1710 455 ἱερωτάτη
1734 388 1933 451 πληθύς.

355 468 767 534 κατεπηγγέλλετο
803 469 865 532 δὲ,
908 470 978 521 ὅτι
1025 473 1100 522 καὶ
1141 471 1241 540 ἥξει
1282 474 1356 522 καὶ
1397 470 1531 522 ἔσται
1575 470 1631 535 δὴ
1669 470 1856 522 πάντως
1898 474 1935 520 ἐν

132 557 278 631 Γιῦἕῆῐῑ
353 550 475 618 μέσῳ
509 551 666 613 αὐτῆς.
734 552 843 615 ἡμῖν
882 552 976 618 γοῖρ
1019 558 1171 620 φησιν
1210 555 1234 604 ὁ
1274 553 1526 607 θεσπέσιος
1557 552 1776 615 Ἰωάννης
1807 550 1935 601 “Ἐν

353 639 381 660 “
404 637 470 701 τῷ
505 631 670 702 κόσμῳ
705 632 806 697 ἧν,”
835 638 910 685 καὶ
946 640 1040 685 τῶν
1065 636 1229 686 ἑαυτοῦ
1261 635 1532 700 κτισμάτων
1559 637 1641 686 οὐκ
1673 634 1932 701 ἀπενοσφί-

351 712 452 780 ζετο
481 714 601 768 Θεὸς
636 715 700 766 ὧν
728 718 752 766 ὁ
781 716 951 782 Λόγος,
977 719 1085 768 ἀλλ’
1116 715 1172 780 ἧν
1207 716 1344 772 αὐτὸς
1384 719 1407 767 ὁ
1447 717 1683 784 ζωοποιῶν
1721 716 1779 767 τὰ
1818 717 1933 783 ζωῆς

350 797 540 864 με’τοχα,
580 799 654 848 καὶ
693 800 906 867 συνέχων
945 799 1003 849 τὰ
1040 799 1196 851 πάντα
1233 800 1350 866 πρὸς
1395 800 1448 850 τὸ
1488 801 1536 850 εὖ
1575 798 1687 850 εἶναι
1722 800 1798 849 καὶ
1838 798 1930 864 ζῆν·

132 889 181 919 Ἠ»-
351 880 461 929 άλλ’
498 881 568 930 “ὁ
609 880 788 944 κόσμος
823 881 964 933 αὑτὸν
999 883 1081 933 οὐκ
1106 882 1271 948 ε”γνω·”
1313 882 1660 949 προσκεκύνηκε
1695 881 1788 947 γὰρ
1819 881 1929 947 παρ’

314 960 495 1011 οαύτὸν
527 966 585 1030 τῇ
621 964 782 1014 κτίσει.
851 965 1016 1029 γε’γονε
1055 964 1103 1016 δὲ
1137 964 1244 1026 μεθ’
1278 965 1423 1029 ἡμῶν,
1451 964 1525 1015 ὅτε
1556 963 1641 1028 τὴν
1675 965 1782 1014 καθ’
1812 963 1931 1027 ἡμᾶς

352 1043 576 1106 ὁμοίωσιν
611 1046 881 1109 ἀναλαβὼν,
908 1047 982 1098 διὰ
1009 1049 1090 1111 τῆς
1118 1048 1254 1113 ἁγίας
1292 1046 1523 1113 παρθένου
1557 1046 1791 1112 ἐγεννήθη·
1827 1045 1930 1096 τότε

131 1128 270 1210 {grifi-
350 1127 425 1176 καὶ
469 1127 622 1177 “Ἐπὶ
661 1131 747 1192 γῆς
786 1127 925 1196 ὤφθη
971 1134 1044 1180 καὶ
1083 1135 1178 1183 τοῖς
1217 1132 1480 1196 ἀνθρώποις
1518 1127 1928 1196 συνανεστράφη·”

133 1227 275 1258 1¹s.x1ix.
351 1210 425 1258 καὶ
465 1209 754 1275 μαρτυρήσει
790 1212 945 1277 λε’γων
983 1213 1007 1262 ὁ
1046 1213 1299 1266 θεσπέσιος
1340 1213 1513 1263 Δαυείδ
1554 1213 1656 1262 “‘O
1697 1211 1816 1264 Θεὸς
1853 1211 1931 1273 ἐμ-

131 1280 160 1311 3·
351 1297 379 1318 ‘⁶
407 1294 568 1358 φανῶς
599 1293 711 1361 ἥξει,
741 1294 764 1343 ὁ
799 1294 920 1348 Θεὸς
951 1295 1097 1358 ἡμῶν,
1127 1297 1202 1345 καὶ
1238 1295 1290 1345 οὐ
1321 1293 1786 1361 παρασιωπήσεται·”
1827 1292 1930 1344 τότε

351 1372 513 1438 γε’γονε
539 1377 614 1424 καὶ
642 1376 891 1444 καταφυγὴ
931 1382 1025 1430 τοῖς
1065 1377 1264 1428 ἔθνεσιν.
1334 1377 1436 1428 οὐδὲ
1467 1376 1560 1443 γὰρ
1595 1377 1660 1427 ε”τι
1698 1375 1841 1440 μόνον
1874 1374 1928 1426 τὸ

349 1455 406 1523 ἐξ
440 1455 642 1522 Ἰσραὴλ
686 1459 947 1510 ἐπαιδεύετο
988 1460 1131 1524 γένος,
1179 1458 1254 1510 διὰ
1295 1463 1376 1524 τῆς
1418 1461 1614 1527 ἀρχαίας
1651 1460 1822 1523 ἐκείνης
1859 1460 1927 1509 ἐν·

349 1541 508 1602 τολῆς’
554 1547 901 1608 κατεχρυσοῦτο
943 1541 991 1592 δὲ
1036 1547 1226 1606 μᾶλλον
1265 1547 1360 1595 τοῖς
1398 1543 1716 1607 εὐαγγελικοῖς
1755 1541 1925 1606 κηρύγ-

131 1632 273 1667 671A·
312 1642 497 1685 ἃμασιν
536 1623 564 1686 ἡ
613 1624 684 1674 ὑπ’
733 1623 943 1689 οὐρανὸν,
987 1628 1061 1674 καὶ
1102 1625 1293 1690 γε’γονεν
1333 1627 1381 1675 ἐν
1422 1625 1540 1675 ε”θνει
1582 1627 1720 1675 παντὶ
1766 1626 1841 1673 καὶ
1880 1625 1928 1674 ἐν

350 1704 485 1772 πάσῃ
525 1704 572 1756 δὲ
607 1707 740 1775 χώρᾳ
775 1714 801 1735 ‘⁶
817 1707 937 1772 μέγα
975 1707 1028 1757 τὸ
1067 1706 1213 1769 ὄνομα
1253 1708 1438 1757 αὐτοῦ.”
1493 1705 1630 1759 αὐτὸς
1667 1705 1760 1772 γὰρ
1806 1706 1862 1770 ἧν
1900 1707 1927 1770 ἡ

128 1798 212 1871 (ἔρῃ.
351 1794 377 1816 “
402 1789 666 1851 προσδοκία
706 1793 800 1839 τῶν
835 1790 1023 1847 ἐθνῶν,”
1065 1788 1184 1840 κατὰ
1221 1787 1307 1852 τὴν
1345 1795 1428 1840 τοῦ
1465 1788 1711 1858 προφήτου
1751 1788 1926 1857 φωνὴν,

128 1852 278 1916 ἷίἰῖιζιῑῑο
350 1872 424 1919 καὶ
457 1871 582 1940 αὐτῷ

132 1939 179 1965 10,
200 1939 247 1960 11.

614 1878 640 1900 ‘⁶
657 1870 836 1939 κάμψει
875 1876 969 1922 πᾶν
1008 1871 1135 1937 γόνυ,
1171 1872 1454 1938 ἐπουρανίων
1493 1874 1568 1922 καὶ
1606 1872 1819 1936 ἐπιγείων
1853 1874 1927 1922 καὶ

350 1959 376 1981 “
401 1954 734 2019 καταχθονίων,
762 1956 835 2004 καὶ
868 1959 1003 2005 πᾶσα
1035 1959 1246 2019 γλῶσσα
1284 1953 1700 2023 ἐξομολογήσεται,
1728 1953 1797 2004 ὅτι
1831 1954 1927 2005 Κύ-

348 2041 497 2101 “ptos
546 2036 733 2100 Ἰησοῦς
778 2035 990 2102 Χριστὸς
1035 2040 1096 2090 εἷς
1146 2036 1291 2105 δόξαν
1336 2040 1460 2087 Θεοῦ
1506 2035 1738 2103 Πατρός.”
1804 2059 1923 2088 συν-

347 2117 667 2183 δεδραμήκασι
711 2117 804 2184 γὰρ
856 2118 929 2169 διὰ
981 2120 1185 2172 πίστεως
1235 2119 1304 2170 ἐπ’
1349 2119 1504 2182 αὐτὸν,
1551 2122 1624 2169 καὶ
1668 2117 1759 2169 σὺν
1804 2120 1928 2189 αὐτῷ

348 2201 676 2270 κατῳκήκασιν
701 2202 749 2251 ἐν
783 2206 841 2269 τῇ
875 2201 986 2270 ἁγίᾳ
1019 2203 1092 2251 καὶ
1129 2203 1270 2269 νοητῇ
1298 2200 1433 2264 Σιὼν,
1461 2204 1501 2252 οὶ
1533 2203 1582 2252 ἐκ
1605 2201 1820 2268 περάτων
1846 2206 1926 2266 τῆς

124 2280 272 2355 ᾔξῇᾯζῗΠ·
348 2284 451 2347 γῆς,
488 2283 726 2348 ἐγνώκασί
777 2306 827 2333 τε
872 2288 1059 2351 σαφῶς,
1101 2284 1171 2334 ὅτι
1207 2292 1232 2313 “
1259 2286 1424 2337 Οὕτως
1463 2284 1712 2349 ἠγάπησεν
1747 2286 1771 2336 ὁ
1805 2283 1924 2338 Θεὸς

303 2368 375 2409 b“
399 2365 481 2415 τὸν
519 2365 714 2428 κόσμον,
747 2365 870 2417 ὥστε
905 2365 986 2416 τὸν
1026 2364 1123 2417 υἱὸν
1161 2368 1301 2417 αὐτοῦ
1336 2366 1418 2417 τὸν
1452 2371 1678 2433 μονογενῆ
1718 2367 1925 2430 δέδωκεν,

348 2455 374 2476 “
399 2447 473 2497 ἵνα
502 2452 594 2501 πᾶς
621 2449 645 2498 ὁ
672 2449 909 2499 πιστεύων
936 2453 998 2501 εἷς
1025 2447 1164 2499 αὐτὸν
1190 2448 1254 2512 μὴ
1282 2447 1530 2512 ἀπόληται,
1558 2449 1667 2500 ἀλλ’
1696 2450 1780 2517 ε”χῃ
1805 2448 1925 2516 ζωὴν

345 2537 372 2558 “
399 2530 622 2582 αἱώνιον.”
688 2530 981 2599 ἐξαπέστειλε
1016 2529 1108 2597 γὰρ
1149 2531 1257 2594 ἡμῖν
1300 2531 1356 2599 ἐξ
1394 2532 1590 2597 οὐρανοῦ
1629 2531 1711 2582 τὸν
1749 2532 1865 2582 Υἱὸν
1899 2533 1924 2583 ὁ

392 2736 423 2759 2.
451 2726 504 2759 καὶ
522 2731 745 2770 assumptum
762 2737 803 2760 ex
824 2726 868 2759 D.
888 2738 1038 2761 vacuum
1064 2727 1170 2760 trium
1195 2727 1264 2760 fere
1281 2727 1345 2759 litt.
1365 2739 1423 2770 per
1441 2738 1507 2759 ras,
1527 2726 1630 2760 habet
1649 2725 1690 2760 C.
1755 2727 1773 2770 ἡ
1791 2739 1860 2762 om.
1881 2728 1922 2764 C.

344 2783 376 2816 3.
402 2772 697 2816 κατεπαγγέλλετο
717 2772 757 2806 C.
1243 2786 1275 2814 4.
1305 2772 1484 2818 ἡμῖν-ἧν]
1504 2772 1542 2815 ἧν
1558 2774 1619 2817 μέν
1635 2774 1866 2821 γὰρ-κόσμῳ
1885 2802 1893 2810 .
1912 2802 1921 2810 .

343 2830 464 2852 rasura
482 2819 552 2852 duo
571 2819 639 2852 fere
657 2820 721 2853 litt.
737 2819 777 2853 C.
833 2819 963 2854 Eadem
983 2832 1072 2866 quae
1087 2819 1178 2854 Edd.
1193 2819 1297 2853 habet
1314 2822 1358 2853 1).
1687 2830 1719 2865 5.
1746 2822 1865 2855 ἑαυτοῦ
1880 2822 1920 2856 C.

342 2866 444 2899 αὐτοῦ
464 2865 555 2899 Edd.
699 2866 731 2900 6.
757 2868 775 2899 ὁ
793 2867 850 2900 alt.
868 2873 1090 2911 assumptum
1107 2879 1149 2901 ex
1167 2866 1208 2901 C.
1364 2875 1394 2910 7.
1423 2866 1548 2911 μέτοχα
1569 2865 1608 2900 C.
1626 2869 1810 2912 μετέχοντα
1828 2868 1919 2903 Edd.

343 2911 376 2944 S.
406 2911 501 2945 Haec
519 2911 596 2956 παρ’
615 2913 715 2947 αὐτὸν
732 2920 951 2948 accesserunt
969 2926 1009 2948 ex
1029 2914 1069 2948 C.
1262 2924 1314 2946 Io.
1340 2912 1506 2956 παρθένου
1523 2912 1680 2957 ἐγεννήθη
1700 2914 1765 2949 hoc
1782 2915 1857 2949 ord.
1879 2914 1920 2949 C.

342 2959 418 2991 τότε
439 2958 478 2991 C.
498 2958 553 2992 ὅτε
573 2959 664 2993 Edd.
928 2971 981 3002 14.
1007 2960 1184 3004 καταφυγὴ
1204 2959 1245 2994 C.
1263 2961 1456 3003 καταφανὴς
1474 2959 1564 2994 Edd.
1615 2961 1692 2995 οὐδὲ
1711 2960 1752 2995 C.
1770 2962 1809 2996 οὐ
1827 2961 1919 2997 Edd.

345 3003 398 3036 26.
424 3004 544 3038 ἔδωκεν
563 3005 602 3038 C.
811 3006 864 3039 28.
890 3006 977 3052 υἱὸν]
1003 3012 1038 3047 -†—
1060 3007 1162 3042 αὺτοῦ
1180 3006 1238 3040 iid.
1257 3007 1366 3041 invito
1387 3007 1426 3040 C.

1952 650 1974 687 5

1954 1066 2000 1097 10

1948 1895 1996 1919 20
