1997 3361
76 164 132 203 iii.
175 177 235 205 10.
447 165 515 204 IN
564 162 980 204 ZACHARIAM.
1043 160 1192 201 ῚὈΜ.
1229 161 1262 200 l.
1574 158 1656 198 327

77 273 131 322 δέ
157 296 248 324 που
282 275 356 323 καὶ
390 272 527 327 αὑτός
554 280 580 303 “
601 275 663 323 Αἱ
695 271 896 335 ἄμπελοι
932 269 1248 336 κυπρίζουσιν,
1278 268 1454 319 ε”δωκαν
1479 264 1656 328 ὀσμὴν,
1716 268 1812 351 &3⁸¹2-
1832 267 1862 296 ἦ·

79 362 105 383 “
131 355 157 418 ἡ
192 358 313 418 συκῆ
348 355 592 424 ἐξήνεγκεν
630 354 855 407 ὀλύνθους
891 354 1075 416 αὐτῆς.”
1141 354 1202 404 ὡς
1229 350 1321 416 γὰρ
1346 348 1434 413 ἤδη
1461 352 1554 398 τῶν
1580 347 1651 396 ε’κ-

78 441 291 500 κλησιῶν
324 437 597 505 ἀρξαμένων
631 439 677 487 ἐν
713 435 878 504 κόσμῳ
910 434 984 486 διὰ
1022 437 1103 498 τῆς
1139 438 1201 487 εἷς
1233 431 1372 484 αὑτὸν
1398 428 1655 495 εὐωδιάζειν

79 518 294 579 πίστεως,
322 518 405 572 τὰς
438 518 675 582 ἀμπέλους
711 518 801 586 ἔφη
835 517 1074 583 κυπρίζὲιν,
1103 517 1176 566 καὶ
1211 513 1303 577 μὴν
1333 515 1408 564 καὶ
1437 513 1648 579 ἐκφαίνε-
1675 531 1695 555 c

40 605 195 652 5σθαι
236 599 342 654 τοὺς
381 601 623 654 ὀλύνθους·
681 604 883 663 νοηθεῖεν
928 600 971 649 δ’
1018 597 1076 648 ἂν
1126 599 1202 648 καὶ
1246 597 1370 647 οῦτοι
1412 599 1505 645 τῶν
1551 594 1654 658 ἄρτι

81 682 458 734 πεπιστευκότων
496 684 523 747 ἡ
563 684 692 734 οὔπω
733 681 817 745 μὲν
857 680 1069 746 πέπειρος
1115 681 1190 731 καὶ
1231 682 1424 743 γλυκεῖα
1457 674 1654 740 πληθὺς,

82 764 280 829 ἐσομένη
316 764 365 815 δὲ
397 764 516 816 κατὰ
551 764 721 832 βραχὺ,
751 765 824 814 καὶ
854 767 953 816 ταῖς
992 766 1053 816 εἷς
1087 761 1140 812 τὸ
1176 760 1360 823 ἄμεινον
1386 757 1657 809 ἐπιδόσεσιν

82 849 220 897 ἰοῦσα
245 846 362 912 πρὸς
387 853 540 898 τοῦτο.
607 845 906 913 (ἱδρυνθέντες
939 843 1046 910 γὰρ,
1075 845 1149 894 καὶ
1177 850 1203 871 “
1220 846 1281 896 εἰς
1310 842 1455 907 ἄνδρα
1481 841 1657 891 τέλειον
1720 847 1803 922 flvh-
1824 846 1866 877 iv.

84 936 110 958 ‘⁶
137 928 477 993 ἀναβεβηκότες
514 934 596 980 τοῦ
633 927 949 993 πληρώματος
985 931 1067 976 τοῦ
1093 924 1349 991 Χριστοῦ,”
1373 927 1559 988 γλυκεῖς
1585 920 1652 972 οἶ-
1743 902 1772 931 3⁰

19 1039 66 1064 10
84 1010 202 1077 άπερ
240 1011 444 1074 ἐσόμεθα
483 1013 650 1077 καρποὶ
689 1013 754 1078 τῷ
790 1013 912 1078 Θεῷ,
937 1006 1147 1073 καθάπερ
1179 1005 1324 1072 μητρί
1349 1028 1437 1056 τινι
1462 1009 1519 1072 τῇ
1543 1005 1658 1054 Ἐκ-

84 1093 263 1161 κλησίᾳ
296 1093 700 1161 προσπεφυκότες.
770 1092 935 1142 οὐκοῦν
973 1088 1048 1140 διά
1081 1111 1131 1140 τε
1163 1087 1298 1147 συκῆς
1337 1089 1411 1138 καὶ
1449 1085 1662 1154 ἀμπέλου

86 1174 343 1238 νοουμένων
379 1180 472 1226 τῶν
511 1176 791 1238 ἐκκλησιῶν,
823 1171 897 1224 ὑπ’
926 1173 1085 1225 αὑταῖς
1122 1169 1346 1234 ἐσόμεθα,
1384 1171 1458 1220 καὶ
1496 1170 1544 1219 ἐν
1581 1168 1708 1217 oab-d

84 1261 184 1310 ταῖς
209 1256 552 1320 καταλύσομεν,
579 1254 913 1322 προτροπάδην
939 1252 1172 1317 ἀλλήλοις
1196 1254 1338 1302 ἐκεῖνο
1369 1250 1584 1316 λέγοντες
1610 1247 1663 1300 τὸ

85 1337 377 1407 προφητικόν
412 1346 438 1368 “
460 1343 606 1389 Δεῦτε
646 1339 894 1399 ἀναβῶμεν
930 1339 992 1389 εἰς
1025 1334 1078 1386 τὸ
1116 1333 1223 1401 ὅρος
1260 1339 1343 1384 τοῦ
1380 1333 1555 1398 Κυρίου
1589 1332 1665 1381 καὶ
1726 1341 1875 1380 Es.ii.3.

21 1441 67 1480 15
87 1428 114 1450 ‘⁶
139 1425 200 1475 εἰς
233 1419 315 1471 τὸν
349 1418 475 1472 οἷκον
508 1425 591 1471 τοῦ
633 1423 757 1471 Θεοῦ
801 1417 988 1481 Ἰακὼβ,
1024 1419 1100 1468 καὶ
1144 1418 1401 1481 ἀναγγελεῖ
1434 1415 1542 1479 ἡμῖν
1581 1412 1666 1477 τὴν

87 1509 115 1532 “
140 1502 248 1554 ὁδὸν
286 1504 440 1565 αὐτοῦ,
477 1504 550 1553 καὶ
588 1499 916 1568 πορευσόμεθα
954 1502 1001 1551 ἐν
1033 1499 1195 1566 αῦτῇ.”
1260 1496 1373 1549 εἰδὲ
1404 1496 1459 1561 δὴ
1486 1496 1666 1563 γε’νοιτο

87 1587 163 1636 καὶ
200 1588 334 1636 τοῦδε
368 1589 534 1653 τυχεῖν,
561 1584 748 1635 ἐπαίνου
781 1581 957 1637 παντὸς
991 1581 1260 1651 ἀξιώσομεν
1288 1579 1395 1634 τοὺς
1433 1582 1496 1634 εἰς
1528 1584 1666 1630 τοῦτο

88 1666 388 1731 κεκληκότας,
435 1667 581 1718 πάλιν
631 1667 774 1717 ἐκεῖνο
819 1665 1036 1731 λέγοντες
1073 1671 1101 1693 “
1121 1661 1410 1731 Εὐφράνθην
1453 1663 1527 1713 ἐπὶ
1571 1665 1667 1715 τοῖς
1728 1660 1884 1693 pacm·

90 1754 117 1778 ‘⁶
142 1747 349 1814 εἶρηκόσι
393 1771 471 1812 μοι
506 1751 588 1803 Εἰς
628 1745 755 1799 οἶκον
801 1748 978 1813 Κυρίου
1017 1744 1392 1812 πορευσόμεθα.”
1457 1743 1666 1812 τέρψεως

22 1858 72 1883 20
90 1829 184 1896 γὰρ
209 1831 317 1894 ἡμῖν
341 1833 423 1894 τῆς
458 1828 679 1881 ἀνωτάτω
713 1828 767 1880 τὸ
805 1832 965 1896 χρῆμα
1003 1825 1179 1894 καρπὸς
1214 1827 1348 1878 νοοῖτ’
1377 1824 1433 1877 ἂν
1462 1825 1660 1879 εἰκότως.
1684 1845 1705 1872 e

89 1911 325 1977 τοιγάρτοι
350 1911 497 1963 πάλιν
522 1913 712 1977 ἐροῦμεν
750 1911 867 1962 κατὰ
903 1909 986 1962 τὸν
1024 1909 1159 1976 ἅγιον
1193 1909 1459 1979 ψαλμῳδόν
1484 1916 1510 1937 “
1534 1907 1666 1959 Μίαν
1726 1923 1779 1954 ΡΞ.
1794 1922 1882 1954 xxvi.

92 2001 119 2024 ‘⁶
144 1992 394 2062 ᾐτησάμην
435 1992 564 2060 παρὰ
605 1994 793 2059 Κυρίου,
829 1993 1002 2057 ταύτην
1040 1990 1291 2058 ἐκζητήσω,
1322 1996 1404 2042 τοῦ
1442 1995 1666 2041 κατοικεῖν
1726 1978 1756 2008 4'

91 2082 120 2105 “
142 2098 200 2140 με
236 2076 283 2126 ἐν
322 2075 431 2145 οἴκῳ
470 2075 645 2141 Κυρίου
674 2074 836 2128 πάσας
862 2075 945 2128 τὰς
977 2073 1149 2141 ἡμέρας
1180 2076 1262 2138 τῆς
1293 2072 1408 2140 ζωῆς
1439 2095 1548 2135 μου,
1583 2077 1666 2123 τοῦ

92 2164 121 2186 “
146 2161 332 2224 θεωρεῖν
363 2180 420 2221 με
449 2156 534 2221 τὴν
564 2155 853 2222 τερπνότητα
880 2157 1067 2223 Κυρίου,
1095 2157 1170 2208 καὶ
1195 2155 1561 2207 ἐπισκέπτεσθαι
1585 2152 1667 2206 τὸν

26 2258 74 2297 25
94 2246 121 2270 ‘⁶
147 2237 259 2291 ναὸν
284 2238 365 2290 τὸν
391 2236 526 2305 ἅγιον
552 2237 739 2289 αὐτοῦ.”

756 2361 942 2390 ΤΟΜΟΣ
976 2359 1018 2391 α’.

147 2500 177 2524 Ι.
203 2489 314 2533 αὐτός]
351 2492 388 2529 -f-
415 2489 433 2522 ὁ
462 2491 528 2523 τῶν
555 2487 645 2522 ὅλων
667 2489 753 2523 Θεός
779 2486 871 2521 Edd.
898 2486 1015 2521 invitis
1039 2485 1170 2521 C.D.b.
1193 2485 1290 2521 deest
1314 2485 1417 2520 hodie
1441 2485 1539 2520 αὐτός
1563 2484 1600 2518 in
1626 2483 1668 2518 C.

97 2548 218 2571 rasura
237 2548 295 2570 sex
313 2535 383 2570 fere
400 2535 464 2569 litt.
708 2545 741 2579 3.
768 2534 803 2568 ἐν
820 2535 937 2579 κόσμῳ
955 2545 1024 2568 om.
1040 2533 1076 2568 b.
1319 2545 1352 2575 4.
1383 2531 1602 2577 ἐκφαίνεσθαι
1621 2531 1668 2564 D.

99 2582 191 2618 Edd.
210 2582 450 2627 εὐφραίνεσθαι
467 2594 575 2616 manu
591 2581 702 2626 prima
721 2580 762 2615 C.
1067 2588 1099 2623 5.
1125 2578 1158 2614 δ’
1178 2579 1273 2613 deest
1289 2579 1325 2613 in
1344 2579 1435 2613 Edd.
1454 2579 1523 2612 inv.
1543 2577 1669 2611 B.C.b.

103 2641 156 2675 13.
181 2629 345 2673 ἀλλήλοις
361 2629 395 2663 b.
414 2628 506 2663 Edd.
524 2627 696 2672 ἀλλήλους
715 2627 755 2661 C.
1017 2637 1070 2669 14.
1095 2629 1155 2660 τοῦ
1173 2636 1393 2670 assumptum
1408 2637 1449 2659 ex
1468 2624 1508 2658 C.
1528 2624 1669 2668 (AleX.)

100 2676 197 2711 deest
214 2677 248 2710 in
268 2676 302 2710 b.
585 2684 638 2720 15.
664 2675 892 2720 ἀναγγελοῦσι
911 2672 995 2707 D.b.
1014 2673 1057 2706 cf.
1076 2673 1112 2706 in
1130 2673 1191 2707 Es.
1210 2672 1277 2707 680
1295 2672 1329 2706 d.
1347 2672 1526 2717 ἀναγγελεῖ
1544 2670 1584 2704 C.
1603 2670 1669 2713 (lit.

99 2734 196 2757 erasa
212 2728 252 2756 ut
269 2721 355 2766 vid.)
374 2721 466 2756 Edd.
658 2721 710 2756 16.
738 2719 950 2763 δικαιοσύνην
966 2731 1028 2764 pro
1046 2720 1124 2753 ὁδὸν
1140 2719 1173 2753 b.
1365 2728 1418 2763 17.
1442 2719 1494 2752 καὶ
1511 2717 1609 2751 τοῦδε
1627 2716 1669 2751 C.

100 2768 221 2804 τούτου
240 2768 332 2803 Edd.
381 2768 579 2814 ἀξιώσωμεν
597 2768 639 2803 C.
903 2767 954 2800 18.
980 2765 1176 2811 ηὐφράνθην
1195 2764 1236 2799 C.
1494 2775 1548 2798 21.
1574 2762 1671 2808 ἅγιον

100 2821 323 2859 assumptum
341 2827 381 2849 ex
401 2815 441 2850 C.
702 2825 757 2849 22.
783 2812 953 2857 ἐκζητήσω
972 2812 1012 2846 C.
1032 2812 1163 2856 ζητήσω
1181 2811 1274 2847 Edd.
1532 2821 1585 2852 24.
1613 2810 1671 2844 τὸν

101 2861 304 2943 νιέὸνὸᾁεεᾶῐ
331 2862 368 2896 in
394 2861 485 2897 Edd.
550 2863 627 2898 ναὸν
655 2873 718 2907 pro
743 2861 840 2907 ἅγιον
867 2861 956 2895 inter
981 2865 1173 2895 erratorum
1199 2857 1456 2894 emendationes
1483 2856 1541 2892 dat
1567 2857 1670 2891 Pont.

69 2927 71 2929 ·
104 2919 122 2943 2
150 2934 159 2943 .
211 2920 242 2943 lc
294 2934 302 2944 .
