2053 3382
271 200 347 235 638

270 317 482 366 Agricolae,
530 317 677 353 urbium
724 315 1030 353 lamentationem

324 382 501 418 iterantes
522 381 783 417 describuntur
805 383 880 418 305
902 394 935 418 c.

269 447 456 495 Agrostis,
477 447 593 482 herba
613 446 895 489 ineradicabihs,
917 447 1031 483 divini

319 511 448 560 judicii
469 517 582 562 typus
606 515 681 549 144
703 512 738 548 (1.

268 576 351 617 Ala,
404 576 549 613 divinae
605 577 863 625 providentiae
919 583 1030 627 typus

321 642 397 677 867
420 653 453 677 e.

266 705 396 752 Alapa‚
422 717 490 753 pro
517 705 589 742 levi
616 706 864 756 castigatione
889 707 1028 744 dictum

327 773 400 807 160
422 783 455 807 a.

265 836 397 878 Albus,
415 836 529 877 color,
545 849 659 886 quare
677 837 830 875 Graecis
847 839 1030 887 ascriptus

322 903 395 938 701
420 901 471 947 d;
507 900 717 938 Alexandri
744 903 940 952 imperium
968 904 1030 941 de-

319 971 426 1002 notat
449 968 524 1003 702
546 979 577 1002 c.

264 1030 492 1073 Alexander,
515 1032 718 1080 aggeribus
739 1033 785 1069 ad
806 1033 1029 1070 obsidendas

320 1096 431 1132 urbes
448 1097 622 1133 utebatur
639 1099 715 1133 526
731 1110 770 1143 e3
793 1099 890 1146 apud
907 1099 1027 1134 Issum

318 1161 440 1197 victor
466 1161 663 1198 Persarum
694 1164 769 1199 702
793 1163 841 1209 d3
877 1164 922 1199 ad
948 1164 1026 1199 vin-

318 1225 515 1261 dicandam
542 1226 802 1263 crudelitatem
828 1227 1030 1276 Babyloni-

318 1302 424 1326 orum
446 1289 581 1326 missus
604 1293 679 1327 703
703 1303 735 1326 a.

263 1355 506 1398 Alexandria,
537 1354 707 1404 Aegypti
737 1361 860 1403 caput,
893 1356 1027 1393 descri—

318 1419 417 1455 bitur
439 1422 516 1456 509
537 1420 572 1455 b.

264 1484 385 1522 Alieni
407 1484 484 1525 filii,
507 1484 569 1532 qui
588 1484 726 1520 fuerint
750 1487 798 1521 85
823 1485 873 1531 d3
907 1484 1026 1531 alieni,

318 1549 364 1585 de
385 1548 455 1584 diis
474 1549 576 1584 falsis
597 1549 737 1585 dictum
762 1550 836 1586 120
858 1561 890 1585 e.

262 1613 518 1661 Alienigenae,
540 1626 608 1661 pro
634 1613 853 1649 Palaestinis
884 1613 1023 1649 dictum

319 1680 393 1714 732
434 1690 483 1721 e;
532 1677 774 1713 convertendi
819 1678 866 1713 ad
913 1678 1022 1714 fidem

320 1746 394 1781 734
431 1756 479 1789 a;
524 1744 729 1780 secundum
768 1744 910 1792 Legem
948 1757 1024 1780 non

316 1807 475 1843 ducendi
505 1808 541 1844 in
572 1808 849 1844 matrimonium
877 1810 953 1844 818
978 1821 1025 1855 a3

317 1872 504 1914 mulieres,
539 1878 707 1920 tempore
747 1873 968 1915 Malachiae,
1003 1886 1024 1909 a

314 1937 467 1973 ,Iudaeis
502 1937 539 1973 in
572 1937 850 1973 matrimonium
891 1938 1023 1974 ductae

317 2005 394 2039 840
433 2015 483 2048 e3
533 2002 753 2038 interdictae
792 2015 858 2050 per
900 2003 1022 2051 legem

315 2067 438 2103 Mosis
481 2068 558 2103 842
601 2079 648 2111 ag

315 2132 604 2180 corrumpebant
641 2131 859 2168 maritorum
900 2144 1023 2168 mores

703 2079 813 2114 quam
861 2067 1023 2103 maxime

317 2199 393 2234 842
442 2209 490 2242 e;
549 2209 700 2239 uxores,
749 2196 1022 2233 haereticorum

315 2261 494 2297 doctrinis
558 2261 694 2298 illicitis
759 2267 1023 2309 comparantur

316 2327 391 2362 847
421 2325 508 2371 bc3
547 2326 593 2361 ab
623 2325 757 2374 impiis,
785 2326 884 2361 beati
913 2338 1020 2374 repu-

314 2395 442 2425 tantur
481 2391 554 2426 861
593 2403 642 2436 a3
684 2402 704 2426 a
743 2390 836 2433 Deo,
870 2390 1022 2426 combu-

312 2455 417 2490 rendi
448 2455 745 2491 condemnantur
775 2457 851 2491 865
882 2454 934 2501 b3
977 2455 1022 2491 de

313 2519 520 2556 idololatris
563 2526 600 2556 et
639 2519 836 2556 haereticis
880 2519 1021 2555 dictum

315 2586 391 2620 865
414 2596 445 2620 c.

259 2647 406 2690 Altare,
433 2661 585 2692 novum,
612 2661 634 2685 a
665 2648 772 2697 Rege
796 2647 928 2684 Achaz
957 2661 1022 2684 ex-

266 2700 269 2701 ⁷
314 2718 495 2749 structum
516 2716 539 2750 9
562 2714 596 2750 b.

259 2776 392 2814 Altare
435 2778 528 2819 Deo,
569 2778 736 2826 quisque,
781 2777 897 2813 vitam
938 2777 1020 2814 Deo

312 2847 430 2878 totam
452 2843 611 2879 offerens
634 2844 709 2880 342
731 2842 781 2888 d3
812 2842 978 2886 Domini,
999 2855 1020 2878 a

311 2906 464 2942 Judaeis
504 2908 734 2957 despectum,
772 2920 795 2943 a
834 2907 1019 2944 Gentibus

314 2970 531 3009 observatur
545 2974 621 3009 830
636 2985 655 3009 c
668 2973 691 3009 d
706 2987 714 3015 ;
741 2972 856 3008 Altari
874 2978 1016 3015 sancto,

809 196 1023 233 INDEX
1084 197 1330 234 RERUM.

1624 213 1858 237 AGRICOLAE.

1156 329 1287 353 omnes
1319 318 1380 366 qui
1414 330 1489 354 non
1518 319 1763 355 reverentiam
1797 320 1861 356 de-

1155 381 1270 417 bitam
1292 388 1454 424 servant,
1475 382 1583 419 factis
1609 383 1697 431 ipsis
1721 383 1863 430 dicunt,

1155 445 1289 483 Mensa
1322 448 1475 484 Domini
1512 449 1767 485 contaminata
1805 455 1863 485 est

1156 513 1232 547 830
1250 523 1288 557 e;
1316 512 1516 561 lachrymis
1536 513 1713 561 polluitur
1734 515 1810 549 844
1828 526 1859 549 e.

1100 575 1245 612 Altaria
1298 577 1367 613 sub
1423 577 1619 613 arboribus
1671 578 1861 626 Nymphis

1154 646 1345 678 exstructa
1399 643 1447 679 '76
1490 642 1513 678 b
1532 655 1543 688 3
1601 643 1859 686 Hieroboami‚

1153 706 1282 748 multa,
1335 706 1493 755 Templi,
1552 707 1625 743 duo
1682 709 1755 743 123
1805 708 1859 753 d3

1153 770 1481 818 Ephraemitarum
1516 772 1676 819 plurima
1709 773 1782 807 123
1814 784 1861 817 e3

1154 835 1391 878 daemonum,
1423 836 1468 872 ab
1500 835 1696 872 haereticis
1727 836 1862 872 dilecta

1159 902 1232 936 124
1257 901 1306 946 b3
1347 913 1413 948 pro
1443 901 1605 948 peccatis
1635 900 1745 941 dicta,
1777 901 1862 948 quia

1154 964 1227 1000 sint
1258 966 1400 1012 peccati
1431 970 1674 1001 monumenta
1707 968 1779 1001 147
1808 965 1860 1011 d3

1154 1027 1191 1064 in
1212 1030 1368 1065 collibus
1389 1036 1542 1071 structa,
1560 1030 1649 1078 quid
1670 1030 1755 1066 mali
1777 1043 1861 1078 pro-

1153 1094 1328 1131 duxerint
1354 1098 1426 1132 148
1450 1096 1498 1141 d3
1534 1098 1607 1132 150
1629 1108 1661 1131 a.

1098 1160 1280 1202 Amasias,
1309 1162 1391 1197 Rex
1420 1161 1553 1204 Judae,
1580 1161 1635 1197 vir
1664 1160 1861 1209 religiosus

1157 1228 1230 1262 150
1253 1239 1286 1262 e.

1099 1290 1285 1336 Amasi-as,
1310 1291 1491 1327 Sacerdos
1519 1290 1566 1326 ad
1593 1290 1743 1332 Bethel,
1770 1288 1859 1325 Pro-

1152 1355 1285 1402 phetae
1319 1357 1437 1391 Amos
1476 1361 1671 1391 accusator
1702 1356 1778 1390 247
1810 1366 1859 1399 a;

1153 1420 1361 1468 Prophetae
1377 1420 1496 1455 Amos
1517 1419 1710 1455 minitatur
1725 1421 1801 1455 276
1816 1431 1858 1463 a3

1152 1486 1206 1520 vir
1232 1485 1409 1532 profanus
1431 1486 1507 1521 327
1529 1484 1579 1529 b3
1608 1483 1859 1532 impudentiae

1151 1551 1343 1586 convictus
1366 1553 1441 1587 327
1465 1562 1510 1594 e;
1547 1549 1778 1596 Prophetam
1800 1560 1859 1583 ac-

1149 1620 1255 1650 cusat
1289 1615 1465 1650 avaritiae
1503 1615 1577 1650 327
1612 1626 1654 1655 e;
1702 1615 1776 1650 328
1814 1625 1856 1653 e;

1149 1685 1186 1715 et
1207 1679 1427 1727 proditionis
1451 1681 1526 1715 328
1545 1691 1581 1719 a;
1608 1678 1701 1714 falso
1724 1680 1800 1714 320
1819 1690 1856 1719 a;

1149 1744 1226 1792 ipse
1249 1744 1358 1780 minis
1379 1752 1534 1792 urgetur
1555 1744 1631 1780 329
1654 1756 1696 1784 c;
1725 1755 1856 1784 uxore,

1149 1814 1186 1844 et
1238 1808 1334 1853 filiis,
1384 1814 1421 1844 et
1471 1809 1603 1855 patria,
1657 1807 1858 1855 privandus

1151 1875 1226 1909 329
1250 1873 1285 1908 (l.

1096 1938 1255 1974 Ammon
1309 1937 1347 1973 in
1400 1936 1615 1973 fluminibus
1673 1935 1856 1980 habitans,

1148 2016 1215 2050 pro
1253 2001 1483 2038 Alexandria
1521 2000 1661 2036 dictum
1697 2003 1772 2036 508
1809 2012 1856 2046 e;

1149 2070 1225 2104 509
1248 2080 1281 2103 e.

1093 2131 1344 2175 Ammonitae,
1367 2130 1414 2166 ob
1435 2129 1692 2166 crudelitatem
1721 2135 1758 2165 et
1785 2128 1853 2164 im-

1147 2196 1335 2244 pietatem,
1384 2195 1465 2231 Deo
1514 2194 1765 2242 displicentes,
1809 2193 1855 2230 ab

1148 2260 1310 2309 Assyriis
1337 2260 1481 2296 subacti
1510 2261 1586 2296 262
1609 2259 1692 2300 de;
1728 2258 1856 2295 haere-

1146 2325 1229 2362 ticis
1267 2326 1475 2373 comparati
1510 2328 1585 2363 263
1618 2338 1662 2368 a;
1702 2325 1855 2362 Judaeis

1146 2391 1290 2427 afflictis
1346 2390 1567 2428 insultantes
1623 2391 1855 2427 devoventur

1146 2456 1259 2492 exitio
1282 2458 1358 2492 598
1381 2457 1403 2492 b
1420 2456 1455 2492 d.

1082 2520 1297 2562 'Amnestia‚
1312 2521 1569 2568 peccatoribus
1582 2533 1648 2568 per
1662 2520 1852 2556 Christum

1145 2585 1359 2632 praedicata
1379 2586 1455 2621 618
1477 2585 1515 2622 b.

1091 2651 1224 2691 Amon,
1257 2650 1339 2685 Rex
1368 2649 1502 2693 Judae,
1533 2649 1633 2697 regis
1662 2648 1852 2684 Manassis

1144 2715 1252 2759 filius
1292 2715 1377 2751 mali
1421 2715 1522 2751 corvi
1563 2713 1701 2750 malum
1739 2725 1850 2749 ovum

1145 2781 1219 2816 281
1261 2780 1284 2816 b
1300 2793 1310 2825 3
1364 2780 1460 2827 patri
1503 2779 1617 2827 impio
1660 2778 1851 2825 impietate

1143 2843 1306 2891 aequalis
1328 2846 1406 2880 580
1427 2856 1461 2880 a.

1091 2908 1218 2949 Amor,
1233 2908 1315 2949 Dei,
1330 2908 1367 2943 in
1384 2920 1453 2944 nos
1470 2919 1579 2955 quam
1598 2908 1618 2925 “
1634 2906 1850 2943 Robustus'’

1143 2973 1190 3009 sit
1213 2975 1287 3008 557
1310 2972 1346 3008 d.
