2053 3382
326 159 412 200 536
712 162 762 202 B.
807 160 1010 201 CYRIL
1025 160 1092 200 LI
1129 160 1513 203 ALEXANDR.
1652 162 1736 203 xiv.
1760 163 1824 212 16,
1847 170 1908 213 17.

325 266 383 335 ἐξ
417 269 576 330 ἐθνῶν,
611 268 730 334 πρὸς
768 268 822 319 τὸ
860 271 942 332 τῆς
982 269 1202 333 ἀληθείας
1239 269 1411 336 ἥξουσι
1450 272 1566 336 φῶς,
1601 270 1676 319 καὶ
1713 268 1795 319 τὸν
1828 274 1909 319 τοῦ

324 352 545 415 Σωτῆρος
573 351 951 414 ὑποδραμοῦνται
976 349 1129 417 ζυγὸν,
1156 354 1392 418 σαφηνιεῖ,
1420 349 1576 415 λέγων
1601 350 1663 403 ὠς
1694 353 1736 400 οἱ
1768 350 1909 400 κατά-

323 437 481 480 λοιποι
519 434 613 480 τῶν
645 431 1022 494 κεκολασμένων,
1055 432 1157 496 ἤτοι
1195 436 1290 482 τῶν
1325 436 1424 485 ταῖς
1462 432 1733 495 ἐκκλησίαις
1765 452 1910 493 μεμα-

320 510 554 576 χημένων·
614 512 814 578 ἀριθμοῦ
860 511 909 563 δὲ
953 513 1080 563 οὗτοι
1124 512 1392 578 κρείττονες’
1453 514 1752 573 ἀναβήσονται
1807 515 1906 562 κατ’

320 591 502 642 ἐνιαυτὶν
535 594 608 644 τοῧ
642 592 943 663 προσκυνῆσαι
979 599 1041 664 τῷ
1077 597 1202 664 κυρίῳ
1237 594 1552 662 παντοκράτορι
1584 600 1684 663 Θεῷ
1721 598 1798 644 καὶ
1835 595 1907 644 τοῧ
1927 608 1949 645 5

275 685 300 726 b
319 671 523 743 ἑορτάζειν
549 672 619 734 τὴν
646 673 780 742 ἑορτὴν
805 675 879 735 τῆς
907 678 1230 742 σκηνοπηγίας.
1275 677 1300 726 ὁ
1326 675 1410 740 μὲν
1436 675 1529 740 γὰρ
1557 674 1631 725 διὰ
1660 676 1907 727 Μωυσέως

95 767 176 841 {ffli-
317 755 610 819 προσέταττε
646 755 787 819 νόμος
821 759 1136 808 ἐπιτελεῖσθαι
1167 757 1253 821 τὴν
1277 755 1442 823 ἑορτὴν
1465 760 1547 820 τῆς
1583 758 1906 822 σκηνοπηγίας

181 820 256 850 '3⁴'
316 840 375 903 τῇ
414 837 800 906 πεντεκαιδεκάτῃ
839 845 923 890 τοῦ
961 838 1165 902 ἑβδόμου
1203 839 1364 904 μηνὸς,
1392 839 1807 904 συναγηγερμένης
1843 842 1905 892 εἷς

95 937 219 977 1b.36.
316 916 559 981 ἀποθήκας
599 921 682 983 τῆς
724 920 781 989 ἐξ
819 923 977 986 ἀγρῶν
1017 922 1280 986 εὐκαρπίας.
1349 919 1529 989 ἐξόδιον
1566 920 1783 988 ταύτῃτοι
1820 919 1905 983 τὴν

317 999 480 1064 ἑορτὴν
506 1000 736 1068 ὀνομάζει,
769 1003 830 1056 ὠς
855 1003 944 1067 ἤδη
970 1006 1065 1053 τῶν
1091 1002 1241 1068 ε”ργων
1268 1006 1362 1053 τῶν
1388 1004 1435 1052 ἐν
1461 1003 1620 1067 ἀγροῖς
1646 1003 1900 1068 ἐκκεχωρη-
1929 1020 1976 1044 10

94 1097 144 1127 Ib·
163 1106 215 1135 40.
316 1079 467 1132 κότων
504 1083 548 1135 ἐς
587 1082 744 1148 περας.
803 1084 982 1134 ἐκέλευε
1017 1084 1065 1134 δὲ
1103 1083 1365 1147 λαμβάνειν
1400 1083 1716 1148 ίίκάλλυντρα
1754 1085 1905 1149 φοινί-

315 1170 343 1191 “
369 1185 465 1213 κων
490 1165 566 1214 καὶ
600 1163 783 1229 καρπὸν
809 1165 980 1231 ὡραίου
1016 1165 1179 1234 ξύλου,
1216 1168 1291 1216 καὶ
1327 1164 1528 1218 κλάδους
1559 1164 1709 1233 ξύλου
1745 1166 1905 1217 δασεῖς

315 1250 343 1272 “
369 1246 444 1295 καὶ
471 1245 591 1299 ἷτεάς
617 1248 692 1296 καὶ
719 1246 865 1312 ἄγνου
891 1245 1133 1309 κλάδους,”
1154 1247 1302 1298 πίνειν
1327 1269 1377 1297 τε
1406 1247 1528 1312 ὕδωρ
1554 1248 1603 1296 ἐκ
1629 1244 1899 1312 χειμάῤῥου,

276 1328 390 1376 οκαὶ
429 1327 498 1377 ἐπ’
534 1328 658 1396 αὐτῷ
696 1329 1137 1396 κατευφραίνεσθαι.
1188 1330 1263 1379 καὶ
1300 1327 1547 1396 πρόφασιν
1582 1326 1665 1390 μὲν
1702 1328 1726 1377 ὁ
1763 1325 1902 1387 νόμος

313 1408 508 1458 ἐποιεῖτο
540 1412 622 1472 τῆς
658 1410 834 1474 ἑορτῆς,
867 1409 922 1460 τὸ
956 1412 1005 1461 ἐν
1034 1416 1230 1474 σκηναῖς
1266 1412 1543 1473 κατοικῆσαι
1577 1409 1660 1460 τὸν
1685 1407 1901 1474 Ἰσραὴλ,
1928 1423 1973 1461 15

92 1503 143 1533 Ib-
161 1511 211 1542 43-
313 1492 396 1553 τῆς
424 1491 696 1555 Αἰγυπτίων
721 1491 998 1559 πλεονεξίας
1025 1491 1320 1560 ἐξῃρημένον,

379 1568 482 1620 ςΗν
503 1570 550 1621 δὲ
578 1572 669 1637 ἆρα
695 1571 748 1622 τὸ
775 1575 936 1639 χρῆμα
961 1574 1224 1639 μυστηρίου
1249 1573 1392 1626 τύπος
1419 1578 1501 1622 τοῦ
1528 1571 1647 1622 κατὰ
1670 1570 1899 1636 Χριστόν.

311 1651 578 1720 ἐξῃρήμεθα
603 1651 687 1715 μὲν
710 1652 803 1718 γὰρ
838 1656 913 1704 καὶ
948 1655 1075 1718 ἡμεῖς
1110 1656 1239 1705 αὐτοὶ
1276 1657 1358 1718 τῆς
1389 1660 1471 1704 τοῦ
1503 1654 1731 1713 διαβόλου
1757 1660 1900 1703 πλεο-

313 1734 478 1802 νεξίας,
506 1733 772 1798 κεκλήμεθα
811 1734 872 1797 δὲ,
899 1737 961 1789 ὠς
1000 1736 1132 1803 ἔφην,
1166 1740 1227 1789 εἷς
1264 1736 1532 1801 ἐλευθερίαν
1559 1734 1635 1785 διὰ
1668 1738 1898 1799 Χριστοῦ,

312 1817 389 1865 καὶ
416 1816 489 1867 ὑπ’
520 1816 644 1884 αὐτῷ
678 1815 940 1881 γεγόναμεν
963 1821 1029 1886 τῷ
1063 1822 1157 1867 τῶν
1184 1817 1311 1867 ὅλων
1337 1821 1536 1877 βασιλεῖ
1567 1818 1642 1866 καὶ
1669 1819 1792 1884 Θεῷ,
1815 1818 1897 1878 τῆς
1920 1838 1969 1863 20

312 1901 406 1947 τῶν
447 1896 600 1948 πάλαι
650 1898 948 1963 κρατούντων
991 1898 1271 1962 σκαιότητος
1319 1898 1662 1963 ἀλογήσαντες.
1735 1897 1895 1962 ἑορτά-

312 1977 447 2043 ζομεν
480 1977 528 2029 δὲ
565 1978 651 2042 τὴν
678 1981 834 2043 ἀληθῆ
872 1983 955 2044 τῆς
990 1982 1314 2046 σκηνοπηγίας
1349 1980 1528 2045 ἑορτὴν,
1566 1977 1778 2030 τουτέστι
1812 1976 1898 2041 τὴν

267 2059 487 2125 ἁήμέραν
525 2063 608 2123 τῆς
652 2060 961 2115 ἀναστάσεως
1009 2067 1091 2112 τοῦ
1133 2066 1362 2127 Χριστοῦ,
1402 2061 1477 2112 ὅτε
1517 2060 1575 2111 τὰ
1619 2059 1809 2110 πάντων
1849 2061 1898 2109 ἐν

311 2143 436 2209 αὐτῷ
486 2145 733 2208 μονονουχὶ
784 2143 1017 2206 πέπηκται
1069 2144 1288 2205 σώματα,
1341 2143 1489 2194 καίτοι
1545 2141 1780 2204 λελυμένα
1839 2145 1897 2207 τῇ

88 2240 233 2288 S3soan.
311 2227 471 2291 φθορᾷ
508 2225 583 2273 καὶ
623 2222 809 2293 θανάτῳ
850 2225 1178 2290 κεκρατημένα.
1244 2223 1380 2278 αὐτὸς
1419 2223 1512 2290 γάρ
1550 2225 1680 2274 ἐστιν
1718 2223 1745 2287 ἡ
1785 2222 1894 2272 ἀνά-
1916 2247 1963 2283 25

88 2291 201 2321 x1.25.
310 2326 498 2367 στασις,
541 2305 679 2358 αὐτὸς
731 2306 758 2368 ἡ
810 2305 915 2371 ζωὴ,
956 2305 1245 2371 πρωτόλειον
1291 2304 1453 2371 ὥσπερ
1503 2307 1552 2356 ἐκ
1603 2308 1776 2370 νεκρῶν
1819 2307 1896 2354 καὶ

92 2398 102 2416 ¹
125 2389 199 2419 ΕΘΓ·
312 2393 339 2415 “
363 2385 555 2453 ἀπαρχὴ
593 2391 687 2437 τῶν
725 2388 1114 2451 κεκοιμημε’νων·”
1168 2389 1192 2437 ὁ
1239 2392 1423 2451 νοηταῖς
1465 2387 1586 2450 ἡμᾶς
1628 2386 1895 2451 εὐκαρπίαις

87 2441 140 2461 XV.
163 2441 212 2463 '20-

308 2467 661 2531 καταπιμπλάς,
687 2470 763 2518 καὶ
798 2467 895 2519 οἷον
928 2469 1035 2523 τοὺς
1073 2469 1129 2537 ἐξ
1164 2471 1324 2534 ἀγρῶν
1361 2468 1684 2533 συλλεγέντας
1722 2465 1894 2520 πόνους

354 2636 387 2671 5.
414 2630 460 2673 τῷ
479 2633 512 2661 et
530 2630 604 2674 Θεῷ
623 2639 692 2663 om.
713 2628 754 2663 C.
1135 2638 1165 2674 7.
1192 2628 1403 2673 προσέταττε
1422 2628 1463 2662 Β.
1469 2627 1508 2662 C.
1530 2626 1779 2671 προσετάττετο
1798 2626 1890 2661 Edd.

307 2685 340 2718 9.
307 2663 517 2719 9ἐξόδιον]
541 2679 578 2714 -f-
599 2675 635 2708 δέ
653 2675 712 2708 iid.
731 2675 841 2709 invito
860 2674 901 2709 C.
1202 2687 1254 2709 ΙΙ.
1282 2674 1331 2720 ἐς]
1352 2675 1398 2710 εἷς
1417 2674 1458 2708 C.
1524 2675 1715 2715 κάλλυντρα
1734 2672 1774 2705 C.
1794 2673 1890 2707 Aub.

308 2720 353 2754 cf.
371 2720 413 2753 de
430 2720 498 2754 Ad.
514 2720 622 2766 6190.
642 2722 788 2766 κάλυντρ
791 2736 811 2755 α
831 2721 872 2755 Β.
892 2721 1063 2766 κάλλυνθρ
1067 2736 1087 2754 α
1105 2721 1208 2755 Pont.
1224 2722 1283 2765 (A.
1288 2722 1331 2755 V.
1347 2721 1426 2765 ἃς.)
1584 2731 1635 2752 12.
1655 2719 1777 2761 ὡραίου
1799 2719 1840 2752 Β.
1847 2719 1885 2753 C.

310 2765 444 2810 [ὁραίου
463 2765 522 2812 C.]
544 2768 588 2802 cf.
606 2768 643 2802 in
663 2768 698 2802 S.
717 2768 821 2803 Joan.
839 2768 953 2810 4681).
972 2769 1094 2812 ὡραῖον
1112 2767 1204 2801 Edd.
1592 2777 1643 2807 14.
1670 2764 1719 2798 ἐπ’
1739 2766 1827 2810 αυτῷ
1847 2765 1888 2799 C.

307 2811 358 2846 ἐπ’
377 2813 490 2849 αὐτοῖς
508 2813 600 2848 Edd.
903 2815 956 2848 18.
982 2815 1069 2858 μὲν
1060 2817 1284 2859 assumptum
1302 2825 1342 2848 ex
1363 2813 1765 2855 C.19
1791 2800 1825 2844 διὲ
1847 2812 1887 2846 C

307 2872 342 2891 ΤΕ
360 2859 420 2893 ud
741 2871 795 2895 20.
822 2863 896 2906 Θεῷ
917 2861 958 2895 C.
978 2862 1042 2904 ζωῇ
1060 2860 1120 2894 iid.
1441 2867 1495 2903 27.
1522 2859 1653 2902 νοηταῖς
1670 2857 1754 2901 ἡμας
1771 2858 1888 2901 εὐκαρ-

307 2904 397 2939 πίαις
416 2907 651 2951 καταπιμπλὰς
670 2906 710 2941 C.
729 2908 846 2951 νοητῆς
864 2907 948 2950 ἡμᾶς
965 2907 1142 2951 εὐκαρπίας
1160 2907 1398 2950 κατεμπιπλῶν
1415 2904 1473 2939 ild.
1720 2906 1774 2938 28.
1802 2906 1888 2938 συλ-

308 2949 469 2994 λέγοντας
488 2951 529 2986 C.
