2053 3382
328 147 412 187 410
723 151 771 190 B.
812 150 1087 190 CYRILLI
1129 150 1519 191 ALEXANDR.
1793 151 1849 190 ix.
1876 161 1912 201 7.

325 255 528 321 ἐπιλέγει
555 256 602 308 δὲ
623 257 821 320 τούτοις,
850 258 920 308 ὅτι
957 257 1136 309 mezzo&
1166 259 1282 328 ὕβριν
1310 259 1599 326 ἀλλοφύλων.
1665 261 1739 309 καὶ
1767 260 1916 309 ἁλλο-

327 336 509 402 φύλους
559 338 644 400 μὲν
683 337 790 393 τοὺς
836 341 1188 401 Φυλιστιαίους,
1240 341 1340 405 ἤτοι
1391 338 1498 394 τοὺς
1549 339 1917 401 Παλαιστινοὺς,

326 419 536 485 ὀνομάζει
576 419 809 485 συνήθως.
877 422 980 486 ἥκοι
1018 423 1062 471 δ’
1102 420 1174 484 ἂν,
1210 421 1252 472 εἴ
1291 445 1345 488 γε
1383 445 1450 492 τῳ
1489 422 1659 486 δοκοίη,
1695 423 1771 473 καὶ
1809 422 1916 472 καθ’

105 512 185 548 733
200 512 248 546 A.
289 500 494 565 ae‘re'pcov
531 502 678 552 ἐθνῶν
712 503 738 553 ὁ
774 502 920 568 λόγος
958 507 1052 553 τῶν
1091 502 1377 568 ἠδικηκότων
1411 503 1493 555 τὸν
1516 502 1734 568 Ἰσραὴλ,
1767 502 1809 554 οἳ
1844 505 1919 554 καὶ

326 579 453 645 ἦσαν
493 581 657 649 ὅμοροι
697 586 773 635 καὶ
811 587 894 648 τῆς
928 585 1168 636 Ἰουδαίων
1209 586 1427 650 γείτονες.
1494 584 1626 636 ἀλλὰ
1663 586 1795 636 ταυτὶ
1835 584 1961 647 μὲν5

326 663 449 726 ἡμῖν,
498 666 560 718 ὡς
603 665 722 732 πρός
763 689 816 730 γε
858 666 941 717 τὸν
983 668 1032 717 ἐν
1083 670 1149 736 τῷ
1191 667 1434 733 γράμματι
1480 666 1643 733 λόγον,
1687 665 1920 733 εἰρήσεται

325 744 489 796 πάλιν.

402 828 590 880 Εἱδέναι
642 830 689 880 δὲ
740 832 1007 896 ἀναγκαῖον,
1065 830 1135 882 ὅτι
1188 832 1482 895 διωκομένης,
1525 834 1585 885 ὡς
1629 830 1761 900 ἔφην,
1805 832 1913 896 παρ’

325 912 507 977 ἐχθρῶν
546 911 650 962 ἔσθ’
689 912 764 963 ὅτε
800 915 883 976 τῆς
917 912 1231 978 Ἐκκλησιάς,
1265 913 1639 982 συνεπιφύονταί
1673 935 1723 964 τε
1761 915 1918 967 δεινῶς

104 995 158 1025 Ps.

102 1048 214 1068 XXXIV.

106 1090 156 1112 21·
326 1073 471 1140 εὖγε,”
509 1074 628 1126 κατὰ
662 1074 716 1127 τὸ
752 1077 1093 1143 γεγραμμένον.
1155 1077 1285 1141 πλὴν
1326 1078 1546 1140 ἐπαμύνει
1581 1077 1808 1144 Χριστὸς,
1843 1079 1918 1127 καὶ

326 993 401 1042 καὶ
439 993 757 1056 ἐπιμειδιῶσα)
780 998 844 1046 ὀἱ
888 997 1060 1062 ἐχθροὶ,
1106 996 1231 1063 τάχα
1273 1019 1367 1047 που
1409 995 1626 1062 λέγοντες
1673 995 1727 1046 τό
1770 995 1917 1061 6(εὖγε
1944 1020 1991 1045 10

327 1155 522 1207 ἅπασαν
563 1157 647 1220 μὲν
687 1159 841 1209 αὐτῶν
876 1160 1164 1225 συνθραύσει
1205 1160 1416 1223 δύναμιν,
1453 1158 1536 1211 τὸν
1574 1160 1689 1210 ἰ’διον
1728 1159 1918 1224 ἐγείρων

284 1239 310 1279 Ῑ)
329 1237 453 1300 ναὸν,
481 1238 715 1308 ἐπιφέρων
754 1239 802 1291 δὲ
836 1245 931 1295 τοῖς
969 1242 1330 1301 ἐπιβουλεύουσι
1354 1241 1413 1292 τὰ
1444 1242 1499 1311 ἐξ
1522 1240 1726 1307 ἀκράτου
1753 1245 1917 1303 θυμοῦ,

328 1322 403 1370 καὶ
443 1320 606 1386 ὥσπερ
642 1321 771 1376 τινὰς
808 1322 972 1376 πόλεις
1010 1323 1093 1377 τὰς
1132 1328 1226 1374 τῶν
1265 1324 1489 1389 αἱρέσεων
1516 1323 1777 1375 κατασείων
1802 1345 1917 1373 συν-

325 1401 531 1467 αγωγας,
558 1406 633 1453 καὶ
665 1402 783 1469 πρὸς
815 1404 1002 1458 ταύταις
1042 1405 1107 1455 ἔτι
1142 1404 1201 1456 τὰ
1239 1410 1333 1456 τῶν
1365 1409 1722 1472 εἷδωλολατρῶν
1747 1403 1916 1456 ἀνόσια
1943 1427 1989 1465 15

325 1484 493 1552 στίφη.

286 1701 305 1739 7
331 1699 403 1740 Καὶ
432 1700 576 1756 ἐξαρὼ
605 1702 651 1743 τὸ
679 1699 782 1750 αἷμα
811 1702 953 1744 αὐτῶν
981 1703 1027 1744 ὲκ
1056 1705 1266 1753 στόματος
1294 1704 1448 1755 αὐτῶν,
1477 1703 1544 1746 καὶ
1572 1703 1622 1745 τὰ
1651 1703 1914 1753 βδελύῑματα

394 1783 535 1824 αὐτῶν
563 1786 609 1825 ὲκ
636 1785 767 1833 μέοου
802 1785 996 1828 ὀδόντων
1029 1787 1184 1828 αὐτῶν·
1225 1787 1292 1828 καὶ
1329 1788 1723 1843 ὑηολειφθὲισονται
1751 1786 1817 1827 καὶ
1846 1784 1916 1828 οὗ-

392 1882 457 1907 τοι
494 1868 555 1920 τῷ
594 1867 691 1922 Θεῷ
729 1869 864 1919 ὑμῶν,
893 1869 960 1910 καὶ
995 1870 1165 1911 ἔσονται
1204 1871 1263 1910 ὡς
1303 1869 1514 1926 χιλίαρχος
1553 1869 1772 1927 ὲνἸούὸᾳ,
1799 1870 1867 1910 καὶ
1892 1871 1914 1912 ὁ

386 1948 612 2005 Ἀκκαρὼν
639 1951 699 1991 ὡς
726 1953 748 1993 ὁ
769 1950 1043 2001 Ἰεβουσαῖος.
1941 1972 1989 1997 20

402 2067 761 2132 Κατεδηδόκασι
800 2069 885 2133 μὲν
923 2072 997 2121 καὶ
1039 2070 1165 2121 οὗτοι
1203 2069 1286 2121 τὸν
1318 2069 1533 2137 Ἰσραὴλ,
1572 2073 1647 2121 καὶ
1687 2069 1760 2120 οἶά
1798 2093 1917 2124 τινες

287 2151 479 2215 Οθῆρες,
520 2153 769 2218 μονονουχὶ
815 2155 890 2202 καὶ
932 2153 1092 2213 αἵματι
1137 2153 1437 2220 πεφυρμένον
1476 2150 1601 2220 εἶχον
1646 2151 1699 2202 τὸ
1741 2152 1916 2215 στόμα.

324 2229 479 2295 ἐπειδὴ
519 2230 566 2282 δὲ
607 2230 733 2295 ἦσαν
768 2234 1121 2299 εἰδωλολάτραι,
1149 2236 1224 2284 καὶ
1263 2240 1362 2287 ταῖς
1400 2239 1495 2284 τῶν
1531 2234 1742 2297 ματαίων
1781 2237 1915 2300 θερα-

324 2313 474 2366 πειάις
498 2314 846 2379 προσκείμενοι,
873 2317 946 2365 ἀεί
965 2338 1065 2368 πως
1098 2317 1171 2366 ἐπὶ
1199 2316 1432 2380 γλώττης,
1458 2315 1605 2381 ἤγουν
1630 2316 1698 2367 ἐπ’
1732 2312 1913 2378 ὀδόντων,

323 2394 537 2462 ἐδέχοντο
573 2400 667 2446 τῶν
704 2397 831 2447 ἰδίων
865 2397 1212 2461 βδελυγμάτων
1251 2396 1334 2450 τὰς
1373 2397 1582 2462 κλήσεις,
1614 2397 1711 2448 ἄνω
1750 2419 1800 2447 τε
1839 2399 1914 2448 καὶ
1937 2421 1985 2459 25

374 2593 402 2615 Ι.
432 2582 528 2616 Haec
546 2581 938 2627 ὕβριν-φυλιστιαίους
956 2588 1179 2617 accesserunt
1198 2594 1239 2616 ex
1259 2581 1300 2616 C.
1353 2582 1478 2616 Statim
1496 2582 1573 2617 τοὺς
1589 2580 1814 2625 ἀλλοφύλους
1831 2580 1912 2616 add.

325 2628 417 2662 Edd.
435 2629 513 2664 τοὺς
529 2630 733 2674 φυλιστιεὶμ
752 2629 798 2662 D.
1270 2640 1302 2662 2.
1329 2626 1597 2673 Παλαιστινοὺς]
1620 2632 1656 2668 -i-
1678 2627 1734 2662 οὓς
1753 2627 1799 2661 D.
1821 2628 1912 2662 Edd.

324 2675 433 2709 invito
453 2675 494 2710 C.
701 2687 734 2720 3.
760 2675 916 2719 συνήθεις
936 2675 981 2709 D.
1032 2675 1145 2719 δοκοίη
1165 2675 1258 2709 C.D.
1277 2676 1368 2709 δοκεῖ
1387 2674 1478 2709 Edd.
1689 2683 1722 2716 5.
1748 2673 1850 2716 ταύτῃ
1871 2674 1912 2708 C.

324 2720 357 2754 6.
385 2721 475 2763 ἡμῶν
494 2721 535 2755 C.
600 2723 647 2768 τῷ
666 2730 889 2766 assumptum
908 2734 947 2756 ex
969 2722 1061 2756 C.D.
1125 2723 1303 2768 γράμμασι
1322 2721 1414 2756 Edd.
1430 2719 1710 2765 repugnantibus
1734 2720 1911 2754 omnibus.

325 2767 358 2800 8.
389 2767 486 2801 Haec
502 2767 580 2813 παρ’
599 2768 732 2813 ἐχθρῶν
750 2768 878 2802 desunt
896 2769 930 2802 in
952 2769 1042 2803 Edd.
1462 2778 1515 2801 10.
1541 2767 1572 2799 οἶ
1590 2777 1659 2799 om.
1681 2765 1721 2799 C.
1740 2765 1845 2800 habet
1864 2767 1911 2801 D.

329 2824 381 2847 11.
408 2814 566 2856 ἐπαμύνει
586 2814 625 2848 C.
647 2814 739 2849 Edd.
757 2815 916 2858 ἐπαμυνεῖ
935 2815 982 2848 D.
1398 2823 1451 2847 12.
1479 2811 1687 2855 συνθραύσω
1707 2812 1798 2845 (3.1).
1819 2812 1911 2847 Edd.

325 2859 505 2903 συνθραύει
526 2861 566 2894 Β.
817 2870 870 2905 15.
897 2865 962 2895 τῶν
979 2873 1049 2894 orn.
1071 2860 1161 2895 Edd.
1412 2870 1465 2903 19,
1486 2870 1540 2893 20.
1566 2859 1761 2902 Assumpta
1778 2860 1796 2892 ὁ
1814 2859 1911 2904 prius

325 2916 365 2937 ex
386 2906 426 2939 C.
444 2908 541 2949 (cum
568 2907 673 2941 nullis
700 2907 813 2942 Codd.
844 2908 1100 2950 Parsonsianis)
1127 2909 1144 2940 ὁ
1164 2907 1224 2941 alt.
1245 2917 1285 2939 ex
1305 2905 1347 2940 C,
1366 2905 1475 2939 invito
1498 2905 1533 2940 F.
1553 2904 1629 2949 (62,
1654 2906 1728 2946 106,
1752 2905 1848 2950 147.)
1865 2905 1909 2940 cf.

325 2950 424 2985 infra.
482 2955 664 2993 ιεβουσεως
684 2953 724 2988 C.
965 2964 1019 2998 25.
1046 2953 1203 2998 ἐδέχοντο
1224 2953 1264 2986 C.
1284 2949 1376 2997 εἶχον
1395 2951 1486 2985 Edd.
