2053 3382
107 1127 214 1166 Supra

108 1170 150 1201 vi.
171 1170 201 1200 8.

292 1856 313 1888 4

113 2160 190 2195 '731
206 2159 258 2195 A.
297 2169 320 2194 a

115 2246 221 2286 Supra.

115 2299 183 2320 ver.
204 2298 231 2321 1.

283 547 309 587 d

323 188 408 227 406
725 187 775 227 B.
820 184 1089 226 CYRILLI
1131 183 1514 224 ALEXANDR.
1736 182 1903 232 ix2-4.

326 293 397 345 ὅτι
441 296 516 345 καὶ
553 294 601 344 ἐν
642 294 801 347 αὐταῖς
845 293 1038 359 γέγονεν
1081 294 1341 347 ἀνάπαυσις
1387 293 1529 353 αὐτοῦ,
1568 290 1784 341 τουτέστι
1826 295 1910 339 τοῦ

326 374 518 426 πάντων
568 380 848 440 κρατοῦντος
898 379 1039 426 Θεοῦ.
1115 374 1438 425 ἀναπέπαυται
1487 371 1533 424 δὲ
1583 372 1653 423 ὅτι
1700 371 1912 422 τεθέαται

326 456 713 522 τετιμωρημένας.
780 457 834 507 οὐ
884 455 978 523 γὰρ
1029 456 1088 507 ἂν
1137 456 1395 520 σεσίγηκεν
1445 455 1470 505 ὁ
1518 452 1674 506 πάντα
1714 455 1912 521 ἐφορῶν,

329 541 515 606 φειδοῦς
571 561 621 589 τε
677 541 752 589 καὶ
801 538 1096 607 ἐπισκέψεως
1151 538 1297 606 ἀξιῶν
1345 536 1399 587 τὸ
1457 534 1720 587 ἀπόλεκτον
1764 534 1913 599 γένος,

327 618 543 670 τουτέστι
600 617 683 670 τὸν
743 619 960 687 Ἰσραήλ.
1051 622 1201 689 ἐφορᾷ
1265 618 1358 685 γὰρ
1414 617 1687 684 ἀνθρώπους
1740 618 1765 666 ὁ
1821 619 1955 672 τῶν5

328 701 456 752 ὅλων
508 700 642 763 Θεὸς,
689 704 765 753 καὶ
813 701 899 766 τὴν
942 702 1146 753 ἑκάστου
1188 701 1353 767 τρίβον
1406 700 1788 760 κατασκέπτεται,
1839 699 1915 748 καὶ

327 788 423 837 τοῖς
461 782 545 847 μὲν
583 785 826 834 ἀδικοῦσιν
865 784 1072 851 ἐπιφέρει
1106 782 1166 835 τὰ
1203 783 1260 852 ἐξ
1295 785 1451 849 ὀργῆς,
1490 780 1695 848 ἐκρύεται
1727 779 1775 831 δὲ
1808 777 1916 832 τοὺς

327 864 667 928 ἀδικουμένους.

405 950 695 1011 Μεμνῆσθαι
735 945 783 997 δὲ
816 948 1082 1012 ἀναγκαῖον,
1112 946 1181 997 ὅτι
1212 948 1286 997 καὶ
1310 947 1358 997 ἐν
1383 950 1479 999 τοῖς
1505 948 1809 1011 προλαβοῦσι
1834 965 1917 993 τον

327 1031 434 1096 περὶ
467 1033 562 1079 τῶν
597 1027 849 1095 τεσσάρων
885 1028 1111 1096 ἁρμάτων
1137 1029 1414 1090 εἰσκομίσας
1441 1026 1589 1093 λόγον
1615 1029 1690 1076 καὶ
1715 1025 1798 1078 τὰς
1824 1029 1917 1075 τῶν

329 1113 487 1164 ἵππων
532 1110 666 1174 ἰδέας,
715 1110 1019 1176 προστέθεικε
1069 1109 1217 1161 πάλιν
1262 1109 1430 1160 *(Ἰδοὺ
1474 1113 1516 1160 οἱ
1566 1108 1919 1174 ἐκπορευόμενοι

330 1200 357 1222 “
384 1195 457 1244 ἐπὶ
497 1195 588 1257 γῆν
626 1194 778 1259 βοῤῥᾶ
812 1193 1084 1243 ἀνέπαυσαν
1120 1191 1201 1242 τὸν
1241 1191 1389 1254 θυμόν
1427 1214 1517 1254 μου
1550 1193 1598 1241 ἐν
1630 1194 1692 1258 γῇ
1719 1191 1917 1257 βορῥᾶ.”

331 1274 617 1325 ἀναπαύεται
656 1273 704 1324 δὲ
743 1273 907 1340 ὥσπερ
947 1275 971 1324 ὁ
1003 1273 1323 1339 μισοπόνηρος
1357 1279 1440 1323 τοῦ
1474 1272 1726 1323 Δεσπότου
1761 1270 1920 1334 θυμὸς,

295 1382 316 1408 e
334 1355 631 1407 ἐκτετικότων
657 1355 740 1412 τὰς
776 1357 905 1409 δίκας
938 1360 1031 1406 τῶν
1058 1356 1183 1424 αὐτῷ
1208 1354 1657 1421 προσκεκρουκότων
1685 1353 1761 1405 διὰ
1787 1355 1922 1406 πλεί-

334 1460 458 1502 στην
485 1437 606 1501 ὅσην
632 1440 707 1488 καὶ
734 1436 964 1505 ἀχάλινον
990 1437 1236 1503 ἁμαρτίαν.

296 1684 317 1720 3
337 1671 475 1728 Τύρος
504 1670 571 1711 καὶ
597 1670 738 1711 Σιδὼν
778 1671 883 1712 διότι
922 1671 1168 1726 ἐφρόνΗσαν
1197 1670 1380 1726 σφόδρα,
1409 1670 1475 1711 καὶ
1507 1670 1757 1724 ᾠκοδόμιισε
1783 1670 1921 1728 Τύρος

402 1753 660 1810 ὀχυρώματα
704 1754 850 1811 ἑαυτῇ,
895 1754 962 1794 καὶ
1011 1754 1290 1809 ἑθΗοαύριοεν
1341 1754 1540 1810 ἀργύριον
1586 1754 1645 1794 ὡς
1695 1758 1807 1809 χοῦν,
1853 1753 1922 1794 καὶ

402 1838 607 1884 συνιΤαῑε
647 1836 814 1892 χρυσίον
850 1837 910 1877 ὡς
948 1837 1086 1877 rumim
1124 1837 1253 1877 ὁδῶν.
1314 1836 1380 1877 διὰ
1421 1841 1547 1878 τοῦτο
1585 1836 1731 1892 Κύριος
1768 1846 1923 1893 κλΗρο-

402 1922 579 1969 νομιισει
619 1920 765 1971 αὐτὴν,
794 1921 861 1960 καὶ
902 1922 1075 1962 κατάξει
1104 1918 1163 1960 εἰς
1196 1922 1416 1962 Θάλασσαν
1451 1921 1527 1961 τήν
1562 1920 1736 1969 δύναμιν
1776 1921 1922 1973 αὐτῆς,

403 2003 471 2043 καί
499 2003 604 2044 αὐτὰ
634 2003 679 2044 ἐν
707 2003 806 2059 Πυρί
836 2004 1262 2045 καταναλωθήοεται.

408 2137 672 2207 Ἐπιτρέχει
711 2143 778 2208 τῷ
816 2139 949 2209 λόγῳ
988 2138 1048 2190 τὰ
1085 2138 1426 2204 συμβεβηκότα
1459 2145 1559 2193 ταῖς
1596 2138 1785 2203 πόλεσι,
1811 2141 1920 2191 καθ’

336 2218 400 2270 ὧν
425 2224 711 2286 γεγενῆσθαι
738 2223 1070 2288 διισχυρίσατο
1095 2221 1148 2272 τὸ
1167 2229 1193 2250 “
1209 2224 1377 2285 λῆμμα
1398 2223 1616 2287 Κυριόυ.”
1659 2222 1850 2289 ἄρχεται
1875 2221 1923 2273 δὲ

336 2302 430 2354 ἀπό
456 2325 505 2354 τε
532 2306 614 2366 τῆς
641 2302 769 2370 Τύρου
796 2305 871 2354 καὶ
897 2306 980 2367 τῆς
1007 2301 1206 2366 Σιδῶνος,
1233 2303 1280 2354 αἳ
1313 2302 1369 2367 δὴ
1395 2303 1610 2367 μάλιστα
1636 2309 1730 2356 τῶν
1756 2305 1924 2356 ἄλλων

336 2384 651 2454 διαφερόντως
688 2385 945 2449 τετίμηντο,
980 2387 1275 2452 προῦχουσαι
1312 2385 1397 2449 μὲν
1435 2386 1570 2453 ἰσχύϊ
1603 2389 1678 2437 καὶ
1716 2387 1922 2456 πλούτῳ,

337 2469 413 2517 καὶ
438 2471 539 2520 ταῖς
566 2467 822 2533 εὐανδρίαις
851 2471 944 2518 τῶν
970 2465 1321 2536 κατῳκηκότων,
1347 2467 1542 2535 ἔχουσαι
1569 2466 1617 2519 δὲ
1645 2466 1807 2534 ὥσπερ
1834 2466 1923 2519 ὑπὸ

388 2626 422 2661 3.
448 2616 574 2652 πάντας
590 2616 626 2651 b.
645 2616 762 2651 invitis
782 2617 875 2651 C.D.
1283 2629 1335 2653 11.
1361 2617 1472 2653 ἵππων
1490 2617 1666 2653 B.C.D.b.
1686 2618 1812 2652 ἱππέων
1829 2618 1923 2654 Edd.

339 2663 561 2707 προστέθεικε
580 2663 713 2698 B.D.b.
733 2664 866 2709 Migne.
883 2664 1096 2720 προστέθηκε
1115 2664 1156 2699 C.
1176 2664 1268 2699 Edd.
1562 2676 1615 2709 13.
1641 2664 1869 2699 ἀναπαυσεται
1888 2666 1923 2700 b.

341 2708 458 2743 invitis
477 2709 569 2744 C.D.
826 2711 878 2745 16.
905 2712 1123 2756 ηφρόνευσαν
1139 2711 1243 2745 hodie
1262 2711 1302 2745 C.
1322 2711 1378 2756 (ευ
1395 2723 1503 2746 manu
1519 2710 1699 2745 recentiori
1717 2711 1753 2744 in
1770 2712 1923 2756 rasura.)

344 2753 562 2799 [ἢφρόνησαν
579 2755 681 2801 ΧῘῙ.]
854 2766 907 2802 17.
934 2758 986 2791 καὶ
1004 2758 1100 2802 prius
1118 2769 1187 2792 om.
1207 2758 1244 2792 F.
1264 2758 1356 2792 Edd.
1522 2758 1574 2791 18.
1602 2755 1724 2800 Κύριος
1741 2759 1837 2802 κληρ.
1857 2758 1922 2793 hoc

340 2801 463 2835 ordine
482 2802 523 2836 C.
542 2803 613 2837 inv.
632 2802 708 2837 ord.
728 2803 765 2838 F.
784 2803 877 2839 Edd.
1274 2816 1327 2850 19.
1354 2804 1413 2849 τὴν
1429 2807 1653 2848 assumptum
1670 2816 1711 2837 ex
1731 2804 1771 2837 C.
1790 2805 1923 2848 (Alex.)

343 2857 399 2881 21.
425 2848 465 2881 τὰ
484 2849 580 2883 deest
597 2849 633 2883 in
651 2849 744 2884 Edd.
1030 2861 1083 2895 23.
1113 2865 1149 2885 τε
1167 2862 1236 2885 om.
1257 2850 1296 2884 C.
1568 2860 1624 2891 24.
1649 2853 1862 2895 προῦχουσαι
1882 2851 1923 2886 C.

340 2893 462 2948 vfpoe'x.
478 2894 574 2974 1133331.
791 2904 847 2941 25.
874 2897 1058 2942 εὐανδρίαις
1078 2896 1117 2932 C.
1135 2897 1229 2942 ἀνδρ.
1250 2896 1340 2931 Edd.
1533 2895 1586 2930 26.
1612 2910 1862 2941 προεκκειμεναι
1882 2897 1922 2932 C.

343 2952 458 2982 υπερκ.
536 2952 547 2974 (
562 2967 569 2975 .

1942 1046 1989 1071 10

1946 2008 1994 2033 20
