2007 3387
329 180 412 219 248
725 183 772 222 B.
818 183 1095 223 CYRILLI
1136 179 1516 225 ALEXANDR.
1757 187 1781 225 i.
1806 197 1846 239 5,
1869 187 1905 225 6.

289 312 310 338 e
328 286 508 350 αὐτοὺς,
536 291 610 338 καὶ
636 291 771 338 οἱονεὶ
803 292 1242 356 προαποτρίβεσθαι
1269 293 1352 356 τὴν
1378 294 1624 360 πτωχείαν,
1653 300 1909 358 γηπονοῦν-

325 391 408 423 τας
433 370 559 431 τέως,
585 371 730 435 ἤγουν
756 373 1162 437 ἐμπορευομένους,
1191 373 1220 438 ἢ
1249 375 1528 441 θρεμμάτων
1558 376 1733 442 ἀγέλας
1763 399 1908 426 συνα-

324 451 626 517 γηγερκότας,
664 476 809 518 ηγουν
853 454 1008 521 ε’τερόν
1049 479 1093 506 τι
1135 461 1228 507 τῶν
1270 458 1491 508 τοιούτων
1539 459 1904 522 ἐπιτηδεύοντας.

324 534 433 583 ἀλλ’
480 531 537 597 ἧν
578 534 766 597 ἄμεινον
810 539 1130 602 ἐπιθαρσησαι
1175 542 1299 608 Θεῶ,
1343 543 1410 590 τῶ
1451 542 1527 590 καὶ
1565 540 1621 609 ἐξ
1654 541 1908 608 ἀμηχάνων

324 615 584 681 εὑρίσκοντι
610 618 839 685 μηχανὰς,
869 622 943 671 καὶ
967 620 1268 688 πλουτίζείν
1256 616 1469 689 ισχύοντι
1495 624 1570 672 καὶ
1589 629 1907 688 γηπονοῦντας
1927 646 1948 682 5

323 698 545 763 εὐλογεῖν,
568 723 643 750 και
670 723 753 755 τας
778 707 872 753 τῶν
899 704 1046 754 ὁσίων
1070 709 1321 770 πορισμῶν
1346 704 1677 771 ἀνευρεύνοντα
1703 707 1906 772 τρίβους.

321 780 478 845 ἐπειδὴ
506 780 553 832 δὲ
578 786 673 833 τῶν
711 787 773 837 εἷς
806 785 1045 844 εὐσέβειαν
1071 785 1412 852 ἀμοιρήσαντες
1436 792 1699 853 λογισμῶν,
1726 789 1802 838 καὶ
1825 791 1908 852 τῆς

322 863 500 914 ἄνωθεν
520 865 750 929 εὐμενείας
770 868 1156 931 ἀποπεπτώκασι,
1178 871 1275 920 κατ’
1295 869 1457 920 οὐδένα
1472 868 1648 936 τρόπον
1667 871 1907 938 πεπραχό-

103 955 181 989 631
201 953 251 987 A·
282 963 304 988 a
321 969 395 999 τες
419 947 593 1015 δεξιῶς,
614 949 838 1017 ταύτῃτοί
860 955 1011 1019 φησιν
1038 953 1302 1016 ἀναγκαίως
1323 952 1502 1021 Τάξατε
1531 949 1578 1012 δὴ
1604 951 1689 1007 τας
1718 949 1907 1020 καρδίας

321 1027 436 1096 ὑμῶν
473 1035 533 1085 εἰς
573 1029 654 1085 τας
696 1031 813 1088 ὁδους
848 1034 979 1101 ὑμῶν.
1048 1033 1208 1098 ὅμοιον
1243 1036 1305 1088 ὡς
1343 1038 1380 1085 εἰ
1405 1034 1536 1100 λέγοι
1567 1034 1906 1100 Κατανοήσατε
1930 1052 1977 1079 10

323 1116 522 1175 λεπτῶς,
563 1113 700 1168 ποίας
744 1116 995 1176 ἐβαδίσατε
1039 1123 1122 1167 τοῦ
1161 1116 1268 1177 βίου
1308 1118 1510 1183 τρίβους,
1550 1115 1578 1181 ἢ
1623 1118 1672 1168 τί
1710 1122 1804 1169 τῶν
1845 1121 1907 1172 εἰς

324 1196 651 1261 φιλοκερδείαν
688 1198 1085 1262 ἐπιτηδεύσαντες,
1121 1199 1355 1268 ἐπράξατε
1397 1198 1496 1249 κατ’
1534 1199 1689 1267 εὐχήν.
1757 1201 1907 1251 ἐσπεί-

322 1300 423 1344 ρατε
450 1278 613 1329 πολλὰ
651 1286 728 1330 καὶ
770 1280 1052 1347 εἰσηνεγκατε
1084 1287 1238 1348 ὀλιγα.
1308 1281 1418 1332 ἀλλ’
1446 1281 1503 1346 ἦν
1537 1282 1736 1344 ἄμεινον,
1768 1283 1903 1333 εὐλο-

320 1364 516 1424 γοῦντος
544 1364 668 1411 Θεοῦ
702 1363 910 1428 σπείρειν
948 1363 1032 1425 μὲν
1071 1363 1224 1430 ὀλίγα,
1252 1363 1622 1429 συγκομίζεσθαι
1649 1363 1697 1415 δὲ
1723 1362 1899 1415 πολλά.

320 1442 476 1506 ἐπειδὴ
512 1443 561 1494 δὲ
606 1445 731 1508 ἀπῆν
772 1445 887 1511 ὅπερ
932 1444 988 1510 ἦν
1027 1448 1294 1511 ἀναγκαῖον,
1336 1449 1513 1497 πολλοὶ
1553 1446 1636 1510 μὲν
1675 1450 1716 1497 οἱ
1756 1445 1905 1510 κόποι,
1928 1464 1975 1503 15

321 1530 514 1593 βραχεῖς
548 1525 595 1577 δὲ
633 1527 743 1577 λίαν
781 1531 823 1578 οἱ
858 1528 1043 1594 καρποί.
1112 1528 1309 1597 ἐφάγετε
1338 1535 1415 1580 καὶ
1450 1532 1525 1580 οὐκ
1554 1534 1612 1583 εἰς
1639 1531 1902 1596 πλησμονήν.

276 1612 301 1652 b
320 1606 567 1659 πάνδεινον
614 1614 764 1672 τοῦτο,
816 1613 892 1661 καὶ
955 1614 1036 1675 τῆς
1086 1611 1292 1680 ἐσχάτης
1343 1613 1513 1665 ἐνδείας
1565 1634 1612 1661 τε
1662 1612 1778 1674 ὁμοῦ
1829 1614 1905 1662 καὶ

319 1692 641 1755 ταλαιπωρίας
682 1691 919 1762 ἀπόδειξιν
956 1694 1077 1761 ἕχον,
1123 1699 1160 1744 εἱ
1199 1693 1365 1745 πολλὰ
1402 1692 1485 1757 μὲν
1523 1693 1581 1744 τὰ
1619 1693 1904 1758 ἐσπαρμένα,

320 1775 490 1840 καρποὶ
519 1773 566 1824 δέ
592 1781 824 1838 τοσοῦτοι,
852 1774 975 1826 ὥστε
1008 1781 1102 1830 τοῖς
1139 1776 1429 1841 πεπονηκόσι
1464 1781 1604 1838 λιμοῦ
1639 1778 1905 1841 κατηρτῆσ-

319 1861 398 1907 θαι
424 1857 567 1920 δίκην,
597 1859 671 1908 καὶ
706 1857 847 1924 κόρου
884 1857 1078 1910 κατόπιν
1117 1858 1227 1910 ἱέναι
1266 1857 1348 1912 τὰς
1378 1858 1574 1925 τροφάς.
1640 1859 1781 1910 ἐπίετε
1822 1860 1902 1909 καὶ
1925 1877 1974 1902 20

320 1942 397 1990 οὐκ
436 1944 494 1994 εἰς
535 1938 671 2007 μέθην.
736 1942 789 1990 οὐ
834 1939 926 2006 γὰρ
964 1939 1022 2005 ἧν
1060 1943 1282 2006 εὕβοτρυς
1317 1941 1560 2005 ἀμπελών.
1627 1942 1899 2007 συγκατηῤ-

317 2021 542 2088 ῥώστησε
594 2021 642 2073 δὲ
686 2028 781 2076 τοῖς
827 2022 975 2087 ληίοις
1019 2025 1094 2074 καὶ
1138 2022 1197 2074 τὰ
1237 2025 1346 2074 λίαν
1387 2025 1767 2087 εὐκληματοῦντα
1809 2027 1904 2074 τῶν

318 2103 492 2171 ξύλων.
559 2103 879 2175 περιεβάλεσθε
917 2113 992 2157 καὶ
1036 2111 1111 2157 οὐκ
1152 2105 1420 2174 ὲθερμάνθητε
1461 2107 1497 2157 ἑν
1537 2110 1699 2168 αὐτοῖς,
1735 2111 1903 2168 λοιμοῦ

317 2185 441 2253 τάχα
467 2210 560 2238 που
594 2189 668 2238 καὶ
707 2192 806 2241 ταῖς
846 2191 954 2238 οἰῶν
980 2188 1172 2254 ἀγέλαις
1197 2187 1541 2256 ἐνσκήψαντος,
1575 2190 1636 2241 ὡς
1671 2190 1720 2239 ἐν
1756 2188 1903 2257 ἐνδείᾳ

318 2268 537 2334 γενέσθαι
563 2269 934 2335 περιβλημάτων
961 2272 1036 2320 καὶ
1068 2270 1174 2323 τούς
1206 2268 1371 2321 πολλὰ
1396 2270 1714 2333 κεκτημένους.
1772 2269 1903 2321 ἀλλά
1922 2284 1969 2321 25

281 2373 303 2400 ο
323 2355 400 2401 καὶ
431 2357 448 2403 o‘
475 2350 570 2406 τοὺς
597 2351 774 2416 μισθους
802 2353 1000 2418 συνάγων
1028 2355 1271 2419 συνήγαγεν
1299 2357 1358 2407 εἰς
1392 2349 1548 2420 ὃεσμόν
1581 2351 1898 2421 τετρυπημένον.

319 2431 536 2496 σημαίνει
570 2433 618 2484 δὲ
652 2433 728 2484 διὰ
766 2434 942 2485 τούτων
967 2434 1074 2489 τοὺς
1108 2434 1358 2500 ἐμπορικὸν
1383 2434 1575 2502 ἔχοντας
1607 2434 1901 2498 ἐπιτήδευμα,

318 2514 361 2565 οἳ
405 2515 580 2580 τρόπον
631 2515 735 2567 τινὰ
786 2516 892 2570 τοὺς
943 2519 1025 2580 τῆς
1075 2516 1299 2582 ἐμπορίας
1343 2515 1542 2579 μισθοὺς
1588 2517 1899 2582 συλλέγουσι,

370 2684 399 2706 1.
425 2673 544 2709 αὐτοὺς
561 2685 630 2707 orn.
648 2674 693 2708 D.
947 2683 980 2719 5.
1010 2673 1105 2708 Haec
1123 2688 1176 2707 και
1193 2675 1314 2707 πλουτ.
1334 2672 1489 2717 ἰσχύοντι
1506 2678 1726 2706 accesserunt
1743 2684 1785 2706 ex
1804 2671 1846 2706 B.
1853 2672 1898 2707 D.

320 2719 446 2754 Statim
464 2721 702 2764 καὶ-τρίβους
719 2732 788 2754 om.
810 2721 851 2755 B.
1175 2720 1208 2755 6.
1234 2719 1453 2765 ἀνευρύνοντα
1473 2719 1518 2753 D.
1537 2719 1712 2763 ἀνερευνᾶν
1728 2720 1787 2754 τὰς
1805 2719 1898 2754 Edd.

323 2777 376 2800 12.
401 2766 678 2810 ἐπιτηδεύσαντες
698 2768 744 2802 D.
763 2767 1011 2811 ἐπιτηδεύοντες
1029 2768 1058 2801 Ε
1063 2766 1121 2801 dd.
1368 2777 1420 2809 13.
1447 2764 1678 2811 εἷσηνέγκιιτε]
1698 2766 1898 2811 εἷσηγάγετε

320 2814 374 2855 (ut
392 2815 512 2858 supra)
534 2814 578 2847 D.
808 2826 860 2856 14.
887 2814 1151 2860 συγκομίζεσθαι
1171 2813 1216 2847 D.
1235 2813 1448 2858 συγκομίζειν
1466 2811 1558 2846 Edd.
1780 2822 1833 2858 15.
1859 2812 1899 2855 ἧν

319 2871 389 2892 om.
411 2861 455 2893 D.
506 2862 602 2895 κόποι
622 2860 668 2894 D.
686 2862 782 2894 πόνοι
801 2861 892 2895 Edd.
1156 2860 1208 2895 16.
1234 2860 1311 2894 λίαν
1328 2871 1397 2893 om.
1419 2859 1462 2892 D.
1719 2868 1772 2903 17.
1797 2861 1897 2894 τοῦτο

319 2912 540 2951 assumptum
558 2919 599 2941 ex
620 2907 664 2941 D.
683 2908 719 2941 δε
738 2920 800 2952 plo
817 2911 916 2942 τοῦτο
937 2908 977 2942 B.
1289 2907 1341 2940 18.
1366 2906 1502 2940 dmffifl‘
1483 2921 1523 2950 εχ
1526 2920 1562 2939 ον
1579 2905 1646 2939 hoc
1663 2905 1784 2940 ordine
1804 2907 1896 2941 B.D.

321 2962 376 2985 21.
402 2967 446 2986 σι
449 2953 734 2998 γκατηρρώστησε
762 2954 803 2988 Β.
830 2954 1187 2999 συγκατηῤῥώστησαν
1215 2953 1260 2987 D.
1292 2952 1381 2986 Edd.
1449 2952 1575 2987 Statim
1606 2953 1641 2986 δέ
1672 2956 1895 2998 assumptum

319 3009 360 3030 ex
381 2998 421 3032 Β.
428 2999 473 3032 D.
589 3011 642 3044 23.
669 3003 789 3044 λοιμοῦ
807 3001 936 3036 habent
956 3002 1001 3035 D.
1006 3002 1038 3035 b.
1147 3012 1203 3043 24.
1228 3014 1293 3035 που
1311 3011 1381 3034 om.
1402 2999 1447 3033 D.
1557 3000 1612 3034 28.
1631 2999 1679 3044 οἳ]
1700 2999 1737 3033 ὃν
1756 3000 1802 3034 D.
