2053 3382
282 194 358 230 662

335 326 417 350 rum
451 318 579 349 auctor
614 314 662 347 73
693 323 726 346 e.
798 309 911 350 Deua
946 319 1038 355 quos

335 384 447 419 amat,
491 376 616 413 visitat
654 377 701 411 77
737 374 790 419 b;
839 378 876 409 et
913 384 1039 408 amore

335 449 491 491 paterno
535 439 695 488 castigat
735 441 783 475 77
823 450 854 474 c.
924 437 1037 477 Deus,

336 520 420 543 cum
449 505 557 541 idolis
586 517 660 540 una
688 516 764 539 non
790 502 1041 538 nominandus

339 573 388 608 79
413 583 445 606 c.
503 570 619 611 Deus,
651 568 889 604 Omnisciens
916 566 1041 614 argui-

337 642 397 672 tur
419 637 468 671 83
487 647 519 671 e.
569 634 687 675 Deus,
709 645 784 668 non
805 645 871 680 per
891 629 1040 679 sangui-

338 713 424 736 nem
462 698 689 739 animalium,
725 697 790 733 sed
827 709 893 744 per
930 696 1041 731 fidem

339 764 542 813 placandus
564 765 612 799 85
634 763 671 798 b.
716 763 831 803 Deus,
854 761 941 809 Ipse
962 773 1040 797 orn-

340 830 397 865 nis
436 841 516 864 sors
555 840 706 864 suorum
743 829 792 863 86
828 827 864 862 b.
929 826 1043 866 Deus,

340 894 460 930 omnis
499 893 587 929 boni
625 892 709 928 fons
744 894 792 928 88
830 892 864 928 b.
927 891 1044 934 Deus,

624 964 646 976 “
674 955 953 993 conturbaverit
995 955 1044 991 E-

340 1024 498 1072 phraim,
529 1029 566 1059 et
595 1021 841 1058 stimulaverit
869 1019 1045 1056 Judam''

340 972 412 1006 quo
455 971 579 1001 sensu,

344 1092 393 1126 89
418 1089 452 1125 b.
513 1088 630 1128 Deus,
666 1086 808 1122 nullum
842 1098 926 1121 cum
961 1085 1047 1120 dae-

345 1153 516 1190 monibus
544 1152 808 1188 commercium
837 1150 976 1198 patitur
997 1152 1047 1186 90

345 1219 380 1254 d.
434 1218 548 1259 Deus,
570 1217 711 1265 gloriae
731 1214 899 1251 militaris
920 1220 1049 1250 auctor

345 1285 392 1320 91
431 1295 464 1319 e.

346 1347 533 1384 maledicit
550 1349 599 1383 92
618 1347 653 1382 d.
695 1345 813 1386 Deus,
832 1345 922 1380 iram
945 1356 1048 1379 suam

528 1282 640 1323 Deus,
674 1280 817 1317 homini
850 1279 1050 1315 fidentibus

346 1425 413 1461 per
445 1411 655 1459 symbolum
685 1410 845 1446 ferarum
876 1408 1050 1456 exprimit

348 1480 397 1514 93
419 1477 456 1512 b.
509 1476 623 1515 Deus,
646 1487 718 1522 quo
740 1486 849 1510 sensu
871 1473 908 1508 in
928 1473 1050 1509 locum

348 1546 555 1578 revertatur
582 1542 631 1576 92
653 1540 687 1575 d.
744 1538 860 1579 Deus,
888 1538 1051 1573 humano

347 1618 451 1642 more
489 1605 532 1641 iis
570 1605 700 1640 adesse
739 1604 884 1644 dicitur,
921 1603 1052 1650 quibus

349 1671 509 1720 gratiam
548 1669 611 1705 dat
650 1672 699 1705 93
739 1681 771 1704 e.

349 1735 572 1772 medicinam
602 1733 816 1781 disciplinae
849 1733 896 1768 ad
925 1731 1052 1780 poeni-

835 1669 948 1708 Deus,
987 1679 1053 1716 per

351 1800 506 1837 tentiam
527 1799 671 1841 invitat,
691 1800 740 1834 94
758 1811 790 1834 a.
832 1798 945 1840 Deus,
963 1809 1054 1844 quos

350 1865 497 1914 premit,
520 1876 632 1900 nemo
657 1862 765 1910 eripit
785 1864 835 1898 95
857 1862 891 1898 d.
940 1861 1054 1903 Deus,

352 1942 476 1978 quare,
504 1929 607 1977 quasi
634 1927 798 1976 ignarus,
824 1927 1056 1974 interrogare

351 1995 482 2036 soleat,
505 1996 554 2030 96
573 1993 608 2034 d,
641 1994 717 2029 686
735 2005 766 2028 e.

353 2072 428 2095 non
443 2059 531 2095 fecit
551 2058 688 2107 populo
709 2070 775 2093 suo
792 2058 842 2093 96
861 2069 894 2093 e.
943 2056 1056 2099 Deus,

828 1992 943 2032 Deus,
965 1990 1057 2026 nihil

353 2137 519 2161 amorem
554 2135 662 2159 suum
697 2122 860 2163 exhibet,
893 2120 1056 2156 Pseudo-

353 2188 555 2237 prophetas
602 2186 826 2235 extinguens
874 2188 924 2223 97
964 2185 987 2220 d
1016 2196 1057 2230 e3

354 2253 444 2289 item
492 2252 583 2288 Filio
637 2264 703 2287 suo
751 2251 876 2292 misso,
925 2252 974 2286 98
1023 2250 1060 2287 b.

355 2318 472 2362 Deus,
503 2317 565 2352 diu
594 2316 752 2365 patiens,
783 2315 933 2351 tandem
968 2315 1058 2350 iras-

357 2387 474 2425 cetur,
519 2383 593 2418 105
633 2393 679 2427 e;
731 2382 804 2416 106
845 2380 881 2415 d.
945 2379 1059 2419 Deus,

357 2459 455 2483 nova
492 2446 631 2482 scelera
671 2445 899 2493 indignatus,
938 2443 1063 2491 priora

357 2511 606 2547 reminiscitur
627 2512 700 2547 106
717 2522 757 2555 e;
786 2512 858 2546 107
877 2522 908 2545 a.
946 2509 1061 2549 Deus,

358 2575 486 2612 hostes
516 2588 602 2611 suos
631 2575 757 2618 exitio,
786 2574 889 2622 quasi
918 2585 1062 2622 passer-

360 2640 462 2676 culos
490 2640 573 2681 reti,
601 2645 725 2687 captat
754 2641 828 2675 113
856 2652 889 2675 c.
948 2638 1062 2677 Deus,

360 2704 527 2739 omnium
547 2705 730 2740 bonorum
751 2709 892 2746 auctor,
914 2703 1063 2751 neglec-

361 2774 421 2804 tus
447 2774 572 2804 tamen
602 2771 675 2805 114
704 2781 734 2804 e.
795 2768 908 2810 Deus,
936 2774 973 2804 et
997 2767 1061 2803 do-

362 2832 437 2868 cuit
457 2838 493 2868 et
522 2833 687 2870 defendit
705 2833 892 2875 Israelem,
913 2833 1062 2881 neglec-

362 2901 423 2931 tus
452 2902 577 2933 tamen
606 2900 678 2934 115
705 2897 739 2933 d.
797 2899 910 2940 Deus,
938 2909 1063 2933 arcum

363 2959 521 2998 intendit
540 2968 672 2998 contra
695 2962 910 2998 idololatras
935 2964 1008 2998 116
1030 2974 1062 2998 c.

813 185 1027 224 INDEX
1086 184 1329 221 RERUM.
1750 196 1861 220 nuos.

1163 305 1276 348 Deus,
1291 304 1459 341 vexando
1474 304 1582 340 docet
1599 306 1671 340 118
1685 304 1719 340 b.
1748 303 1865 347 Deus,

1162 382 1271 418 reges
1292 369 1439 405 Israelis
1465 369 1680 405 idololatras
1704 382 1778 404 non
1799 381 1864 416 ag-

1162 434 1283 470 noscit
1303 436 1376 470 118
1395 434 1431 469 d.
1476 434 1593 476 Deus,
1611 434 1710 482 quod
1725 433 1866 469 factum

1165 505 1232 545 est,
1240 499 1459 544 facit,etiam
1467 499 1602 535 malum
1615 501 1631 534 1
1642 501 1688 534 18
1698 511 1731 544 e,
1748 501 1823 535 217
1835 510 1866 534 e.

1164 565 1282 605 Deus,
1327 563 1419 599 nihil
1461 576 1538 599 non
1577 564 1679 599 videt
1720 565 1793 599 119
1833 575 1867 600 e.

1167 629 1280 670 Deus,
1316 627 1542 664 infirmitatis
1575 634 1728 676 peccata
1760 639 1869 675 saepe

1168 699 1333 738 excusat,
1356 692 1557 728 aversionis
1583 705 1772 740 nunquam
1796 694 1871 728 120

1168 771 1197 794 a.
1238 758 1353 799 Deus,
1367 757 1646 793 idololatrarum
1664 757 1741 793 odit
1758 757 1869 792 etiam

1167 824 1324 859 virtutes
1355 824 1429 859 120
1454 834 1484 857 e.
1541 822 1656 863 Deus,
1683 826 1871 868 utcunque

1168 887 1406 936 longanimis,
1440 886 1590 922 tandem
1626 886 1802 922 Israelem
1833 885 1871 920 in

1165 953 1346 1001 judicium
1387 957 1495 987 vocat
1542 953 1614 987 122
1655 951 1688 987 d.
1756 951 1872 991 Deus,

1171 1030 1262 1065 quae
1292 1022 1329 1053 et
1358 1016 1427 1052 sibi
1454 1022 1491 1052 et
1518 1016 1759 1052 daemonibus
1787 1021 1874 1051 sunt

1171 1083 1305 1127 oblata,
1325 1094 1400 1117 non
1422 1081 1553 1128 accipit
1573 1083 1646 1117 124
1664 1081 1708 1126 d;
1743 1082 1816 1117 128
1838 1079 1872 1116 d.

1172 1147 1284 1192 Deus,
1309 1152 1409 1182 recte
1436 1145 1595 1181 vivendo
1619 1145 1796 1181 colendus
1819 1150 1876 1180 est

1176 1213 1250 1248 124
1281 1223 1311 1247 e.
1371 1211 1484 1251 Deus,
1520 1210 1688 1246 Gratiam
1723 1209 1875 1245 habenti

1173 1276 1287 1318 addit,
1322 1275 1542 1323 negligenti,
1576 1275 1705 1310 adimit
1739 1276 1812 1311 125
1844 1286 1876 1310 e.

1174 1341 1276 1377 solus
1301 1341 1364 1376 dat
1387 1340 1562 1388 pluviam,
1585 1340 1685 1376 solus
1707 1339 1877 1376 Gratiam

1178 1408 1251 1442 128
1274 1419 1306 1442 e.

1178 1474 1252 1508 130
1283 1484 1311 1507 e.
1371 1471 1486 1511 Deus,
1520 1470 1617 1505 dona
1651 1482 1716 1506 sua
1749 1470 1874 1518 abjici-

1176 1542 1294 1577 entes,
1315 1536 1416 1583 ipsos
1438 1535 1565 1583 abjicit
1590 1537 1662 1571 130
1680 1548 1710 1571 e.
1765 1536 1877 1577 Deus,

1176 1606 1452 1648 contemptores
1504 1600 1558 1635 sui
1613 1612 1689 1635 non
1742 1600 1881 1647 patitur

1182 1668 1254 1702 139
1277 1666 1311 1702 d.
1368 1665 1484 1706 Deus,
1512 1664 1782 1712 Prophetarum
1810 1665 1877 1700 ini-

1178 1731 1294 1767 micos
1309 1730 1386 1777 ipse
1403 1728 1592 1765 ulciscitur
1611 1732 1684 1766 140
1701 1730 1735 1766 b.
1766 1730 1880 1774 Deus,

1179 1795 1247 1831 sibi
1267 1794 1487 1831 accedentes
1507 1794 1544 1829 in
1564 1801 1675 1836 terra,
1698 1807 1822 1830 secum
1844 1794 1882 1829 in

1180 1860 1284 1896 coelo
1297 1858 1478 1896 recreabit
1496 1860 1568 1895 142
1583 1871 1616 1895 e.
1653 1859 1770 1902 Deus,
1784 1858 1883 1907 quod

1181 1938 1259 1962 non
1284 1925 1368 1972 Ipse
1393 1924 1575 1966 aedificat,
1595 1924 1728 1960 evertit
1752 1926 1825 1960 147
1847 1936 1880 1960 e.

1183 1991 1299 2035 Deus,
1333 1989 1522 2025 Judicium
1557 1989 1747 2025 minitatur
1776 1988 1884 2025 idolis

1184 2055 1330 2091 Israelis
1382 2057 1454 2090 148
1499 2066 1520 2090 a
1545 2066 1553 2099 ;
1626 2060 1663 2090 et
1713 2054 1885 2090 omnibus

1182 2120 1305 2169 impiis
1336 2122 1407 2155 148
1441 2119 1474 2155 b.
1531 2119 1644 2159 Deus,
1677 2118 1884 2160 Solomoni,

1182 2185 1282 2221 idola
1310 2184 1458 2225 colenti,
1489 2184 1715 2232 longanimis
1748 2186 1821 2220 149
1850 2195 1884 2219 a.

1370 1406 1484 1446 Deus,
1506 1418 1688 1452 nusquam
1713 1404 1875 1440 vitabilis

1182 2249 1299 2292 Deus,
1327 2249 1503 2285 Israelem
1527 2248 1739 2290 humilians,
1766 2249 1886 2284 Judae

1183 2315 1368 2363 paulisper
1387 2314 1557 2362 indulget
1581 2316 1655 2350 150
1677 2314 1714 2349 d.
1772 2314 1886 2355 Deus,

1185 2392 1297 2428 quare
1311 2379 1357 2415 sit
1370 2378 1594 2427 longanimis
1612 2380 1681 2414 151
1700 2391 1730 2414 a.
1768 2377 1886 2418 Deus,

1184 2457 1284 2481 nunc
1322 2444 1523 2492 suppliciis,
1561 2456 1661 2479 nunc
1702 2442 1888 2491 praemiis,

1186 2510 1387 2546 admonere
1425 2508 1521 2544 solet
1562 2510 1632 2544 151
1675 2520 1707 2544 e.
1771 2507 1888 2550 Deus,

1187 2573 1311 2610 animo
1338 2586 1412 2609 non
1439 2573 1522 2609 loco
1547 2572 1789 2620 quaerenduS‚
1814 2573 1886 2607 152

1188 2651 1218 2675 c.
1276 2639 1390 2679 Deus,
1412 2637 1500 2673 boni
1521 2636 1682 2678 seminis,
1703 2636 1725 2671 i.
1739 2648 1769 2671 e.
1793 2635 1888 2670 Gra-

1187 2703 1274 2745 tiae,
1304 2703 1403 2738 solus
1430 2707 1559 2737 auctor
1589 2703 1662 2737 152
1683 2700 1718 2736 d.
1776 2699 1889 2744 Deus,

1188 2767 1345 2816 patiens,
1375 2767 1547 2810 dormire,
1574 2765 1766 2805 ulciscens,
1795 2763 1889 2811 vigi-

1187 2832 1277 2874 lare,
1322 2831 1456 2867 dicitur
1507 2831 1580 2867 156
1625 2841 1645 2864 a
1678 2841 1710 2864 e.
1773 2828 1888 2870 Deus,

1189 2908 1314 2933 amore
1372 2894 1552 2942 impulsus
1607 2893 1719 2940 elegit
1772 2892 1891 2928 Jacob

1194 2963 1265 2996 157
1283 2960 1327 3005 b;
1359 2964 1396 2995 et
1415 2959 1590 3006 Aegypto
1611 2957 1744 3005 eripuit
1769 2959 1842 2994 157
1859 2969 1890 2993 c.
