2053 3382
287 179 371 219 608
673 179 723 220 B.
767 178 1048 219 CYRILLI
1100 178 1485 221 ALEXANDR.
1663 179 1723 219 iii.
1748 190 1871 231 7—10.

286 286 570 353 ἐπιγάνυται,
605 293 850 354 πανταχοῦ
885 286 972 351 τὴν
1007 286 1281 353 ἀπόγνωσιν
1313 290 1374 341 ὡς
1407 287 1609 353 ὀλέθρου
1645 285 1874 354 πρόξενον

287 370 559 435 ἀποκείρων.
614 369 720 419 ὅθεν
756 369 886 419 ε”στιν
921 372 1045 432 ἰδεῖν,
1082 371 1143 422 ὡς
1180 369 1332 433 δεινήν
1364 391 1468 419 τινα
1502 371 1567 438 τῷ
1602 369 1692 436 βίῳ
1730 366 1876 417 νόσον

287 449 577 516 εἰσφέρουσι,
615 453 657 501 οὶ
695 449 781 514 τὴν
815 453 898 513 τῆς
935 451 1181 513 μετανοίας
1219 450 1575 514 κιβδηλεύοντες
1613 448 1764 516 χάριν,
1801 449 1880 499 καί

287 536 465 597 σφισιν
504 532 659 585 αὐτοῖς
704 530 1061 599 ἐπιφημίζοντες
1105 534 1297 594 ἀμαθῶς
1336 531 1390 583 τὸ
1431 534 1513 595 τῆς
1558 530 1876 597 καθαρότητος

287 611 448 673 ὄνομα.
517 614 665 663 καίτοι
703 618 803 667 πῶς
842 614 925 664 οὐκ
964 614 1153 676 ἄμεινον
1186 614 1369 675 ἐννοεῖν,
1406 612 1475 663 ὅτι
1514 612 1569 664 τὸ
1607 612 1792 663 οἴεσθαί
1825 634 1873 662 τε

288 694 364 742 καὶ
407 696 578 760 χρῆναι
623 693 781 759 λέγειν
825 692 939 745 εἶναι
981 693 1213 760 καθαροὺς
1258 694 1551 759 ἀκαθαρσίας
1595 695 1749 747 αὐτοῖς
1792 695 1875 756 τῆς

67 779 219 854 ξέᾸῙῑῑῑ·
289 773 496 842 ἐσχάτης
540 777 779 840 ἐπίκλημα
823 775 985 844 φέρεις
1038 776 1298 841 γέγραπται
1342 775 1435 841 γὰρ
1481 775 1552 826 ὅτι
1594 782 1622 804 “
1641 776 1762 840 Λέγε
1807 773 1872 824 σὺ

114 848 119 854 ”
245 865 271 905 b
291 862 317 884 ‘⁶
341 855 425 909 τὰς
450 857 677 923 ἁμαρτίας
703 880 794 908 σου
821 862 1020 922 πρῶτος,
1048 858 1123 908 ἵνα
1151 858 1442 925 δικαιωθῇς·”
1483 856 1668 924 ψάλλει
1700 857 1753 906 δέ
1780 877 1874 907 που

68 951 123 982 Ps.
139 952 160 982 1.
177 959 205 991 5·
289 940 365 988 καὶ
393 939 417 988 ὁ
445 942 564 992 θεῖος
589 939 698 1002 ἡμῖν
718 941 893 989 Δαυείδ
913 938 1063 990 ίί”’()τι
1089 938 1175 1002 τὴν
1195 940 1391 1002 ἀνομίαν
1414 961 1505 1002 μου
1527 937 1618 1004 ἐγὼ
1638 938 1873 1003 γινώσκω,

67 1031 160 1080 ῌὶοι)
291 1025 318 1048 “
344 1021 419 1069 καὶ
441 1020 468 1082 ἡ
489 1021 693 1086 ἁμαρτία
719 1043 809 1082 μου
835 1018 1033 1071 ἐνώπιόν
1059 1043 1148 1083 μου
1173 1022 1273 1070 ἐστὶ
1301 1019 1376 1070 διὰ
1400 1018 1616 1074 παντός.”
1665 1026 1691 1049 “
1711 1023 1874 1070 Καθα-

68 1085 133 1107 xxv.
153 1087 183 1114 4·
292 1106 318 1129 ‘⁶
342 1099 423 1165 ρὸς
456 1100 547 1167 γὰρ
582 1102 727 1155 οὐδεὶς
762 1101 856 1152 ἀπὸ
889 1101 1078 1168 ῥύπου,”
1106 1101 1225 1152 κατὰ
1250 1101 1303 1152 τὸ
1329 1102 1666 1167 γεγραμμένον.
1718 1104 1789 1151 δεῖ
1817 1100 1874 1164 δὴ

290 1182 371 1233 οὖν
392 1183 483 1248 ἄρα
508 1188 602 1236 τοῖς
630 1185 776 1237 οὕτως
802 1182 1136 1250 ἠῤῥωστηκόσι
1159 1181 1213 1233 τὸ
1241 1183 1423 1245 ἄναλκι,
1444 1187 1537 1233 τῶν
1557 1185 1606 1233 ἐκ
1631 1183 1875 1245 μετανοίας

289 1265 484 1329 ἀγαθῶν
522 1266 598 1315 καὶ
642 1268 724 1329 τῆς
771 1265 948 1316 ἄνωθεν
986 1263 1269 1330 ἡμερότητος
1314 1264 1606 1330 διανιζούσης
1648 1265 1696 1314 εὖ
1740 1263 1875 1326 μάλα

289 1345 372 1396 τὸν
409 1347 784 1411 μεμολυσμένον,
825 1350 900 1397 καὶ
939 1346 1208 1411 δικαιούσης
1247 1347 1330 1397 τὸν
1367 1349 1538 1409 ἀσεβῆ.
1602 1351 1739 1396 καλεῖ
1774 1368 1868 1396 τοι·

289 1433 466 1492 γαροῦν
492 1431 555 1481 εἷς
579 1427 880 1493 μετάγνωσιν
907 1430 960 1496 ἐξ
987 1428 1270 1493 ἡμερότητος
1296 1427 1403 1481 τοὺς
1430 1427 1769 1493 ἡμαρτηκότας.

364 1509 632 1575 Ἐρομένοις
659 1508 707 1560 δὲ
731 1510 803 1572 αὖ,
828 1512 903 1560 καὶ
927 1511 1180 1572 ἀναμαθεῖν
1203 1509 1419 1560 ἐθέλουσι
1443 1512 1524 1572 τῆς
1550 1508 1875 1572 πλημμελείας

253 1587 375 1640 οτὸν
419 1589 607 1655 τρόπον,
649 1597 700 1642 Εἰ
745 1595 928 1659 πτερνιεῖ
975 1597 1126 1659 φησιν
1170 1590 1388 1659 ἅνθρωπος
1432 1591 1555 1652 Θεὶν,
1601 1587 1705 1641 διότι
1751 1593 1875 1657 ὑμεῖς

293 1673 536 1741 πτερνίζετέ
580 1696 667 1739 μες
725 1672 779 1723 τὸ
830 1672 877 1723 δὲ
928 1674 1162 1742 πτερνιζειν
1212 1674 1314 1723 ἐστὶ
1365 1672 1418 1723 τὸ
1467 1671 1796 1738 συναρπάζειν,
1844 1669 1874 1734 ἢ

292 1752 561 1820 φενακίζειν,
583 1754 767 1805 οἴεσθαί
789 1777 838 1805 τε
865 1759 1027 1806 λαθεῖν
1047 1754 1363 1823 ψευδομένους
1388 1753 1546 1821 τυχὸν,
1571 1752 1598 1817 ἢ
1619 1755 1695 1804 καὶ
1720 1757 1868 1819 δρῶν-

292 1833 375 1887 τάς
406 1857 509 1885 τινα
540 1840 634 1886 τῶν
664 1837 1013 1889 ἐκτοπωτάτων,
1066 1838 1141 1887 καὶ
1167 1841 1283 1900 γοῦν
1314 1834 1507 1887 ἐνεκότει
1544 1834 1628 1899 μὲν
1659 1837 1684 1886 ὁ
1710 1836 1873 1885 Ἡσαῦ

292 1919 359 1984 τῷ
382 1915 571 1979 Ἰακὼβ,
599 1923 680 1968 τοῦ
707 1917 754 1968 δὲ
781 1922 932 1987 φονᾶν
951 1917 1038 1981 τὴν
1057 1917 1304 1984 πρόφασιν
1330 1917 1641 1986 ἐξηγούμενος
1667 1917 1875 1985 ἔφασκεν

71 2014 159 2063 Gen...
294 2004 321 2025 ‘⁶
347 1998 625 2064 Ἐπτέρνισε
651 1997 744 2065 γάρ
777 2022 835 2063 με
867 2004 1006 2050 τοῦτο
1038 1999 1126 2063 ἤδη
1162 1998 1386 2065 δεύτερον,
1414 1998 1473 2048 τά
1502 2021 1551 2049 τε
1584 1997 1878 2063 πρωτοτόκιά

71 2057 232 2095 xxvu.36.
296 2085 323 2107 ‘⁶
349 2102 440 2142 μου
478 2080 660 2149 εἴληφε,
702 2083 777 2131 καὶ
816 2087 899 2132 νῦν
939 2081 1083 2141 ε”λαβε
1123 2080 1208 2144 τὴν
1244 2080 1462 2146 εὐλογίαν
1499 2080 1637 2143 μου.”
1689 2077 1760 2145 ἆρ’
1795 2081 1877 2130 οὖν

293 2161 548 2226 περιέσται,
601 2165 765 2232 φησὶν,
814 2161 1028 2231 ἅνθρωπος
1080 2165 1203 2225 Θεοῦ,
1253 2162 1400 2228 ἤγουν
1448 2161 1746 2228 συναρπάσει
1793 2159 1877 2212 τὸν

293 2242 449 2293 πάντα
487 2244 668 2303 εἰδότας
715 2245 764 2296 τί
796 2246 950 2296 τοίνυν
989 2249 1112 2313 ὑμεῖς
1152 2244 1229 2312 ἐμὲ
1267 2245 1535 2313 πτερνίζετες

249 2334 278 2375 d
368 2328 553 2391 Χρῆναι
598 2325 645 2376 δὲ
691 2326 1016 2388 ὑπολαμβάνω
1060 2325 1178 2392 πρὸς
1227 2327 1396 2391 ἀκριβῆ
1443 2323 1740 2393 διασάφησιν
1781 2329 1876 2375 τῶν

293 2407 606 2471 προκειμένων
633 2408 742 2471 ἡμῖν
774 2410 960 2459 ἐννοιῶν
995 2409 1137 2472 ὀλίγα
1172 2407 1290 2457 ἅττα
1325 2408 1399 2457 καὶ
1435 2412 1517 2456 νῦν
1548 2410 1702 2468 εἰπεῖν,
1734 2403 1764 2456 ἃ
1799 2408 1874 2457 καὶ

293 2491 341 2538 ἐν
362 2493 456 2542 τοῖς
483 2495 566 2539 τοῦ
582 2488 775 2556 ”Έσδρα
799 2490 1060 2556 γέγραπται
1087 2490 1306 2550 βιβλίοις.
1352 2486 1507 2551 ἐπειδὴ
1528 2486 1621 2554 γὰρ
1643 2490 1875 2552 ἐπανῆκον

343 2699 374 2723 2.
401 2689 496 2723 ἔστιν
513 2689 596 2723 ἰδεῖν
612 2689 678 2723 hoc
696 2688 817 2723 ordine
837 2689 878 2723 Β.
944 2689 1035 2723 δεινά
1053 2688 1145 2723 Edd.
1208 2687 1292 2734 βίῳ]
1317 2693 1352 2729 -f-
1374 2689 1434 2731 τὴν
1450 2688 1510 2723 fid,
1662 2701 1695 2731 4.
1721 2687 1873 2734 ἀμαθῶς]

293 2735 427 2778 ἀληθῶς
444 2735 503 2769 iid.
686 2736 718 2769 6.
748 2735 845 2769 Haec
862 2736 975 2781 λέγειν
993 2734 1074 2770 εἶναι
1092 2741 1314 2770 accesserunt
1332 2747 1372 2769 ex
1393 2736 1434 2770 B.
1615 2743 1646 2779 7.
1673 2734 1725 2768 ὅτι
1743 2746 1813 2769 om.
1832 2735 1876 2769 Β.

295 2782 329 2815 8.
354 2779 533 2827 ἁμαρτίας]
552 2780 690 2826 ἀνομίας
709 2781 801 2815 Edd.
866 2797 932 2816 που
950 2789 983 2816 et
1001 2782 1078 2825 ἡμῖν
1095 2788 1128 2815 et
1145 2782 1197 2815 ὅτι
1215 2793 1284 2816 om.
1305 2781 1347 2816 B.
1493 2792 1545 2815 12.
1571 2781 1637 2822 ἄρα
1653 2788 1878 2826 assumptum

295 2839 336 2860 ex
357 2828 400 2861 B.
630 2840 682 2873 13.
709 2827 938 2874 διανιζούσης]
958 2828 1196 2871 διανιπτούσης
1214 2828 1306 2862 Edd.
1536 2839 1588 2872 19.
1615 2826 1685 2873 καὶ]
1710 2832 1746 2867 -ί-
1768 2842 1799 2861 τι
1817 2827 1876 2862 iid.

298 2885 352 2907 21.
377 2873 503 2919 φονᾶν]
522 2874 663 2919 φθονεῖν
680 2875 740 2909 iid.
998 2886 1052 2909 22.
1080 2875 1257 2918 ἐπτέρνισε
1276 2874 1380 2908 habet
1400 2874 1441 2909 Β.
1507 2877 1606 2908 τοῦτο
1624 2880 1703 2918 post
1720 2873 1878 2918 δεύτερον

296 2926 428 2964 transp.
449 2921 507 2955 iid.
849 2932 903 2967 23.
931 2921 1055 2967 ἔλαβε]
1076 2920 1198 2966 εἴληφε
1218 2921 1276 2956 iid.
1296 2921 1438 2965 (Alex.)
1504 2920 1629 2956 Statim
1649 2922 1701 2955 καὶ
1718 2920 1799 2956 add.
1817 2920 1876 2955 iid-

299 2974 353 3008 27.
380 2965 479 3011 ὀλίγα
498 2967 641 3002 accessit
659 2980 698 3001 ex
720 2967 760 3001 B.

1895 627 1917 665 5

1901 1045 1949 1071 10

1897 1858 1946 1883 20
