2053 3382
291 182 376 222 438
684 184 734 226 B.
778 183 1052 225 CYRILLI
1097 184 1481 226 ALEXANDR.
1782 196 1878 236 x.7.

292 288 401 343 τοὺς
434 291 730 354 ἠλεημένους,
756 291 989 357 ἐπιφέρων
1016 290 1172 343 “”Οτι
1206 293 1428 358 ἠγάπηκα
1463 293 1669 346 αὐτούς.”
1724 295 1800 343 καὶ
1837 292 1886 342 τί

292 375 597 437 κερδανοῦσιν
646 374 695 422 ἐκ
747 377 830 422 τοῦ
882 374 1161 437 ἠγαπῆσθαι
1217 374 1347 439 παρὰ
1405 378 1547 432 Θεοῦ,
1602 373 1882 439 διερμηνεύει

67 469 156 504 750
173 468 223 503 Α.
250 452 453 505 απάλιν.
518 451 681 518 ὥσπερ
727 452 834 519 γὰρ,
875 457 1040 522 φησὶν,
1082 460 1157 506 οὐκ
1194 451 1558 525 ἀπεστρεψοὶμην
1597 456 1765 511 αὐτούς.
1829 457 1881 506 οὐ

291 533 384 599 γὰρ
426 536 654 599 περιεῖδον
697 538 760 588 εἷς
805 532 948 598 ἅπαν,
991 537 1334 604 ἐπεσκεψάμην
1372 536 1420 588 δὲ
1460 536 1877 598 κεκινδυνευκότας,

66 635 161 664 Rom.
181 634 226 664 iii.
289 615 350 665 ’ότι
397 614 485 680 ἐγὼ
529 615 677 682 Κύριος
717 622 735 667 ὁ
776 616 890 671 Θεές
935 616 1090 669 αὐτῶν·
1147 619 1201 668 οὐ
1240 618 1333 684 γὰρ
1372 619 1655 669 ιζἸουδαίων
1694 619 1719 668 ὁ
1759 617 1921 674 Θεὸς5

67 687 117 717 29'
290 703 318 725 “
344 695 526 758 μόνον,”
562 696 693 747 ἀλλὰ
738 700 812 748 καὶ
851 700 1008 760 ἐθνῶν,
1050 702 1111 753 ὡς
1157 698 1458 765 Δημιουργὸς
1502 705 1596 750 τῶν
1635 699 1761 750 ὅλων
1806 702 1881 749 καὶ

290 776 477 842 Κύριος.
544 778 768 845 ταύτῃτοί
806 784 928 846 φησι
974 784 1051 831 καὶ
1094 780 1408 848 {famoso-olum
1451 779 1601 841 αὐτῶν,
1642 781 1875 841 τουτέστι,

286 858 547 923 ποιήσομαι
592 859 755 914 δεκτάς
795 860 878 914 τὰς
921 861 1030 927 παρ’
1075 863 1228 912 αὐτῶν
1266 862 1414 915 λιτάς.
1486 868 1563 912 καὶ
1611 861 1778 912 ἔσονται
1823 864 1880 915 ὡς

286 946 498 1007 μαχηταὶ
539 943 611 992 τοῦ
645 942 866 1011 Ἐφραίμ.
929 944 1089 1006 ὅμοιον
1128 946 1189 996 ὡς
1229 948 1264 994 εἷ
1305 943 1437 1009 λέγοι
1475 943 1622 994 πάλιν
1663 946 1727 993 Οἱ
1765 942 1878 993 ποτὲ

288 1021 364 1072 διὰ
423 1029 504 1073 νοῦ
555 1024 630 1073 καὶ
681 1023 853 1091 φρενὸς
903 1025 1150 1075 ἀσθένειαν
1204 1028 1338 1075 οἱονεὶ
1388 1024 1655 1089 παρειμένοι
1705 1047 1754 1074 τε
1804 1026 1878 1074 καὶ
1903 1045 1949 1070 10

287 1104 497 1167 κείμενοι,
544 1104 709 1171 ἰσχύος
761 1109 824 1159 εἷς
868 1112 1007 1156 τοῦτο
1056 1107 1144 1170 ἤδη
1190 1110 1272 1170 τῆς
1323 1109 1636 1169 πνευματικῆς
1684 1105 1875 1171 ἐνεχθή-

286 1208 455 1235 σονται
489 1188 550 1239 ὡς
582 1186 670 1250 ἤδη
702 1210 801 1240 πως
836 1189 884 1237 ἐν
916 1187 1006 1256 ἰ’σῳ
1040 1187 1258 1255 τετάχθαι
1294 1190 1443 1238 δοκεῖν
1469 1193 1563 1241 τοῖς
1596 1188 1652 1255 ἐξ
1676 1186 1878 1255 Ἐφραὶμ

243 1267 642 1331 1)ηὐδοκιμηκόσι,
691 1269 906 1319 τουτέστι
958 1274 1054 1323 τοῖς
1102 1270 1159 1338 ἐξ
1206 1270 1442 1320 Ἰουδαίων
1490 1269 1780 1321 ἀποστόλοις
1827 1291 1877 1318 τε

287 1350 362 1398 καὶ
397 1349 770 1413 εὐαγγελισταῖς.
822 1356 1034 1417 μαχηταὶ
1060 1350 1153 1416 γὰρ
1179 1354 1219 1400 οἱ
1252 1350 1417 1400 τοιοίδε
1447 1349 1670 1415 γεγόνασι
1698 1352 1873 1414 νοητοῖ,

289 1433 630 1484 καταθλοῦντες
690 1433 884 1497 ἐχθρῶν,
944 1430 1208 1492 βάλλοντες
1268 1431 1376 1485 τοὺς
1439 1432 1749 1492 ὑπεναντίους,
1802 1433 1875 1481 καὶ
1902 1447 1946 1484 15

64 1525 149 1565 Eph.
166 1525 209 1557 vi.
289 1515 503 1566 νικῶντες
555 1512 639 1573 μὲν
682 1513 842 1580 ἀρχὰς,
889 1512 1102 1576 δυνάμεις
1147 1537 1195 1564 τε
1243 1516 1317 1564 καὶ
1364 1513 1650 1580 κυριότητας,
1696 1515 1770 1564 καὶ
1818 1513 1877 1564 τὰ

66 1576 114 1599 η’
288 1593 577 1656 πνευματικὰ
615 1597 696 1658 τῆς
735 1596 974 1660 πονηρίας,
1015 1601 1290 1661 κρατοῦντες
1330 1594 1378 1645 δὲ
1415 1597 1582 1661 ἀμαχεὶ
1618 1599 1712 1645 τῶν
1743 1597 1877 1645 ἀνθε-

286 1674 532 1737 στηκότων
570 1680 666 1728 τοῖς
705 1676 842 1730 θείοις
881 1676 1166 1741 κηρύγμασι.
1232 1676 1458 1741 γεγόνασι
1497 1676 1545 1727 δὲ
1584 1678 1659 1726 καὶ
1700 1677 1749 1727 ἐκ
1792 1679 1876 1738 τῆς

282 1760 378 1806 τῶν
415 1758 562 1807 ἐθνῶν
599 1758 813 1820 πληθύος
858 1759 1132 1821 κεκλημένοι
1179 1757 1254 1808 διὰ
1297 1761 1379 1821 τῆς
1421 1759 1626 1811 πίστεως
1672 1761 1734 1810 εἱς
1777 1758 1875 1808 ἐπί-

282 1860 463 1903 γνωσιν
498 1844 580 1889 τοῦ
619 1842 850 1904 Χριστοῦ,
886 1839 1049 1904 ἄνδρες
1088 1838 1211 1904 ἅγιοι
1250 1842 1324 1889 καὶ
1364 1838 1758 1907 πνευματοφόροι,
1798 1842 1873 1890 καὶ
1895 1861 1944 1886 20

283 1921 340 1972 ὡς
385 1922 598 1985 μαχηταὶ
644 1922 714 1970 τοῦ
753 1921 971 1989 Ἐφραὶμ·
1030 1924 1226 1984 μιμηταὶ
1265 1920 1357 1986 γὰρ
1397 1920 1624 1986 γεγόνασι
1663 1919 1782 1971 κατὰ
1817 1920 1871 1971 τὸ

241 2001 518 2067 ρέγχωροῦν
559 2005 641 2064 τῆς
686 2006 780 2052 τῶν
820 2001 1109 2053 ἀποστόλων
1147 2004 1400 2064 πολιτείας,
1443 2005 1518 2053 καὶ
1562 2001 1648 2066 τὴν
1690 2003 1873 2052 ἐκείνων

282 2084 641 2147 ἱχνηλατοῦντες
668 2082 835 2148 ἀρετὴν
860 2085 1231 2148 κατηνδρίσαντο
1259 2086 1333 2134 καὶ
1368 2085 1495 2135 αὐτοὶ
1527 2082 1646 2135 κατὰ
1671 2087 1765 2134 τῶν
1790 2087 1872 2148 τῆς

281 2163 503 2226 ἀληθείας
528 2165 708 2231 ἐχθρῶν
735 2168 809 2215 καὶ
835 2169 1001 2216 παθῶν
1026 2166 1100 2215 καὶ
1129 2166 1372 2230 ἁμαρτίας.

285 2426 358 2468 Καὶ
407 2428 639 2485 χαρήσεται
689 2429 712 2468 ἡ
765 2429 916 2486 καρδία
968 2430 1109 2471 αὐτῶν
1152 2431 1212 2470 ὡς
1261 2430 1305 2470 ἐν
1351 2427 1468 2484 οἴνῳ,
1520 2430 1588 2470 καὶ
1636 2429 1686 2470 τὰ
1738 2429 1866 2471 τέκνα
1889 2443 1937 2481 25

330 2612 361 2635 2.
389 2601 633 2646 διερμηνεὺεται
652 2603 744 2638 Edd.
911 2615 944 2649 3.
970 2605 1035 2650 γὰρ
1053 2608 1277 2649 assumptum
1296 2616 1336 2638 ex
1357 2604 1436 2638 C.b.
1501 2602 1628 2649 φησιν]
1646 2607 1681 2644 -1-
1699 2602 1755 2637 ὅτε
1773 2602 1865 2636 Edd.

280 2648 399 2682 invitis
420 2649 545 2683 B.C.b.
716 2658 749 2692 5.
776 2649 827 2683 ὅτι
848 2650 978 2685 C.D.b.
998 2652 1083 2684 διότι
1104 2651 1193 2684 Edd.
1214 2657 1246 2684 et
1266 2651 1305 2684 C.
1313 2651 1358 2684 D.
1378 2661 1495 2693 supra.
1663 2661 1706 2690 5-
1711 2659 1740 2693 7.
1769 2648 1866 2683 Haec

281 2694 320 2727 οὐ
337 2694 561 2739 γὰρ-αὐτῶν
580 2695 707 2729 desunt
727 2697 762 2729 in
783 2696 874 2730 Edd.
895 2697 1012 2731 invitis
1032 2697 1120 2731 B.C.
1127 2698 1171 2731 D.
1176 2697 1210 2731 b.
1423 2696 1456 2730 6.
1481 2697 1591 2738 μόνων
1610 2695 1651 2728 Β.
1697 2695 1762 2730 -ὡς
1779 2701 1865 2738 Δημ.

281 2744 347 2774 τῶν
364 2741 454 2774 ὅλων
471 2742 523 2774 καὶ
542 2741 665 2785 Κύριος
683 2753 752 2776 orn.
771 2742 806 2776 b.
1156 2752 1187 2788 7.
1214 2744 1322 2777 αὐτῶν
1341 2742 1382 2776 B.
1388 2742 1434 2776 D.
1454 2742 1566 2776 αυτοῖς
1584 2741 1623 2774 C
1628 2741 1662 2774 b.
1682 2740 1745 2785 (A.
1750 2741 1794 2775 V.
1813 2741 1865 2785 N).

282 2798 314 2830 9.
339 2786 471 2830 λέγοιεν
490 2787 531 2821 C.
550 2787 645 2832 λέγει
664 2789 717 2830 (=
735 2788 835 2833 λέγῃ)
853 2788 888 2823 b.
1353 2799 1405 2822 11.
1432 2788 1492 2830 ἤδη
1511 2799 1580 2820 om.
1601 2786 1640 2821 C.
1646 2787 1679 2820 b.
1699 2787 1802 2821 habet
1822 2787 1864 2821 B.

285 2840 338 2875 17.
364 2836 579 2875 κρατ.οῦντες
595 2834 701 2867 unius
719 2834 789 2868 fere
806 2836 871 2869 litt.
889 2846 1010 2869 rasura
1029 2834 1070 2869 C.
1387 2834 1439 2867 18.
1465 2833 1566 2867 θείοις
1585 2832 1625 2867 C.
1645 2833 1753 2868 ὁσίοις
1772 2832 1864 2867 Edd-

285 2888 336 2920 19.
363 2880 421 2920 τῆς
437 2886 659 2924 assumptum
677 2892 718 2914 ex
738 2880 777 2914 C.
1016 2892 1071 2915 21.
1098 2881 1234 2924 μιμηταὶ
1251 2880 1316 2924 γὰρ
1334 2894 1408 2924 γεγ.
1427 2879 1508 2912 κατὰ
1529 2880 1567 2912 τὸ
1587 2879 1665 2924 ε’γχ.
1683 2881 1740 2922 τῆς
1756 2894 1784 2913 τ.
1803 2879 1863 2913 ἀπ.

281 2924 452 2959 πολιτείας
471 2925 511 2958 C.
570 2927 681 2970 ιχητιιὶ
697 2927 763 2970 γὰρ
780 2928 955 2971 γεγόνασι·
983 2928 1066 2962 κατὰ
1085 2929 1150 2972 γὰρ
1174 2928 1212 2961 τὸ
1235 2927 1308 2971 ἕγχ·
1333 2926 1392 2969 Τὴν
1411 2928 1477 2959 Τῶν
1496 2925 1553 2959 ἀπ·
1574 2926 1747 2960 πολιτείαν
1769 2924 1861 2960 Edd·

283 2977 338 3011 23.
364 2970 445 3002 κατὰ
462 2940 617 3016 τῶνῖκαὶ
635 2973 691 3006 τὸν
710 2972 798 3016 (sic)
819 2973 859 3008 C.
