1997 3361
99 154 297 209 iii.9‚10.
536 163 606 203 IN
649 166 924 210 ABACUC.
986 170 1134 210 '1¹0M.
1175 171 1235 211 II.
1584 174 1661 211 147

95 267 321 335 ποταμῶν,
363 273 605 324 τουτέστιν
643 277 670 339 ἡ
712 276 925 341 Ἰουδαία,
973 285 1094 331 πιεῖν
1139 283 1222 332 οὐκ
1266 281 1564 348 ἀνασχομένη
1609 281 1662 331 τὸ

94 347 216 414 ὕδωρ
241 350 294 400 τὸ
322 351 423 417 ζῶν,
450 357 524 405 καὶ
549 355 631 406 τὸν
664 363 758 409 τῶν
784 362 928 427 ἁγίων
953 367 1211 430 προφητῶν
1243 365 1324 415 οὐκ
1358 363 1661 432 εἶσδεξαμένη

90 429 250 495 λόγον,
292 435 394 485 οὔτε
440 436 533 501 μὴν
582 438 664 490 τὸν
714 441 788 492 διὰ
841 443 1099 498 Μωυσέως·
1156 450 1193 496 εὶ
1236 446 1329 512 γὰρ
1376 446 1661 497 ἐπίστευσαν
1723 462 1742 487 -’

93 514 305 576 Μωυσεῖ,
333 517 618 571 ἐπίστευσαν
653 521 709 572 ἂν
742 528 807 591 τῷ
834 528 1047 594 Χριστῷ,
1076 530 1180 593 περὶ
1213 527 1305 595 γὰρ
1333 529 1473 579 αὐτοῦ
1496 530 1660 582 ἐκεῖνος

49 611 70 649 5
90 593 313 663 γέγραφε·
362 601 614 667 ῥαγήσεται,
639 605 852 657 τουτέστι
888 608 1098 675 διψήσει.
1163 609 1387 676 ῥήγνυται
1413 610 1505 676 γὰρ
1531 611 1558 674 ἡ
1588 615 1657 662 δι-

89 677 241 743 ψῶσα
265 682 342 743 γῆ.

165 761 520 830 Καταθαυμάζει
558 767 614 831 δὴ
651 770 732 819 οὖν
766 771 791 820 ὁ
826 771 1096 840 Προφήτης,
1125 777 1200 824 καὶ
1233 774 1329 825 οἷον
1355 778 1403 826 ἐν
1427 776 1526 839 η’θει
1559 781 1650 844 φη·
1677 798 1696 818 0

88 840 168 890 σίν
183 841 247 892 ‘H
272 843 422 895 πάλαι
444 848 654 903 πολλοὺς
679 851 853 918 ε”χουσα
878 854 1127 921 ποταμοὺς,
1145 859 1218 906 καὶ
1245 861 1338 907 τῶν
1360 858 1493 908 θείων
1513 858 1658 919 ναμά-

88 944 181 972 των
201 927 558 995 δαψιλεστάτην
583 931 668 996 τὴν
691 936 931 1001 χορηγίαν,
953 936 1096 1004 διψὰς
1124 940 1199 989 καὶ
1225 938 1499 1004 ἀνάρδευτος
1526 941 1657 991 ἔσται

23 1028 69 1053 ιο
87 1003 158 1069 ff.
222 1007 374 1073 ἐπειδὴ
417 1011 473 1062 δέ
509 1035 586 1075 σε,
629 1019 796 1083 φησὶν,
838 1014 875 1067 ὦ
914 1018 1162 1081 Δέσποτα,
1204 1021 1440 1072 τεθεάνται
1484 1028 1657 1086 νοητῶς

86 1088 367 1156 ἐπιφανέντα
407 1099 526 1155 λαοὶ,
567 1097 821 1160 τουτέστιν,
863 1102 904 1149 οἱ
950 1100 1006 1168 ἐξ
1041 1103 1187 1152 ἐθνῶν
1228 1103 1442 1157 συνέντες
1487 1104 1541 1154 τὸ
1585 1108 1655 1155 ἐπὶ

86 1171 166 1220 σοὶ
195 1173 468 1240 μυστήριον,
494 1176 671 1238 ἔλαβον
702 1179 834 1234 εὐθὺς
868 1183 917 1232 ἐν
951 1184 1087 1233 ὠδῖσι
1123 1183 1177 1234 τὸ
1210 1185 1403 1250 ἀγαθὸν,
1436 1186 1662 1252 ε”γκαρποί

86 1273 135 1302 τε
165 1254 435 1319 γεγόνασιν.
501 1259 721 1325 ἁρμόσειε
755 1263 800 1313 δ’
837 1260 896 1313 ἂν
927 1265 1080 1319 αὐτοῖς
1114 1268 1188 1317 καὶ
1223 1267 1377 1333 λέγειν
1403 1275 1430 1298 “
1450 1269 1544 1319 Διά
1575 1268 1656 1320 τὸν

86 1339 113 1362 “
139 1333 295 1401 φόβον
334 1360 438 1402 σου,
483 1339 637 1408 Κύριε,
673 1344 721 1393 ἐν
761 1348 937 1412 γαστρὶ
975 1347 1210 1412 ἐλάβομεν
1247 1352 1323 1401 καὶ
1361 1350 1656 1415 ὠδινήσαμεν

20 1430 66 1469 15
86 1421 113 1445 “
137 1417 212 1467 καὶ
249 1417 475 1483 ε’τέκομεν.
540 1429 723 1487 πνεῦμα
756 1429 991 1494 σωτηρίας
1027 1452 1118 1481 σου
1155 1431 1440 1496 ἐποιήσαμεν
1470 1435 1542 1485 ἐπὶ
1574 1437 1655 1498 τῆς
1674 1463 1693 1483 η

85 1503 113 1526 “
137 1500 264 1563 γῆς.”
328 1505 370 1553 οἱ
404 1502 497 1568 γὰρ
536 1508 735 1573 Σωτῆρα
769 1510 845 1559 καὶ
874 1511 1131 1577 Λυτρωτὴν
1165 1514 1537 1583 ἐπιγραψάμενοι
1575 1515 1656 1568 τὸν

84 1579 406 1648 Ἐμμανουήλ,
431 1586 514 1637 τὸν
538 1592 660 1639 θεῖον
686 1591 902 1643 ὠδίνουσι
928 1593 1096 1661 φόβον,
1124 1598 1200 1646 καὶ
1224 1601 1320 1648 πᾶν
1345 1598 1497 1652 αὐτοῖς
1524 1599 1656 1650 ε”σται

83 1660 236 1727 κύημα
262 1671 342 1716 νοῦ
368 1667 542 1733 καρπὸς
569 1671 748 1737 ἀρετῆς,
772 1675 847 1724 καὶ
881 1678 944 1729 εἰς
977 1682 1158 1741 πνεῦμα
1189 1680 1423 1745 σωτηρίας
1449 1682 1656 1733 ἐκτελευ-

82 1741 215 1807 τήσει
240 1746 294 1797 τὸ
320 1750 628 1815 σπούδασμα·
669 1755 834 1806 οὐκοῦν
861 1753 1053 1825 ἴψονταὶ
1085 1783 1136 1811 σε
1166 1766 1242 1811 καὶ
1272 1758 1511 1823 obhvio-oum
1550 1772 1652 1816 λαοὶ

16 1848 66 1873 20
83 1824 136 1877 τὸ
175 1826 266 1879 σὸν
298 1831 558 1888 ἐκπίνοντες
595 1840 731 1900 νᾶμα,
758 1840 834 1889 καὶ
870 1844 965 1893 τοῖς
1003 1841 1319 1908 εὐαγγελικοῖς
1353 1842 1557 1908 νάμασιν
1583 1848 1652 1898 ε’κ-

81 1912 434 1975 μεμεθυσμένοι.
514 1916 795 1985 προσῄεσαν
820 1919 914 1987 γὰρ
941 1926 1201 1989 φιλοτίμως
1235 1924 1421 1992 λέγοντι
1448 1934 1474 1956 “
1495 1927 1558 1978 Εἴ
1586 1952 1654 1982 τις

82 1997 110 2019 “
136 1992 270 2061 διψᾷ,
307 1995 516 2061 ἐρχέσθω
551 1998 666 2064 πρὸς
699 2000 758 2064 μὲ
802 2005 875 2053 καὶ
920 2004 1131 2066 πινε’τω,”
1169 2005 1296 2070 ἦσθα
1339 2008 1444 2074 γὰρ,
1488 2012 1650 2077 φησὶν,

81 2073 201 2124 οὕτω
240 2078 591 2144 πλουσίοδωρός
630 2104 680 2132 τε
718 2086 791 2133 καὶ
837 2084 1033 2150 ἀγαθὸς,
1070 2090 1132 2142 ὡς
1166 2092 1240 2140 καὶ
1277 2092 1324 2140 ἐν
1362 2093 1517 2145 αὐταῖς
1552 2099 1649 2147 ταῖς
1669 2103 1693 2143 b

81 2157 275 2223 πορείαις
308 2162 551 2230 σκαρπιζειν
587 2160 744 2227 ὕδατα,
769 2167 996 2231 τουτέστι,
1018 2169 1100 2220 τὸν
1135 2171 1357 2238 ζωοποιὸν
1390 2177 1472 2237 τῆς
1507 2177 1645 2241 εὐαγ-

14 2259 62 2296 25
81 2241 270 2302 γελικῆς
318 2242 603 2296 παιδεύσεως
650 2244 812 2311 λόγον.
887 2251 949 2303 ὡς
993 2251 1085 2317 γάρ
1134 2257 1285 2321 φησιν
1333 2256 1357 2305 ὁ
1404 2259 1649 2312 Ματθαῖος

82 2325 108 2348 “
135 2323 365 2387 Περιῆγεν
405 2324 430 2373 ὁ
472 2325 657 2388 Ἰησοῦς
697 2328 857 2383 πάσας
899 2331 983 2384 τὰς
1031 2333 1192 2388 πόλεις
1232 2338 1306 2386 καὶ
1350 2337 1433 2391 τὰς
1473 2339 1645 2402 κώμας,

81 2407 107 2430 “
133 2403 366 2454 διδάσκων
408 2406 456 2455 ἐν
498 2411 597 2460 ταῖς
637 2416 936 2476 συναγωγαῖς
979 2414 1144 2478 αὐτῶν,
1183 2419 1258 2467 καὶ
1298 2419 1551 2484 κηρύσσων
1595 2426 1649 2471 τὸ

81 2489 108 2512 “
132 2483 408 2550 εὐαγγέλιον
451 2490 533 2551 τῆς
574 2492 837 2554 βασιλείας,
885 2495 961 2544 καὶ
1005 2497 1271 2562 θεραπεύων
1307 2505 1470 2550 πᾶσαν
1508 2501 1649 2553 νόσον

128 2664 158 2688 1.
183 2653 364 2700 ἀνεχομένη
384 2656 474 2691 Edd.
493 2658 609 2694 invitis
628 2659 794 2696 B.D.a.b.
1185 2679 1218 2712 3.
1245 2668 1298 2702 διὰ
1315 2676 1535 2715 assumptum
1554 2684 1594 2706 ex
1612 2672 1646 2707 b.

79 2699 256 2736 ἐπίστευον
272 2714 334 2747 pro
351 2704 556 2739 ἐπίστευσαν
575 2706 607 2741 b.
856 2722 889 2751 4.
915 2712 960 2756 τῷ
980 2711 1064 2746 D.b.
1083 2714 1135 2747 καὶ
1153 2713 1244 2748 Edd.
1304 2717 1381 2760 περὶ
1398 2718 1463 2762 γὰρ
1480 2718 1582 2752 αὐτοῦ
1599 2720 1647 2754 ἐκ.

78 2745 231 2791 γέγραφε
249 2760 317 2784 om.
338 2749 380 2784 B.
626 2762 660 2798 5.
687 2754 870 2800 διψήσεται
890 2756 981 2791 Edd.
999 2759 1115 2793 invitis
1135 2760 1299 2796 B.D.a.b.
1551 2774 1581 2810 7.
1607 2767 1646 2810 δὴ

80 2803 149 2827 om.
169 2794 214 2828 D.
264 2797 362 2830 οἱονεὶ
379 2809 442 2841 pro
459 2796 529 2832 οἷον
546 2799 581 2833 ἐν
597 2801 667 2843 ἤθει
687 2801 732 2835 D.
949 2816 981 2848 9.
1007 2805 1149 2850 διψήσει
1171 2807 1214 2841 D.
1429 2820 1481 2843 10.
1507 2810 1532 2844 ὦ
1552 2811 1647 2847 deest

80 2838 116 2872 in
135 2839 225 2875 Edd.
415 2855 467 2878 II.
493 2845 668 2881 τουτέστιν
684 2860 753 2882 om.
775 2849 820 2883 D.
1013 2863 1063 2895 15.
1091 2852 1171 2897 σου]
1197 2858 1232 2893 4-
1255 2853 1271 2887 ‹⁶›
1291 2855 1336 2888 D.
1390 2855 1593 2901 ἐποιήσαμεν
1610 2859 1645 2894 b.

83 2884 173 2920 Edd.
198 2887 241 2922 cf.
270 2888 324 2922 De
348 2889 416 2924 Ad.
441 2891 507 2925 260
533 2891 567 2926 d.
595 2893 721 2938 Glaph.
749 2906 815 2930 200
840 2908 869 2930 e.
893 2896 980 2931 Cod.
1005 2900 1137 2933 melior.
1155 2900 1340 2944 ἐκυὴσαμεν
1359 2902 1451 2936 Β.Ι).
1472 2903 1547 2947 (24.
1566 2906 1644 2950 36.)

85 2941 138 2964 20.
165 2933 349 2970 ἐκπίνοντες
368 2936 412 2970 D.
430 2937 598 2974 ἐκπίοντες
617 2940 707 2975 Edd.
851 2954 904 2976 22.
935 2943 1030 2977 Haec
1048 2947 1100 2979 καὶ
1116 2947 1236 2981 πινέτω
1254 2956 1472 2983 accesserunt
1490 2963 1530 2985 ex
1551 2952 1643 2988 B.D.

82 2975 170 3019 ἧσθιι
190 2980 303 3015 D.a.b.
323 2981 362 3024 ἧν
381 2983 421 3016 B.
441 2983 531 3018 Edd.
580 2987 689 3030 φησὶν
705 2995 925 3033 assumptum
944 3002 985 3024 ex
1002 2991 1035 3026 b.
1226 3005 1280 3036 24.
1307 2997 1496 3039 σκορπίζεις
1512 3010 1541 3032 a.

869 3060 937 3088 ΠΖ

1720 1279 1772 1310 Es.
1790 1280 1876 1309 xxvi.

1722 1326 1769 1353 18.

1724 1452 1808 1485 566
1826 1451 1874 1484 A.

1716 1936 1747 1965 S.
1763 1935 1861 1967 Joan.

1716 1980 1767 2011 vii.
1787 1987 1839 2019 37.

1713 2349 1869 2398 SMatth.

1712 2404 1753 2424 με.
1772 2403 1825 2433 35.
