2018 3387
131 190 172 231 ii.
200 205 233 241 1,
259 205 293 234 2.
510 191 582 233 IN
626 191 1059 232 MALACIHAM.
1122 190 1271 231 TOM.
1307 190 1342 228 1.
1633 188 1707 226 571

200 303 332 354 ὑμῶν,
372 305 438 345 καί
478 305 552 345 οὐκ
590 305 707 346 ἔσται
747 305 790 344 ὲν
831 301 937 352 ὑμῖν,
977 305 1039 343 ὅτι
1082 300 1197 350 ὑμεῖς
1242 303 1288 340 οὐ
1338 301 1495 341 τίθεσθε
1538 296 1595 338 εἰε
1642 299 1714 337 τοι(ν

1735 378 1756 402 e

200 386 377 442 καρδίας
417 387 548 435 ὑμῶν.

206 516 418 580 Παρίησι
457 517 739 585 φιλαγάθως
776 516 860 570 τὰς
898 518 971 567 ἐπὶ
1010 521 1106 569 τοῖς
1145 516 1233 579 ἤδη
1273 514 1524 583 φθάσασιν
1555 513 1718 571 αἰτίας,

128 597 204 647 καὶ
243 596 365 658 νέμει
403 596 486 646 τὸν
525 597 672 659 ἔλεον,
713 601 775 651 εἷς
814 596 963 663 ἀρχὰς
1005 595 1167 661 ὤσπερ
1209 596 1447 648 ἐπιεικείας
1490 594 1719 644 ἀνατιθεὶς

86 676 236 730 5τοῦς
272 676 612 743 ἡμαρτηκότας.
679 680 806 728 τουτὶ
846 677 938 743 γὰρ
978 676 1104 740 οἶμαι
1145 681 1320 740 δηλοῦν
1359 676 1561 741 λε’γοντα
1600 696 1716 739 χρη-

127 762 257 811 στῶς
281 757 335 808 Τό
365 765 451 811 Koa
482 783 540 810 νυν
567 785 588 819 η
615 757 761 818 ἐντολη
788 782 896 818 ειυτη
924 783 1030 827 προς
1067 783 1188 826 υμοις
1221 781 1315 811 τους
1352 760 1485 826 ἱερεις.
1540 757 1725 805 ἀπειλεῖ

129 838 178 890 δὲ
212 839 396 902 λοιπὸν,
425 842 487 893 ὡς
519 843 556 890 εἰ
579 863 644 903 μη
670 840 853 890 ἑλοιντο
878 845 1025 890 ποιεῖν
1054 836 1084 889 ἃ
1108 838 1199 906 χρὴ
1226 843 1473 890 ποιοῦντας
1500 838 1717 902 ὁρᾶσθαι,

128 943 204 971 και
231 923 292 974 εἷς
319 925 427 971 νοῦν
453 920 549 971 ἔσω
575 922 789 972 τιθεσθαι
821 944 895 971 και
932 917 1117 990 καρδιαν
1143 925 1238 970 τῶν
1265 919 1398 969 θείων
1422 919 1715 986 χρησμωδη-

127 1000 289 1065 μάτων
315 1000 401 1065 τὴν
421 1001 662 1066 αἴσθησιν,
684 1000 867 1052 ε”σοιντό
895 1024 943 1052 τε
971 1003 1146 1052 ἑαυτῶν
1165 1001 1377 1063 ἀμείνους
1403 998 1432 1062 ἦ
1459 999 1623 1061 πάλαι,
1644 999 1718 1049 καὶ
1737 1021 1759 1045 a
1788 1011 1873 1046 834
1889 1010 1941 1046 A.

63 1102 110 1128 10
128 1081 214 1146 τὴν
248 1088 332 1133 τοῦ
366 1086 492 1134 Θεοῦ
527 1082 673 1151 δόξαν
699 1082 1037 1149 ε’πιζητήσειαν,
1063 1082 1128 1145 μὴ
1168 1080 1622 1147 κατασμικρύνοντες
1655 1080 1720 1130 ε”τι

128 1161 182 1214 τὸ
210 1164 564 1230 θυσιαστήριον,
590 1164 704 1228 μήτε
731 1163 823 1228 μὴν
850 1165 1014 1217 ἁπλῶς
1052 1162 1080 1228 ἢ
1112 1162 1452 1225 ἀβασανίστως
1477 1167 1720 1214 τελοῦντες

129 1243 190 1295 τὰ
216 1245 537 1308 νενομισμένα,
565 1244 718 1309 πάντη
753 1268 802 1296 τε
839 1247 915 1295 καὶ
948 1244 1136 1297 πάντως
1172 1242 1460 1309 καταράτους
1486 1244 1724 1310 ἀποφανεῖ

131 1328 207 1376 καὶ
233 1326 322 1376 ὑπὸ
349 1327 477 1377 θείαν
503 1326 641 1380 ὄντας
667 1325 828 1392 ὀργήν.
882 1324 1008 1389 οἶμαι
1041 1325 1088 1376 δὲ
1124 1324 1272 1390 ε”γωγε
1308 1328 1482 1388 δηλοῦν
1508 1323 1561 1374 τό
1586 1327 1718 1375 Ἐπι-

134 1407 457 1476 κοιτοιράσομοιι
483 1407 551 1468 τὴν
579 1410 783 1473 εὐλογίαν
809 1407 923 1475 ὑμῶν
953 1413 1030 1459 καὶ
1070 1403 1360 1457 ὃιασκεὸἀσω
1394 1405 1550 1469 αὐτὴν,
1577 1406 1719 1455 ἐκεῖνο

65 1505 112 1544 15
131 1487 254 1555 τάχα
286 1511 391 1540 που.
438 1492 563 1540 Θεοῦ
597 1487 681 1552 μὲν
706 1488 799 1554 γὰρ
835 1488 1167 1540 κατανεύοντος
1196 1487 1282 1551 τὴν
1307 1487 1550 1552 εὐημερίαν
1581 1487 1721 1547 τισὶν,

131 1567 386 1637 εὐφορήσει
411 1568 470 1620 τὰ
495 1571 543 1620 ἐν
570 1571 750 1635 ἀγροῖς,
780 1568 990 1635 εὕκαρπά
1024 1591 1074 1619 τε
1110 1569 1301 1619 ἔσονται
1336 1570 1412 1617 καὶ
1447 1569 1495 1617 ἐν
1520 1567 1719 1634 εὐθηνίᾳ,

131 1651 208 1701 καὶ
234 1654 297 1704 εἷς
320 1649 509 1715 πληθὺν
534 1651 796 1717 ἀμέτρητον
821 1650 1042 1701 ἐπιδώσει
1067 1648 1126 1701 τὰ
1151 1649 1409 1716 θρέμματα,
1434 1649 1509 1698 καὶ
1537 1651 1718 1715 φθορᾶς
1737 1646 1764 1686 b

133 1731 322 1782 ἔσονται
359 1735 443 1795 τῆς
480 1737 575 1783 τῶν
608 1731 847 1796 σωμάτων
882 1732 1095 1794 ἀμείνους
1133 1731 1281 1781 αὐτοί.
1337 1727 1631 1797 ἀφιστάντος
1669 1727 1719 1779 δὲ

132 1811 201 1872 τὴν
242 1814 445 1878 εὐλογίαν
483 1814 639 1874 αὑτοῦ,
679 1811 798 1879 πρὸς
839 1816 936 1863 πᾶν
980 1812 1249 1862 τούναντίον
1289 1808 1616 1877 μεταχωρήσει
1660 1808 1720 1859 τὰ

66 1918 116 1943 20
133 1892 405 1959 πράγματα,
431 1897 506 1944 καὶ
541 1893 742 1944 ἀπέσται
776 1893 862 1957 μὲν
885 1892 1074 1946 πάντως
1108 1892 1161 1942 τὸ
1197 1893 1443 1957 εὐημερεῖν,
1478 1912 1716 1955 κατακρα-

134 1973 268 2038 τήσει
295 1973 343 2024 δὲ
368 1978 559 2038 μᾶλλον
585 1973 644 2024 τὰ
670 1974 743 2042 ἐφ’
773 1973 839 2026 οἷς
866 1972 1052 2027 εἰκότως
1078 1973 1136 2024 ἂν
1162 1970 1502 2038 καταλγύνοιτό
1530 1993 1615 2025 τις.

211 2057 305 2106 Καὶ
349 2057 482 2106 ταυτὶ
521 2054 604 2119 μὲν
643 2056 668 2105 ὁ
714 2054 860 2120 λόγος
907 2056 969 2108 ὡς
1014 2056 1062 2105 ἐν
1101 2058 1344 2118 αἰσθητοῖς
1387 2076 1435 2103 τε
1476 2053 1600 2121 φησὶ
1643 2053 1720 2101 καὶ

132 2139 438 2203 προσκαίροις
463 2136 761 2202 πράγμασιν
804 2135 969 2186 εἰδέναι
1005 2135 1052 2186 δὲ
1087 2137 1356 2200 ἀναγκαῖον,
1383 2136 1445 2187 ὡς
1479 2137 1516 2183 εὶ
1549 2131 1614 2196 μή
1650 2155 1720 2185 τις

133 2217 287 2268 ἕλοιτο
321 2217 405 2272 τὰς
440 2220 562 2271 θείας
598 2221 659 2272 εἰς
691 2223 798 2268 νοῦν
823 2217 944 2285 ἔχειν
969 2216 1178 2278 ἐντολὰς,
1204 2215 1444 2283 οιχήσεται
1473 2217 1719 2266 παντελῶς

68 2318 117 2357 25
137 2299 261 2367 αὐτῷ
285 2298 403 2364 πρὸς
429 2297 483 2349 τὸ
506 2297 652 2363 μηδὲν
671 2297 730 2349 τὰ
755 2301 817 2352 εἷς
843 2304 952 2349 νοῦν
972 2296 1142 2363 ἀγαθα,
1160 2297 1252 2365 ἕξει
1278 2319 1328 2347 τε
1354 2294 1535 2361 καρπὸν
1555 2295 1718 2345 οῦδενα

135 2381 219 2442 τῆς
245 2379 472 2447 φιλοθεου
498 2379 630 2446 ζωῆς·
673 2380 782 2429 ἀλλ’
811 2379 946 2429 ἐσται
973 2378 1057 2441 μὲν
1083 2377 1300 2443 εὐλογίας
1325 2379 1408 2440 τῆς
1439 2376 1616 2426 ἄνωθεν
1643 2398 1717 2426 και
1736 2391 1758 2417 0

135 2458 266 2526 παρὰ
291 2463 414 2510 Θεοῦ
441 2459 716 2523 τητώμενος·
754 2463 1097 2525 παραπεσεῖται
1132 2457 1180 2509 δὲ
1213 2461 1311 2510 ταῖς
1346 2459 1479 2522 ἀραῖς
1513 2458 1588 2506 καὶ
1619 2461 1719 2510 ταῖς

135 2542 186 2591 ἐκ
211 2540 377 2591 τούτου
401 2545 595 2593 ποιναῖς.
641 2539 860 2606 ζητητέον
887 2539 943 2604 δὴ
970 2540 1051 2590 οὖν
1076 2538 1162 2603 τὴν
1188 2544 1271 2590 τοῦ
1298 2542 1421 2589 Θεοῦ
1448 2537 1599 2588 δόσιν·
1644 2540 1721 2588 καὶ

188 2703 217 2727 1.
241 2692 301 2728 τὰς
318 2692 454 2737 καρδίας
472 2691 515 2727 Β.
536 2692 609 2736 (86.
613 2692 629 2736 )
646 2692 706 2736 τὴν
723 2692 862 2737 καρδίαν
880 2690 972 2725 Edd.
1386 2699 1420 2735 5.
1445 2688 1528 2735 γὰρ]
1547 2690 1608 2734 μὲν
1626 2690 1718 2724 Edd.

137 2738 171 2774 6.
196 2739 273 2774 τοὺς
292 2739 335 2773 Β.
353 2745 393 2773 ut
411 2749 527 2782 supra.
545 2739 576 2771 οἱ
594 2737 652 2772 iid.
867 2746 898 2782 7
924 2735 1105 2782 ἕλοιντο]’
1095 2738 1226 2782 ε’χοιντο
1244 2735 1303 2770 iid.
1523 2748 1556 2781 9.
1582 2737 1720 2770 ἔσονταί

136 2799 174 2819 τε
192 2785 235 2819 Β.
286 2785 412 2820 Statim
429 2785 537 2818 αὐτῶν
556 2783 647 2818 Edd.
793 2794 847 2817 Ι2.
873 2782 1095 2827 καταράτους]
1116 2782 1362 2827 κατηραμένους
1380 2781 1440 2816 iid.
1587 2782 1639 2816 16.
1666 2785 1719 2816 εὔ-

138 2832 249 2876 καρπά
265 2845 301 2865 τε
318 2831 455 2866 ἔσονται
473 2831 527 2864 καὶ
544 2829 579 2864 ἐν
595 2828 746 2874 εὐθηνίᾳ]
767 2830 942 2874 εὐκαρπίαι
958 2844 995 2864 τε
1012 2844 1148 2864 εσονται
1167 2843 1220 2862 και
1238 2828 1383 2872 εὐθηνίαι
1401 2827 1460 2862 iid.
1546 2829 1598 2862 18.
1625 2829 1721 2862 αὐτοί

139 2888 210 2910 om.
230 2877 274 2911 Β
462 2887 517 2910 21.
544 2876 676 2911 εἶκότως
695 2875 735 2911 ἂν
753 2875 819 2910 hoc
837 2874 958 2910 ordine
978 2875 1020 2909 B.
1086 2875 1301 2920 καταγένοιτό
1318 2886 1381 2920 pro
1400 2873 1642 2929 καταλγύνοιτό
1660 2874 1720 2908 iid.

167 2932 197 2956 2.
222 2923 312 2967 φησι
329 2928 552 2966 assumptum
569 2933 611 2956 ex
630 2922 672 2957 B.
794 2932 849 2964 24.
874 2920 1063 2967 παντελῶς]
1082 2922 1189 2957 πάντα
1209 2920 1301 2957 Edd.
1437 2921 1492 2956 28.
1518 2919 1644 2955 τούτων
1661 2920 1721 2956 iid.

141 2968 253 3012 δόσιν]
274 2969 376 3013 δόξαν
392 2968 452 3003 ild.

887 3035 1007 3074 41³2
