2070 3387
107 186 263 226 v.1-4.
486 174 557 215 IN
602 173 1015 215 ZACIIARIAM.
1076 173 1227 213 ΤΟΜ.
1264 172 1323 211 Il.
1603 173 1684 211 31⁴9

178 285 362 348 Χρῆναι
400 282 447 334 δὲ
486 281 610 348 οἶμαι
649 288 926 351 φιλομαθῶς
964 287 1378 349 πολυπραγμονεῖν
1410 280 1493 334 τὰς
1525 279 1685 341 αἰτίας,

106 366 181 432 ἐφ’
210 363 279 418 αἶς
306 365 334 428 ἡ
360 371 581 430 παροῦσα
615 369 689 417 καὶ
722 367 771 416 ἐν
807 368 972 433 χερσὶν
1006 366 1113 429 ἡμῖν
1149 365 1326 432 ὅρασις,
1360 366 1421 417 ὡς
1456 363 1686 428 ἀναγκαία

107 451 206 499 ταῖς
242 447 415 501 ἄλλαις
447 447 903 511 συνεισκεκόμισται·
947 450 1050 498 ἀνθ’
1089 447 1198 498 ὅτου
1236 446 1328 513 γὰρ
1367 445 1436 511 δὴ,
1469 446 1585 512 φαίη
1619 467 1687 498 τις

108 527 165 578 ἂν
202 533 296 579 τῶν
331 530 690 595 ἐπιεικεστέρων,
731 531 972 581 πλείστων
1014 553 1061 581 τε
1101 530 1229 580 ὅσων
1267 525 1688 593 πλημμελημάτων

67 623 88 660 5
109 608 255 660 ὄντων
281 610 399 661 κατὰ
424 611 505 662 τὸν
529 611 648 675 βίον,
674 614 747 662 καὶ
783 611 875 675 μὴν
901 615 974 662 καὶ
1010 614 1057 662 ἐν
1097 610 1335 679 διαφόροις
1367 610 1514 661 ὄντων
1541 613 1685 660 αἰτια-

108 691 269 754 μάτων
294 691 348 742 τὸ
375 692 587 757 τηνικάδε
621 698 714 744 τῶν
749 694 805 762 ἐξ
827 693 1040 759 Ἰσραὴλ,
1068 692 1186 744 κατὰ
1215 692 1370 756 μόνων
1399 697 1617 744 κλεπτῶν
1641 713 1689 741 τε

109 776 184 824 καὶ
221 777 542 843 ψευδωμοτῶν
579 774 665 839 τὴν
703 775 779 826 διὰ
820 781 903 826 τοῦ
943 773 1158 841 ὃρεπάνου
1197 774 1362 838 ποινὴν
1399 773 1697 839 ἐπηρτῆσθαί

111 861 274 923 φησιν,
301 856 446 923 ἤγουν
473 858 789 924 ἐκπορεύεσθαι
815 858 899 919 τὴν
927 858 1047 925 αραν,
1078 859 1419 923 ἀποκείρουσαν
1450 856 1554 909 τοὺς
1588 858 1692 906 ἁλι-

111 938 366 1001 σκομένους
401 942 475 990 καὶ
511 947 839 991 συντελοῦσαν
876 943 936 994 εἰς
976 939 1137 1002 ἅπαν;
1181 939 1298 1005 πρὸς
1331 939 1386 1003 δὴ
1419 938 1476 989 τὰ
1503 939 1693 989 τοιαῦτά

48 1042 94 1066 10
114 1024 280 1087 φαμεν,
307 1020 377 1071 ὅτι
411 1020 468 1071 τὰ
507 1021 692 1091 ἑκάστῳ
731 1022 944 1089 χρήσιμα
980 1026 1122 1091 καιρῷ
1162 1021 1236 1072 διὰ
1270 1026 1364 1071 τῶν
1396 1022 1542 1086 ἁγίων
1573 1044 1690 1086 προ-

115 1106 277 1169 φητῶν
314 1103 605 1169 προσελάλει
643 1103 777 1167 Θεὸς,
813 1105 886 1155 ἀεί
920 1127 1019 1157 πως
1059 1107 1258 1173 ὠφελῶν
1296 1102 1354 1154 τὰ
1393 1102 1689 1167 ἐνεστηκότα.

115 1183 171 1249 ἧν
208 1185 289 1235 οῦν
326 1187 577 1251 ἀναγκαῖον
615 1191 710 1239 τοῖς
749 1186 802 1237 τὸ
841 1184 1051 1250 τηνικάδε
1086 1185 1301 1248 μάλιστα
1332 1187 1519 1248 ταυτηνὶ
1557 1187 1694 1251 σαφῆ

115 1266 335 1332 γενέσθαι
358 1267 444 1331 τὴν
471 1268 651 1335 ὅρασιν·
691 1270 942 1332 ἐποίσομεν
967 1267 1014 1319 δὲ
1041 1267 1125 1322 τὰς
1150 1269 1311 1326 αἰτίας,
1339 1267 1696 1332 ἐπικαιροτάτην

116 1349 266 1399 οὖσαν
290 1350 661 1404 ἐπιδεικνύοντες.
730 1350 883 1415 ἐπειδὴ
915 1349 1008 1417 γὰρ
1039 1349 1124 1414 τὴν
1151 1354 1243 1401 τῶν
1270 1349 1528 1400 Χαλδαίων
1555 1348 1693 1417 ἀφέν-

51 1449 96 1485 ¹5
117 1456 190 1487 τες
215 1433 352 1497 μόλις
379 1437 419 1485 οἱ
446 1435 502 1503 ἐξ
523 1434 743 1502 Ἰσραὴλ,
774 1438 848 1486 καὶ
875 1434 958 1486 τὸν
992 1438 1075 1498 τῆς
1111 1436 1320 1488 δουλείας
1348 1435 1696 1495 ἀποδυσάμενοι

117 1515 268 1582 ζυγὸν,
297 1515 629 1580 ὑπενόστησαν
653 1522 714 1570 εἰς
741 1518 826 1582 τὴν
848 1517 1090 1580 Ἰουδαίαν,
1119 1519 1193 1568 καὶ
1219 1515 1344 1581 ἦσαν
1371 1519 1418 1567 ἐν
1445 1521 1538 1569 τοῖς
1558 1517 1698 1581 Ἱερο-

117 1599 361 1661 σολύμοις·
402 1598 504 1649 δεόν
539 1599 841 1667 ἀποσχέσθαι
881 1604 974 1650 τῶν
1013 1599 1218 1667 ἀρχαίων
1258 1598 1438 1649 ἐκείνων
1472 1606 1695 1661 πλημμε-

117 1679 357 1744 λημάτων,
384 1683 460 1732 καὶ
494 1686 593 1735 ταῖς
628 1686 687 1735 εἰς
722 1681 775 1732 τὸ
809 1682 995 1746 ἄμεινον
1025 1684 1305 1748 ἀναδρομαῖς
1337 1683 1624 1745 ἐπανορθοῦν
1650 1704 1697 1730 τε

117 1761 177 1813 τὰ
216 1762 486 1831 φθάσαντα,
526 1766 601 1814 καὶ
646 1765 995 1831 κατευφραίνειν
1040 1763 1122 1813 τὸν
1165 1763 1434 1829 Αυτρωτὴν,
1475 1762 1533 1813 τὰ
1575 1764 1699 1832 αὐτῷ

53 1871 101 1894 20
120 1848 345 1896 δοκοῦντα
378 1852 590 1911 πληροῦν
622 1846 891 1914 ᾑρημένους,
927 1846 1057 1896 οὐδὲν
1095 1846 1234 1910 ἧττον
1273 1844 1398 1909 ἦσαν
1438 1847 1586 1896 ὁποῖοι
1625 1848 1699 1896 καὶ

120 1926 241 1989 τότε,
283 1927 602 1993 παραλύοντες
638 1929 921 1993 ἀφυλάκτως
963 1927 1015 1978 τὸ
1060 1932 1125 1997 τῷ
1166 1926 1291 1997 νόμῳ
1328 1931 1509 1978 δοκοῦν.
1577 1930 1695 1979 ἀπο-

122 2007 392 2076 φάσκοντος
433 2008 526 2074 γὰρ
565 2016 648 2060 τοῦ
691 2012 936 2064 Μωυσέως
974 2010 1028 2060 τὸ
1068 2013 1161 2060 δεῖν
1199 2009 1364 2063 αὐτοὺς
1403 2010 1700 2075 ἀλλοφύλοις

123 2092 454 2157 ἐπιμίγνυσθαι
506 2092 729 2161 γυναιξὶν,
782 2093 909 2143 αὐτοὶ
959 2097 1054 2143 τῶν
1115 2092 1497 2155 τεθεσπισμένων
1561 2092 1701 2157 ὀλίγα

122 2173 494 2242 πεφροντικότες,
520 2179 618 2227 ταῖς
653 2179 747 2224 τῶν
782 2174 965 2241 ὁμόρων
1001 2176 1146 2225 ἐθνῶν
1177 2174 1522 2225 συνεπλέκοντο
1558 2178 1701 2239 θυγα-

57 2279 105 2318 25
123 2254 277 2322 τράσι,
323 2258 397 2307 καὶ
447 2256 619 2307 τέκνων
667 2255 793 2319 ἦσαν
833 2257 1098 2323 ἀλλοτρίων
1139 2257 1346 2322 πατέρες,
1389 2257 1463 2306 καὶ
1506 2257 1699 2306 ἀνοσίου

126 2337 394 2403 σπέρματος
424 2338 585 2402 πλήρη
618 2337 764 2388 πάλιν
798 2338 1040 2406 ἀπέφανον
1071 2337 1155 2402 τὴν
1191 2339 1330 2403 ἁγίαν
1364 2337 1520 2389 πόλιν.
1579 2337 1704 2401 ἦσαν

128 2420 187 2471 δέ
216 2443 335 2474 τινες
378 2422 452 2470 καὶ
502 2424 595 2470 τῶν
639 2421 686 2469 ἐν
729 2421 881 2474 αὐτοῖς
926 2420 1302 2488 ἐπιφανεστέρων
1344 2424 1440 2474 τοῖς
1483 2419 1704 2472 τοιούτοις

178 2623 210 2646 2.
236 2610 371 2656 ὅρασις]
391 2612 512 2656 πράξις
530 2610 571 2646 C.
842 2622 875 2655 3.
901 2611 966 2656 γὰρ
984 2610 1022 2653 δὴ
1043 2609 1083 2644 C.
1103 2610 1138 2644 δὲ
1159 2609 1248 2643 Edd.
1519 2621 1550 2653 5.
1578 2610 1630 2642 καὶ
1649 2609 1708 2643 alt.

132 2659 248 2693 omisit
267 2658 359 2692 Aul).
740 2666 770 2702 7.
795 2658 1025 2702 ψευδωμοτῶν
1043 2658 1172 2690 correxi
1191 2669 1231 2690 ex
1252 2656 1293 2689 B.
1312 2656 1536 2700 ψευδομοτῶν
1555 2656 1594 2689 C.
1616 2656 1707 2689 Edd.

133 2705 346 2749 ἐξηρτεῖσθαι
366 2704 406 2739 C.
569 2716 621 2738 II.
646 2706 857 2748 προσελάλει
876 2705 909 2737 b.
928 2718 993 2746 προ
1020 2705 1133 2736 ελάλει
1153 2703 1197 2747 (σ
1215 2703 1331 2747 eraso)
1352 2703 1392 2736 C.
1412 2704 1529 2736 ε’λιὶλει
1550 2703 1594 2735 D.
1616 2702 1706 2736 Edd.

133 2753 290 2797 ὠφελοῦν
309 2751 349 2785 C.
401 2752 441 2784 τὰ
459 2751 660 2795 ἐνεστηκότα
680 2751 808 2785 C.D.b.
827 2752 903 2786 τοὺς
920 2749 1100 2784 ἀκούοντας
1119 2749 1208 2784 Edd.
1480 2760 1530 2782 12.
1558 2751 1709 2792 ταυτηνεὶ

134 2798 192 2843 (=
209 2799 361 2842 ταυτηνὶ)
382 2797 422 2832 C.
439 2798 560 2842 ταύτην
579 2797 670 2832 Edd.
977 2808 1029 2839 14.
1057 2795 1314 2831 ἐπιδεικνύοντες
1333 2794 1424 2828 (“.Ῑ).
1444 2795 1647 2830 δεικνύοντες
1666 2796 1708 2829 Β.

134 2844 316 2879 δεικνύντες
334 2844 425 2878 Edd.
766 2854 818 2886 15.
844 2843 1093 2886 ἀποδυσάμενοι
1113 2843 1153 2877 C.
1173 2843 1321 2877 ἀπολυσ.
1342 2843 1386 2876 D.
1406 2842 1497 2875 Edd.
1547 2846 1612 2876 τῶν
1629 2858 1660 2876 τ.
1679 2843 1709 2876 δ.

134 2892 236 2925 ἀπολ.
257 2893 362 2936 ζυγῶν
380 2891 425 2925 D.
882 2890 934 2925 16.
961 2891 1194 2934 ε’πενόστησαν
1213 2889 1304 2924 Edd.
1322 2889 1559 2931 ἀπενόστησαν
1578 2889 1711 2931 Migne.

111 2944 116 2945 ⁷
140 2948 193 2981 17.
218 2937 435 2982 ἀποσχέσθαι
454 2937 543 2972 B.C.
561 2936 749 2982 ἀπέχεσθαι
769 2937 860 2971 Edd.
1325 2947 1379 2970 21.
1406 2935 1498 2981 τότε]
1518 2951 1600 2970 ποτε
1620 2936 1711 2969 Edd.

138 2984 194 3018 26.
219 2984 392 3029 ἀπέφανον
411 2984 451 3018 C.
470 2984 715 3029 ἀποφαίνοντες
734 2983 825 3018 Edd.

1708 635 1729 657 (ἓ

1715 1356 1741 1396 d

1764 1933 1863 1982 fout-

1763 1987 1818 2007 vn,
1836 1985 1865 2015 3.
