1997 3361
97 158 211 199 iii.6.
477 162 542 201 IN
587 161 998 201 SOPIIONIAM.
1060 161 1211 200 TUM.
1251 158 1305 199 Π.
1587 160 1668 196 ,219

98 267 293 321 ἀδικίαν.
354 271 407 321 τὸ
428 271 475 322 δὲ
494 277 551 327 εἰς
579 274 704 329 νῖκος,
724 271 777 321 τὸ
804 276 864 324 εἰς
884 273 1130 335 ἐκνίκησιν,
1153 271 1298 336 ἠ’γουν
1324 274 1386 324 εἰς
1411 270 1536 320 ἅπαν
1560 270 1670 319 ὑπο-

99 355 250 416 δηλοῖ.
299 353 658 417 κεκολασμένων
677 352 769 419 γὰρ
790 358 882 403 τῶν
908 353 1226 417 ἠσεβηκότων,
1243 352 1532 405 πεπαύσεται
1552 350 1670 401 πάν-

99 457 189 487 τως
212 437 286 485 καὶ
312 438 393 498 τῆς
420 433 603 491 ἀδικίαις
631 437 655 486 ὁ
681 434 868 501 τρόπος·
910 437 963 486 οὐ
987 435 1079 501 γὰρ
1105 436 1196 503 ε”χει
1223 435 1328 489 τοὺς
1356 438 1563 500 δρῶντας
1587 433 1668 483 ἔτι.

173 521 265 567 Δεῖ
302 518 456 568 τοίνυν
500 517 606 571 τούς
646 541 698 583 γε
748 520 936 582 ἀληθῶς
980 519 1264 585 ἀρτίφρονας
1314 521 1553 583 περινοεῖν,
1604 515 1673 566 ὅτι

58 614 80 650 5
101 598 390 667 φιλοδίκαιος
424 601 448 649 ὁ
476 599 744 663 Δεσπότης,
773 603 846 650 καὶ
882 602 963 650 οὐκ
995 598 1050 650 ἀν
1088 600 1344 667 ἀνάσχοιτο
1382 604 1475 649 τῶν
1509 606 1671 662 πλημ-

36 1028 82 1053 10

39 1983 87 2007 20

98 680 368 744 μελούντων
401 682 628 748 ἀσχέτως.
695 682 803 732 ἀλλ’
833 686 868 732 εἰ
905 684 989 746 μέν
1019 706 1086 735 τις
1127 683 1183 732 ἰὀι
1222 682 1337 748 πρὸς
1363 680 1674 746 μετάγνωσιν,

100 765 174 813 καὶ
211 762 264 813 τὸ
302 765 374 814 ἐπὶ
419 769 512 817 τοῖς
551 764 677 818 ἰδίοις
721 764 1101 829 πλημμελήμασι
1141 763 1422 831 καταστάζοι
1461 763 1674 828 δάκρυον,

100 845 380 915 ἡμερωτάτῳ
430 846 759 915 περιτεύξεται,
823 848 898 897 καὶ
957 845 1192 914 ἐξαιτήσει
1254 846 1339 909 τὴν
1397 845 1674 908 ἀμνηστίαν,

102 928 176 976 καὶ
210 927 300 996 ἔξω
339 932 576 994 δραμεῖται
610 927 800 995 βρόχων
834 930 910 979 καὶ
948 934 1030 978 τοῦ
1066 928 1349 994 κολάζεσθαι
1387 930 1493 979 δεῖν.
1552 932 1590 977 εἰ
1628 927 1676 977 δὲ

102 1008 324 1074 ἄτεγκτός
351 1033 418 1064 τις
445 1009 525 1074 εἵη,
552 1012 626 1060 καὶ
662 1009 1102 1073 δυσμετακόμιστον
1127 1009 1246 1077 ἔχων
1280 1010 1365 1073 τὴν
1397 1010 1588 1075 γνώμην
1615 1009 1678 1062 εἷς

102 1114 155 1156 γε
190 1091 244 1142 τὸ
275 1095 367 1142 δεῖν
405 1093 597 1142 ἑλέσθαι
631 1091 689 1142 τὰ
726 1091 1106 1158 πρεπωδέστερα,
1144 1097 1240 1146 τοῖς
1272 1093 1448 1144 οἰκείοις
1481 1091 1678 1157 ε’νιζήσει

101 1174 413 1237 πταίσμασιν,
458 1179 646 1238 μᾶλλον
688 1173 735 1224 δὲ
784 1176 859 1224 καὶ
902 1174 1194 1224 ἐναπολεῖται
1246 1173 1427 1235 λοιπὸν,
1470 1175 1545 1224 καὶ
1590 1173 1678 1224 ὑπὸ

104 1255 285 1320 κίνησιν
325 1256 457 1307 ἔσται
497 1257 582 1320 τὴν
627 1255 922 1319 δεσποτικὴν,
968 1255 1038 1306 ὅτι
1079 1255 1142 1319 μὴ
1193 1256 1328 1323 μέχρι
1373 1255 1548 1309 παντὸς
1586 1262 1679 1307 τῶν

103 1339 508 1402 πλημμελούντων
545 1338 768 1406 ἀνέχεται.

99 1531 175 1572 Ἐν
212 1530 421 1589 διαφθορᾷ
459 1533 702 1573 κατέσπασα
740 1532 1055 1587 ὑπερΗφόινουε,
1092 1530 1386 1586 ἡφανίσθΗσαν
1426 1531 1569 1578 Γωνιάι
1608 1530 1721 1572 ‹xo-6

169 1615 268 1656 τῶν·
328 1614 594 1672 ὲΞερΗμὼσω
640 1614 717 1656 τὰς
764 1614 891 1655 ὁδοὺς
952 1614 1093 1655 αὐτῶν
1143 1614 1191 1655 τὸ
1251 1615 1455 1670 ΠαραΠαν
1504 1617 1576 1655 τοῦ
1622 1614 1677 1663 μή

169 1698 390 1739 διοδεύειν·
427 1698 623 1741 ἐξέλιπον
658 1697 698 1739 αἱ
732 1698 880 1741 Πόλεις
914 1698 1068 1748 αὐτῶν,
1096 1696 1164 1738 διὰ
1198 1697 1244 1739 τὸ
1282 1697 1442 1746 μΗδέῑνα
1476 1697 1720 1754 ὑπάρχεινθ

170 1781 277 1830 μΗδὲ
317 1779 543 1823 κατοικεῖν.

176 1887 365 1951 Ἐπειδὴ
396 1887 502 1953 γὰρ,
535 1890 597 1940 ὡς
634 1887 769 1954 ἔφην,
804 1890 844 1938 οἱ
883 1885 968 1950 μὲν
1004 1890 1132 1952 ἱερεῖς
1165 1884 1425 1950 ἐβεβήλουν
1462 1884 1520 1935 τὰ
1555 1883 1681 1950 ἅγια,

106 1970 310 2035 ἠσέβουν
346 1969 401 2019 δέ
431 1992 549 2023 τινες
584 1972 659 2020 καὶ
699 1973 760 2022 εἰς
799 1968 939 2019 αὑτὸν
979 1967 1061 2019 τὸν
1107 1967 1266 2030 νόμον,
1309 1969 1381 2018 “5
1421 1967 1468 2017 δὲ
1510 1966 1682 2033 Κύριος

105 2060 132 2082 “
159 2053 330 2105 δίκαιος
354 2053 402 2102 ἐν
427 2052 558 2121 μέσῳ
584 2052 724 2115 αὐτῆς
750 2050 872 2115 πρωῒ
895 2050 1015 2116 πρωῒ
1041 2050 1228 2114 ποιήσει
1254 2049 1306 2100 τὸ
1332 2055 1472 2116 κρῖμα
1499 2050 1679 2100 αὐτοῦ.”

107 2137 182 2186 καὶ
222 2139 357 2186 ποῖον
395 2133 450 2196 δὴ
493 2133 630 2184 τοῦτό
664 2134 796 2193 ἐστι;
841 2132 1141 2183 κατέσπασεν
1180 2133 1474 2200 ὑπερηφάνους
1512 2131 1549 2181 ἐν
1585 2128 1684 2181 θια-

108 2215 259 2288 φθορᾷ,
299 2215 526 2277 τουτέστι,
566 2215 832 2281 παρέδωκεν
874 2219 936 2268 εἷς
977 2213 1163 2282 φθορὰν
1201 2213 1307 2267 τοὺς
1346 2212 1575 2278 ἀλαζόνας
1609 2214 1684 2262 καὶ

108 2298 347 2366 ὑβριστάς.
411 2297 441 2363 ὴ
476 2297 567 2363 γὰρ
603 2298 684 2348 οὐκ
722 2295 956 2362 ἀλαζόνες,
987 2299 1029 2347 οἱ
1067 2300 1311 2364 θεομαχεῖν
1349 2294 1572 2357 εἰωθότες,
1608 2297 1684 2345 καὶ

160 2470 190 2494 1.
214 2460 252 2493 τὸ
270 2459 305 2493 δὲ
323 2459 370 2494 εἷς
386 2461 474 2494 νῖκος
490 2463 670 2502 assumpta
694 2469 735 2491 ex
756 2455 886 2490 B.D.b.
953 2455 1119 2500 ε’κνίκησιν
1138 2456 1269 2490 B.D.b.
1287 2455 1389 2489 ἐκδίκ.
1407 2454 1499 2489 Edd.
1564 2453 1683 2500 ἤγουν]

115 2510 152 2546 -4-
172 2507 211 2540 τὸ
230 2507 276 2540 D.
292 2506 401 2540 invito
419 2506 452 2539 b.
681 2515 712 2538 2.
738 2502 904 2538 παύσεται
922 2502 957 2537 b.
1169 2514 1202 2547 3.
1229 2503 1282 2536 καὶ
1299 2508 1519 2546 assumptum
1538 2513 1580 2535 ex
1599 2501 1686 2535 D.b.

111 2552 209 2587 deest
225 2553 261 2586 in
279 2552 321 2586 B.
374 2552 496 2586 Statim
516 2553 533 2585 ὁ
550 2551 748 2596 transponit
766 2550 812 2583 D.
862 2550 900 2583 οὐ
916 2550 1079 2594 γὰρ-ἔτι
1096 2555 1130 2583 et
1146 2563 1186 2594 γε
1203 2561 1273 2584 om.
1294 2549 1340 2583 D.
1532 2560 1564 2590 4.
1591 2562 1685 2592 περι-

112 2601 198 2633 νοεῖν
214 2599 357 2633 accessit
374 2611 415 2633 ex
436 2599 528 2633 B.D.
546 2599 707 2632 lacunam
725 2597 761 2630 in
775 2595 867 2630 Edd.
886 2596 1047 2640 implens.
1346 2604 1379 2640 5.
1406 2593 1446 2628 ἂν
1462 2600 1686 2638 assumptum

112 2657 153 2680 ex
172 2646 266 2680 B.D.
524 2645 557 2679 6.
583 2643 737 2690 ἀσχέτως
755 2643 848 2677 B.D.
867 2643 986 2678 ἀδίκως
1004 2642 1095 2676 Edd.
1365 2651 1395 2687 7.
1421 2643 1622 2683 καταστάζοι
1642 2641 1684 2675 Β.

113 2694 316 2736 καταστάξοι
335 2692 381 2726 D.
399 2691 492 2726 Edd.
650 2692 684 2725 8.
710 2691 762 2724 καὶ
780 2689 949 2733 ἐξαιτήσει
967 2689 1026 2733 τὴν
1043 2689 1118 2732 ἀμν.
1136 2700 1206 2722 om.
1226 2688 1273 2722 D.
1445 2700 1477 2733 9.
1503 2689 1557 2721 καὶ
1573 2688 1687 2732 ἕξω-

113 2740 315 2781 κολάζεσθαι
333 2739 401 2773 δεῖν
417 2751 487 2773 om.
507 2739 549 2774 B.
597 2738 687 2781 ἐκδρ.
706 2749 769 2782 pro
786 2737 851 2779 ἔξω
869 2736 921 2781 δρ.
940 2736 986 2769 D.
1034 2737 1173 2780 βρόχων
1189 2736 1241 2768 καὶ
1267 2740 1300 2768 et
1318 2734 1387 2768 δεῖν
1404 2746 1474 2768 om.
1494 2734 1540 2768 D.
1558 2734 1687 2768 retinui

114 2796 153 2818 ex
174 2786 264 2820 Edd.
282 2792 322 2820 ut
339 2785 442 2820 verba
459 2797 522 2830 pro
539 2797 634 2820 more
654 2784 690 2818 S.
708 2783 838 2828 Cyrini.
984 2793 1037 2817 10.
1063 2797 1113 2817 τις
1125 2787 1346 2825 assumptum
1361 2793 1402 2814 ex
1417 2780 1510 2815 B.D.
1561 2781 1686 2824 δυσμε-

115 2834 271 2876 τανόητος
286 2844 350 2877 pro
367 2830 860 2876 δυσμετακ.-πρεπωδὲστερα
879 2829 924 2863 D.
1139 2839 1191 2862 ΙΙ.
1217 2828 1349 2863 οἰκείοις
1368 2827 1461 2861 Β.[).
1480 2828 1574 2862 ἰδίοις
1592 2826 1686 2861 Edd.

120 2888 172 2922 13.
197 2879 249 2912 ὅτι
264 2878 509 2924 μὴ-ἀνέχεται
527 2891 596 2913 orn.
616 2878 662 2912 D.
889 2875 942 2910 16.
971 2875 1090 2921 [αὐτοῦ
1107 2874 1180 2909 XII
1198 2878 1278 2909 ante
1296 2886 1384 2908 corr.
1408 2884 1484 2919 153.
1503 2874 1547 2908 cf.
1566 2872 1684 2919 infra.]

121 2935 172 2968 17.
191 2924 244 2958 διὰ
264 2926 304 2959 B.
323 2925 463 2970 (Alex.)
477 2931 516 2960 ut
533 2926 630 2959 infra.
649 2924 739 2968 παρὰ
757 2922 849 2957 Edd.
868 2923 965 2965 (Yat.
984 2924 1019 2965 N)
1117 2933 1170 2957 20.
1188 2923 1206 2955 ὁ
1224 2921 1259 2955 δέ
1277 2932 1347 2955 om.
1359 2921 1393 2955 b.
1491 2931 1545 2954 21.
1564 2921 1689 2955 δίκαιος

118 2978 336 3017 assumptum
355 2983 395 3006 ex
416 2972 494 3007 ss.b.
542 2971 676 3015 ποιήσει
697 2970 775 3005 B.b.
796 2970 933 3012 ἐποίησε
953 2969 1041 3004 Edd.
1187 2979 1240 3011 24.
1263 2967 1281 3012 ἡ
1299 2979 1362 3013 pro
1379 2967 1397 3011 ἢ
1417 2968 1496 3012 (sic)
1515 2968 1548 3002 b.

855 3037 876 3063 F
900 3025 918 3063 f
938 3036 959 3065 2

1745 1976 1850 2015 Supra

1745 2030 1810 2050 ver.
1829 2029 1858 2058 5.
