2018 3387
82 651 103 688 5

61 1072 107 1097 10

62 1473 108 1511 15

63 1882 112 1907 20

122 197 147 237 i.
178 210 211 247 1,
236 210 273 240 2.
490 198 564 239 IN
608 198 1046 239 MALACHIAM.
1108 199 1259 239 TUM.
1296 198 1328 238 Ι.
1627 200 1710 238 549

121 305 286 370 ἀκοὴν,
315 306 712 370 ἐσπουδασμένως
746 305 794 357 δὲ
830 311 1019 369 μᾶλλον
1054 309 1130 358 καὶ
1168 308 1216 357 ἐν
1249 308 1457 374 πλείστῃ
1491 309 1713 372 προσοχῇ

122 390 197 438 καὶ
237 388 534 453 κατανοήσει.
603 391 863 439 διακεῖσθαι
902 388 994 454 γὰρ
1034 387 1123 439 ὧδε
1161 388 1391 455 προσήκει
1431 386 1537 442 τοὺς
1579 388 1714 438 θείων

122 470 389 533 μέλλοντας
441 473 706 536 ἀκροᾶσθαι
758 472 931 536 λόγων,
978 469 1042 520 ὧν
1087 471 1222 521 ἔσται
1271 471 1477 534 πλείστη
1521 492 1570 520 τε
1621 469 1714 532 ὅση

123 553 198 601 καὶ
236 551 369 614 μάλα
408 551 694 620 ἀμφιλαφὴς
733 553 761 615 ἡ
801 551 976 616 ὄνησις,
1016 551 1130 602 ὅταν
1166 556 1227 606 εἰς
1266 551 1407 602 αὐτὸν
1441 552 1715 619 εἶσχέωνται

124 631 206 684 τὸν
245 638 367 684 νοῦν.
428 631 612 702 ψάλλει
647 633 740 699 γάρ
779 657 871 684 που
911 636 984 684 καὶ
1023 635 1046 684 ὁ
1083 634 1337 687 θεσπέσιος
1378 634 1553 684 Δαυείδ
1589 634 1716 684 “Ἐν
1778 636 1938 710 ffix'viiint.

125 721 152 744 ‘⁶
175 718 233 781 τῇ
269 715 435 782 καρδίᾳ
469 738 560 778 μου
595 715 779 781 ἔκρυψα
807 715 865 766 τὰ
898 714 1039 780 λόγιά
1065 738 1169 776 σου,
1197 715 1323 768 ὅπως
1350 715 1406 765 ἂν
1430 714 1495 779 μὴ
1523 714 1716 781 ἁμάρτω
1736 723 1761 763 b

126 803 152 826 ‘⁶
179 796 299 848 σοι.”
356 796 458 847 ε”στι
485 796 577 863 γάρ
602 799 734 848 ε’στιν
761 797 991 848 ἀκούοντά
1025 820 1128 848 τινα
1164 796 1279 861 μηδὲ
1317 799 1518 848 ἀκοῦσαι
1554 800 1718 861 δοκεῖν,

125 882 162 928 εὶ
198 878 262 942 μὴ
296 875 521 929 ἅπτοιντο
557 878 641 941 μὲν
668 879 870 931 διανοίας
897 883 938 929 οἱ
971 877 1123 944 λόγοι,
1151 877 1443 932 ἀποπτάντες
1472 880 1519 931 δὲ
1555 878 1718 946 ὥσπερ

124 962 208 1023 τῆς
252 966 335 1011 τοῦ
380 960 602 1026 λέγοντος
641 960 871 1026 γλώττης,
917 959 1015 1011 εἶτα
1060 961 1180 1028 μόνῃ
1224 961 1617 1028 προσαράξαντες
1661 965 1719 1029 τῇ

126 1047 209 1092 τοῦ
243 1041 465 1105 σώματος
503 1044 633 1110 ἀκοῇ,
659 1042 842 1096 εἶκαίοις
869 1043 916 1093 ἐν
942 1043 1034 1111 ’ίσῳ
1067 1048 1455 1108 καταλογισθεῖεν
1481 1049 1715 1110 κρυπτοῖς.

125 1125 330 1175 τοιοῦτοί
359 1147 479 1178 τινες
511 1123 637 1188 ἦσαν
665 1127 705 1174 οἱ
730 1126 835 1190 περὶ
863 1122 926 1174 ὧν
953 1124 1044 1192 ἔφη
1073 1147 1142 1177 τις
1167 1129 1260 1175 τῶν
1287 1126 1434 1190 ἁγίων
1459 1130 1720 1194 προφητῶν

128 1213 155 1235 “
180 1204 304 1257 Ἰδοὺ
342 1205 458 1260 λαὸς
496 1205 653 1272 μωρὸς
692 1208 768 1256 καὶ
807 1204 1041 1272 ἀκάρδιος,
1081 1207 1325 1274 ὀφθαλμοὶ
1361 1208 1514 1261 αὐτοῖς
1551 1210 1625 1259 καὶ
1665 1209 1719 1259 οὐ
1781 1224 1874 1256 Hier.
1901 1237 1927 1255 v.

1377 1287 1401 1304 ”
1472 1295 1719 1360 παρεγγυᾷ
1783 1277 1832 1299 21'

328 1374 348 1383 Α
427 1371 436 1385 5
605 1369 615 1386 Ι
719 1370 728 1384 t
936 1368 947 1383 Ι
1122 1368 1134 1384 Ι
1321 1369 1338 1383 s
1469 1370 1482 1384 κ
1532 1373 1540 1383 )
1582 1376 1594 1391 χ
1664 1371 1682 1388 χ

127 1391 376 1435 τοιγαρουν
410 1391 674 1434 αναγκαιως
710 1392 734 1418 ο
772 1373 1033 1438 Προφητης
1073 1377 1228 1434 λεγων
1264 1369 1404 1422 Θεσθε
1440 1368 1489 1431 ὃν]
1524 1395 1596 1422 επι
1633 1396 1716 1427 τοις
1737 1399 1758 1424 e

132 1447 319 1519 καρδίαις
363 1450 492 1518 ὑμῶν,
537 1450 800 1512 τουτέστιν,
850 1455 912 1504 εἰς
962 1456 1071 1501 νοῦν
1116 1451 1211 1501 ε”σω
1256 1454 1332 1502 καὶ
1376 1454 1571 1519 καρδίαν
1613 1453 1719 1508 τοὺς

129 1533 277 1585 θείους
316 1532 688 1596 ἐναποτιθέμενοι
727 1531 913 1598 λόγους,
954 1534 1028 1583 καὶ
1068 1537 1162 1583 τῶν
1204 1533 1382 1584 ἄνωθεν
1424 1538 1714 1604 χρησμῳδψ

127 1293 155 1316 “
180 1286 462 1348 βλέπουσιν·
526 1285 622 1338 ὦτα
667 1288 835 1349 αὐτοῖς,
881 1289 956 1337 καὶ
1001 1288 1084 1337 οὐκ
1129 1287 1370 1339 ἀκούουσι.

128 1613 290 1677 μάτων
316 1613 533 1666 συνέντες
560 1612 645 1677 τὴν
672 1613 881 1676 δύναμιν,
914 1615 1222 1665 συναινέσατε
1257 1614 1466 1678 πάντως,
1497 1619 1559 1671 ὡς
1593 1615 1714 1682 ἠγεί-

130 1718 260 1755 vno-cc
289 1694 373 1759 μὲν
399 1697 520 1763 ὑμᾶς
554 1694 678 1761 λέγει
717 1694 877 1764 Κύριος,
914 1695 1102 1764 ἠξίωσα
1136 1695 1183 1746 δὲ
1217 1696 1407 1761 ἁπάσης
1438 1698 1721 1765 ἡμερότητος

130 1778 204 1827 καὶ
239 1778 426 1845 φειδοῦς
451 1778 527 1827 καὶ
553 1779 635 1840 τῆς
662 1781 757 1829 τοῖς
784 1776 1106 1841 ἀγαπωμένοις
1133 1778 1408 1842 πρεπούσης
1435 1781 1718 1848 φιλοτιμίας.

130 1863 268 1909 τοῦτο
305 1857 352 1909 δὲ
386 1858 444 1908 αὖ
480 1858 867 1924 κατονειδίζοντος
904 1857 989 1920 μὲν
1022 1859 1072 1908 εὖ
1110 1858 1256 1921 μάλα,
1297 1862 1358 1913 ὡς
1396 1861 1580 1927 πονηρὰ
1618 1864 1721 1914 ἀντὶ

131 1942 324 2005 ἀγαθῶν
351 1939 593 1990 ἀπέδοσαν
620 1940 759 2008 αὐτῷ,
791 1940 939 1989 καίτοι
975 1939 1091 2003 δέον,
1119 1942 1180 1993 ὡς
1208 1941 1394 2006 ἀγάπης
1425 1942 1718 2011 ἠξιωμένους,

132 2020 482 2088 ἀντευφραίνειν
520 2025 620 2074 ταῖς
658 2021 910 2074 ἐπιεικείαις
951 2023 1026 2071 καὶ
1065 2026 1166 2075 ταῖς
1204 2026 1264 2075 εὶς
1302 2028 1398 2074 πᾶν
1436 2025 1590 2076 ὁτιοῦν
1626 2031 1721 2078 τῶν

133 2102 428 2154 ἁνδανόντων
454 2103 580 2172 αὐτῷ
614 2104 845 2156 σπουδαῖς
879 2126 928 2154 τε
965 2105 1039 2153 καὶ
1074 2105 1367 2169 προθυμίαις.
1425 2109 1462 2156 εὶ
1489 2106 1582 2173 γάρ
1617 2110 1766 2163 ἐστιᾶ

134 2189 227 2236 τῶν
266 2184 469 2247 ἀτόπων,
508 2184 562 2235 τὸ
601 2183 665 2248 μὴ
704 2184 970 2245 βούλεσθαι
1007 2190 1102 2239 τοῖς
1143 2187 1248 2236 καθ’
1290 2187 1409 2250 ἡμᾶς
1449 2188 1720 2241 ἀποδιδόναι

134 2265 218 2320 τὰς
263 2265 479 2329 ἀμοιβὰς,
524 2267 593 2320 τίς
638 2266 695 2317 ἂν
738 2267 919 2331 γένοιτο
963 2265 1107 2332 λόγος
1151 2269 1224 2318 ἐπὶ
1271 2272 1394 2318 Θεοῦ
1439 2276 1521 2320 τοῦ
1565 2270 1721 2322 πάντα

135 2348 245 2412 ἡμῖν
282 2349 526 2402 πλουσίως
566 2347 860 2413 διανέμοντος
899 2348 957 2399 τὰ
999 2349 1118 2414 πρὸς
1156 2350 1390 2413 εὐθυμίαν,
1430 2354 1466 2401 εἰ
1505 2350 1570 2414 μὴ
1609 2353 1721 2412 βού-

185 2555 217 2586 4.
245 2542 435 2587 εἰσ-χέονται
455 2543 500 2577 D.
669 2552 702 2586 5.
728 2543 798 2589 καὶ]
824 2548 859 2584 -ὗ-
881 2546 991 2589 φησιν
1010 2545 1055 2578 D.
1075 2544 1168 2579 Edd.
1341 2555 1371 2590 7.
1399 2547 1494 2582 ἐστιν
1511 2548 1569 2582 alt.
1588 2560 1658 2584 orn.
1678 2549 1721 2585 B.

315 2599 339 2614 v

139 2624 172 2657 8.
198 2623 665 2667 ἀποπταν-προσαράξαντα
685 2622 730 2657 D.
1061 2636 1093 2669 9.
1118 2626 1200 2668 μόνῃ
1218 2640 1254 2659 π.
1271 2627 1310 2669 τῇ
1329 2628 1388 2660 τοῦ
1407 2628 1562 2670 σώματος
1578 2628 1660 2672 ἀκοῇ
1681 2629 1722 2664 Β.

138 2671 242 2713 μόνην
261 2669 561 2713 προσαρράξαντες
581 2669 861 2714 [προσαράξαντα
882 2668 946 2715 D.]
967 2670 1026 2713 τὴν
1043 2673 1102 2704 τοῦ
1126 2673 1282 2714 σώματος
1303 2672 1497 2717 [ἀκούοντος
1518 2686 1582 2719 pro
1607 2677 1722 2719 σώμα-

139 2730 196 2751 τος
214 2715 324 2760 Edd.]
344 2715 446 2759 ἀκοὴν
465 2715 510 2749 D.
531 2715 623 2749 Edd.
882 2727 934 2750 10.
961 2716 1256 2763 καταλογισθεῖεν]
1281 2723 1317 2758 -f—
1339 2720 1392 2753 καὶ
1412 2719 1503 2753 Edd.
1522 2732 1721 2766 repugnan-

139 2762 235 2795 tibus
256 2762 347 2795 B.l).
647 2773 699 2795 11.
726 2763 756 2795 οἱ
775 2768 998 2807 assumptum
1016 2776 1056 2797 ex
1077 2763 1170 2798 BD.
1467 2777 1519 2809 14.
1547 2768 1657 2802 τοίνυν
1676 2768 1721 2802 D.

142 2808 266 2842 Statim
284 2808 469 2852 ἀναγκαίως
485 2820 555 2841 om.
576 2807 615 2841 B.
635 2807 738 2842 habet
757 2809 803 2842 D.
1004 2810 1055 2843 18.
1082 2810 1117 2843 δέ
1138 2810 1179 2844 Β.
1198 2824 1233 2843 τε
1253 2810 1298 2845 D.
1318 2811 1409 2845 Edd.
1601 2825 1655 2849 20.
1682 2814 1723 2849 αὖ

141 2854 268 2888 retinui
286 2866 327 2887 ex
346 2854 438 2888 Edd.
496 2855 603 2887 Deest
620 2854 655 2887 in
676 2854 717 2888 B.
772 2855 811 2888 In
834 2855 878 2895 D,
898 2861 977 2899 post
994 2855 1041 2895 δέ,
1061 2856 1274 2900 perforatum
1293 2864 1344 2891 est
1361 2870 1380 2891 a
1398 2858 1517 2893 cimice
1536 2860 1722 2904 spatiolum

143 2899 213 2933 duo
236 2900 306 2933 fere
330 2900 534 2933 litterarum.
600 2901 879 2943 κατονειδίζοντος
907 2902 967 2943 μὲν
994 2901 1030 2936 εὖ
1058 2903 1149 2945 μάλα
1180 2903 1284 2938 edidi.
1311 2905 1574 2948 κατονειδίζοντα
1603 2907 1664 2950 μὲν
1688 2907 1724 2942 εὖ

142 2947 233 2989 μάλα
265 2946 306 2980 D.
342 2947 618 2988 κατονειδίζοντός
648 2947 742 2982 ἐστιν
771 2947 807 2981 εὖ
835 2949 927 2991 μάλα
960 2948 1000 2981 Β.
1034 2948 1069 2982 εὖ
1102 2950 1193 2992 μάλα
1227 2951 1506 2993 κατονειδίζοντος
1539 2953 1599 2996 μὲν
1633 2953 1724 2988 Edd.

145 3003 199 3034 24.
225 2991 451 3032 βουλεύεσθαι
472 2999 509 3026 ut
528 2992 596 3027 vid.
618 2993 663 3026 D.
810 3005 863 3037 25.
890 2994 1031 3038 ἀμοιβὰς
1054 2995 1094 3030 Β.
1113 2995 1255 3041 ὀφειλὰς
1276 2997 1320 3031 D.
1341 2997 1432 3032 Edd.
