2053 3382
289 206 366 242 670

341 336 453 372 quam
484 322 647 359 maxime
677 320 880 358 offenditur
911 323 986 358 825
1016 333 1047 357 e.

341 389 458 430 Deus,
480 387 637 436 gloriam
669 386 772 422 Illius
797 399 818 422 a
839 399 913 422 non
937 398 1047 434 quae-

340 452 523 494 rentibus,
550 451 679 487 oculos
708 451 842 487 avertit
872 451 951 492 Ille,
979 462 1048 486 nec

340 516 632 553 misericordiam
677 528 746 552 nec
787 529 953 552 amorem
994 516 1047 552 eis

340 582 517 630 dignatus
534 587 591 618 est
607 583 683 618 827
699 582 733 618 b.
783 582 898 624 Deus,
919 581 1046 629 poeni-

338 646 458 683 tentia
500 659 578 683 non
624 646 798 694 precibus
842 646 1046 695 placandus

339 713 416 748 827
433 724 463 747 e.
505 711 621 754 Deus,
640 716 793 759 propter
809 711 1045 747 sacerdotum

338 776 566 824 impietatem
592 789 612 813 a
633 776 841 812 sacerdotio
870 776 1046 812 abhorret

338 843 416 878 829
437 854 468 879 c.
526 841 643 883 Deus,
673 840 909 877 Judaeorum
942 853 1046 877 sacra

337 906 520 954 repudiat,
560 906 740 942 Gentium
781 917 875 954 pura
912 905 1046 953 accipit

338 973 416 1008 830
451 983 471 1007 a
491 971 528 1008 b.
587 971 704 1014 Deus,
745 971 916 1007 victimas
955 969 1045 1006 viles

337 1036 399 1072 vili
426 1036 564 1084 pendet
586 1038 658 1072 831
685 1036 720 1071 d.
779 1036 893 1076 Deus,
916 1034 1045 1083 quales

338 1101 502 1149 gaudeat
522 1101 687 1149 accipere
710 1103 783 1138 831
804 1113 844 1147 e;
878 1101 954 1137 832
976 1113 997 1136 a
1011 1100 1042 1137 b.

337 1166 452 1208 Deus,
518 1166 819 1202 maledictionem
884 1166 1045 1202 intentat

336 1230 616 1279 negligentibus
637 1231 892 1267 sacerdotibus
914 1232 990 1268 833
1009 1230 1043 1266 d.

337 1296 451 1340 Deus,
469 1301 655 1332 amatores
677 1296 815 1332 saeculi
836 1295 926 1336 odit,
944 1295 1044 1343 pacis

337 1362 500 1397 cultores
539 1366 638 1397 amat
679 1363 755 1398 839
791 1361 814 1396 b
836 1373 869 1396 c.

339 1426 445 1461 Unus
462 1439 576 1474 quum
592 1426 651 1467 sit,
670 1426 715 1461 ab
734 1426 845 1461 unitis
866 1425 1044 1461 colendus

337 1496 394 1526 est
411 1492 485 1527 841
503 1503 536 1527 c.
585 1491 698 1532 Deus,
720 1503 740 1526 a
761 1490 912 1535 Levitis,
934 1489 1044 1525 variis

337 1555 457 1591 modis
484 1563 710 1603 provocatus
735 1557 811 1590 847
834 1555 867 1590 d.
926 1554 1043 1596 Deus,

337 1632 451 1667 quare
466 1619 609 1655 tamdiu
628 1619 833 1670 impunitos
854 1619 1044 1667 reliquerit

338 1686 413 1721 848
432 1697 453 1720 a
470 1684 505 1720 d.
550 1683 666 1726 Deus,
689 1684 894 1720 errantium
914 1696 1044 1731 pecca-

335 1756 538 1797 torumque
567 1749 851 1785 conversionem
882 1748 1044 1797 benigne

335 1820 529 1862 exspectat
550 1816 626 1851 848
645 1827 675 1850 e.
720 1813 838 1859 Deus,
856 1813 1044 1859 avaritiae,

336 1885 374 1916 et
389 1880 587 1916 violentiae
605 1879 715 1915 velox
731 1879 865 1915 vindex
883 1880 960 1915 856
976 1891 997 1914 a
1009 1879 1043 1914 b.

337 1944 454 1988 Deus,
487 1944 733 1980 mutationem
763 1943 882 1980 nescit
912 1945 988 1980 856
1010 1955 1042 1979 e.

336 2009 454 2051 Deus,
475 2009 648 2045 contritis
675 2008 861 2056 promittit
888 2008 1041 2044 oblivio-

335 2087 421 2110 nem
444 2076 521 2111 860
538 2086 569 2110 a.
617 2073 721 2110 Deus
742 2073 1044 2109 misericordibus

336 2144 393 2175 cst
440 2138 652 2174 misericors
701 2140 777 2174 860
816 2151 848 2174 c.
926 2136 1041 2183 Deus,

336 2209 463 2252 aperte
498 2203 593 2239 solet
626 2202 865 2251 expostulare
899 2202 975 2238 suis
1005 2202 1041 2238 in

335 2273 529 2316 peccatum
543 2268 755 2304 labentibus
770 2269 843 2304 861
856 2267 890 2304 b.
926 2266 1042 2314 Deus,

336 2345 358 2369 a
395 2332 551 2369 Judaeis
588 2332 793 2381 injustitiae
832 2337 1041 2374 accusatus,

336 2397 545 2435 Malachiae
565 2404 734 2446 tempore
757 2399 831 2434 861
851 2410 883 2433 c.
925 2396 1041 2443 Deus,

335 2463 484 2511 quantis
516 2463 707 2499 beneficiis
741 2462 918 2498 Israelem
951 2463 1039 2498 affe-

335 2528 439 2571 cerit,
457 2540 568 2576 quam
590 2527 780 2575 ingratum
797 2532 974 2575 expertus
995 2527 1042 2562 sit

338 2595 411 2629 861
437 2593 509 2629 de.
568 2591 685 2637 Deus,
715 2591 906 2640 ingratum
935 2591 1041 2627 malis

335 2657 498 2694 externis
517 2657 726 2705 castigabat
747 2658 823 2692 862
844 2656 881 2692 b.
925 2655 1041 2701 Deus,

334 2722 494 2770 querelis
521 2734 559 2757 se
587 2721 842 2757 accusantium
870 2720 1041 2766 attendit,

336 2792 373 2822 et
393 2786 566 2822 irascitur
587 2787 662 2822 862
683 2797 714 2821 e.
766 2784 884 2826 Deus,
905 2785 1039 2821 librum

336 2850 571 2886 monumenti
633 2849 761 2886 scribit
814 2851 890 2886 863
946 2850 967 2885 b
1006 2861 1037 2884 c.

335 2913 453 2960 Deus,
498 2914 637 2951 electos
681 2926 782 2956 suos,
826 2926 894 2950 ceu
935 2919 1041 2961 pater

337 2978 433 3015 filios
461 2978 565 3027 eligit
595 2980 671 3016 863
697 2992 728 3017 e.
783 2978 901 3021 Deus,
927 2978 1037 3015 mise-

928 1361 1042 1403 Deus,

824 202 1036 239 INDEX
1095 201 1342 238 RERUM.

1768 218 1879 241 DEUS.

1175 320 1373 357 ricordiam
1403 333 1509 357 suam
1540 321 1706 363 exhibet,
1734 324 1880 359 venturi

1173 384 1315 422 Judicii
1344 386 1586 434 praenuntios
1620 387 1773 423 mittens
1802 389 1879 424 869

1172 450 1239 487 cd.
1290 449 1294 454 ’

1118 513 1298 556 Dextera,
1338 515 1497 562 quodvis
1535 521 1598 552 aut
1642 516 1775 553 melius
1814 522 1877 552 aut

1170 579 1309 616 rectius
1323 586 1379 616 est
1395 580 1582 628 significat
1596 582 1672 617 673
1689 581 1726 627 d;
1751 584 1822 618 771
1841 594 1877 627 e3

1173 646 1248 681 772
1270 657 1304 680 a.

1116 708 1311 751 Diabolus,
1360 708 1444 745 vide

1170 786 1251 810 nas,

1116 838 1218 885 Dies,
1252 845 1402 887 tempus
1432 839 1618 875 vocationi
1652 840 1878 876 conveniens

1170 906 1219 940 64
1242 904 1277 939 d.

1116 968 1206 1005 Dies
1237 967 1392 1009 Christi,
1427 980 1494 1016 pro
1529 968 1706 1005 Adventu
1740 969 1878 1017 duplici

1170 1034 1311 1070 dictum
1335 1036 1384 1071 30
1406 1047 1448 1076 e;
1481 1035 1531 1070 49
1553 1046 1593 1080 c;
1639 1034 1791 1070 abolitio
1820 1040 1877 1071 est

1169 1099 1311 1147 peccati
1332 1102 1408 1136 465
1426 1100 1472 1142 b;
1503 1099 1592 1135 facit
1613 1099 1801 1145 mortales,
1819 1100 1875 1135 sui

1169 1164 1371 1208 studiosos,
1424 1164 1582 1200 aliorum
1638 1164 1876 1213 negligentes

1169 1231 1245 1265 465
1263 1241 1304 1270 e;
1336 1229 1533 1266 universae
1554 1235 1675 1265 terrae
1694 1229 1767 1265 fert
1787 1242 1875 1266 con-

1167 1294 1353 1330 fusionem
1375 1296 1452 1330 466
1471 1307 1491 1330 a
1503 1307 1512 1340 ;
1545 1307 1655 1342 quam
1677 1295 1723 1330 sit
1743 1294 1875 1330 intole-

1380 1359 1600 1408 praesertim
1674 1359 1875 1396 incredulis

1492 708 1718 755 Daemones,
1767 710 1875 747 Sata-

1168 1359 1305 1400 rabilis,

1170 1427 1242 1461 851
1270 1424 1291 1460 b
1308 1437 1341 1461 e.

1114 1488 1205 1525 Dies
1244 1489 1373 1531 Collis,
1421 1489 1574 1526 caedem
1619 1489 1666 1525 ad
1706 1488 1873 1524 Gabaam

1167 1554 1304 1590 factam
1327 1554 1515 1602 significat
1540 1556 1613 1590 129
1635 1554 1669 1590 b.

1114 1618 1205 1655 Dies
1241 1618 1508 1667 Correptionis‚
1545 1618 1635 1666 quid
1673 1617 1720 1654 sit
1752 1619 1801 1654 86
1827 1617 1872 1663 b;

1169 1685 1217 1720 88
1240 1695 1273 1721 c.

1115 1747 1206 1785 Dies
1230 1747 1380 1791 doloris,
1403 1747 1612 1795 parturitio,
1635 1747 1711 1784 sive
1737 1760 1871 1796 expec-

1167 1813 1260 1850 tatio
1280 1813 1367 1849 mali
1390 1814 1465 1850 336
1487 1825 1519 1849 e.

1114 1878 1206 1915 Dies
1235 1877 1400 1919 Domini,
1431 1883 1581 1925 tempus
1610 1876 1685 1913 irae
1715 1876 1874 1914 Divinae

1169 1945 1246 1980 210
1286 1943 1330 1988 d;
1379 1948 1528 1990 tempus
1571 1943 1651 1990 jam
1697 1954 1873 1990 praesens

1169 2009 1245 2044 214
1266 2008 1311 2053 b;
1346 2012 1496 2055 tempus
1524 2005 1717 2055 supplicii,
1745 2019 1767 2043 a
1791 2006 1874 2043 Deo

1167 2071 1270 2109 missi
1300 2074 1376 2109 306
1397 2084 1438 2118 c,‘
1468 2078 1619 2120 tempus
1640 2072 1874 2120 Captivitatis

1168 2140 1244 2175 584
1262 2150 1304 2182 a;
1336 2150 1449 2185 quare
1462 2136 1761 2185 appropinquare
1775 2137 1873 2173 dica-

1167 2209 1228 2239 tur
1258 2204 1334 2238 584
1356 2202 1401 2247 b;
1439 2207 1588 2250 tempus
1622 2202 1873 2238 tribulationis

1167 2270 1241 2305 591
1262 2280 1303 2313 a;
1334 2267 1565 2303 calamitates
1585 2266 1742 2303 Judaeis
1763 2279 1873 2302 even-

1166 2339 1270 2369 turas
1304 2331 1479 2379 exprimit
1512 2334 1587 2368 795
1609 2331 1691 2377 ab;
1727 2343 1871 2379 expug-

1166 2403 1292 2434 natam
1329 2397 1477 2439 urbem‚
1517 2396 1680 2443 direptas
1725 2396 1871 2437 domos,

1165 2462 1365 2499 mulierum
1391 2467 1521 2509 raptus
1544 2463 1620 2498 795
1641 2473 1715 2507 ce3
1750 2461 1872 2496 nullas

1165 2527 1258 2563 lucis
1278 2533 1316 2563 et
1335 2527 1573 2563 tenebrarum
1595 2526 1694 2562 vices
1720 2525 1872 2561 habebit

1166 2594 1243 2629 800
1265 2604 1309 2637 εις
1348 2591 1543 2628 renovabit
1572 2591 1697 2627 omnia
1726 2591 1802 2626 800
1823 2589 1870 2635 b3

1167 2658 1240 2693 801
1265 2669 1300 2693 a.

1112 2720 1205 2757 Dies
1239 2719 1390 2765 Judicii,
1425 2732 1472 2756 ex
1505 2719 1690 2756 sententia
1727 2719 1870 2756 celatur

1167 2787 1243 2822 230
1258 2797 1298 2831 e;
1329 2785 1448 2832 qualis
1463 2784 1611 2820 futurus
1625 2784 1684 2824 sit,
1699 2789 1736 2818 et
1749 2784 1868 2830 malis,

1165 2855 1203 2885 et
1230 2849 1338 2885 bonis
1365 2851 1441 2886 864
1470 2849 1551 2893 bc;
1590 2847 1735 2883 clibano
1764 2860 1866 2884 com-

1164 2919 1315 2961 paratur
1335 2914 1411 2949 864
1433 2925 1465 2949 e.

1111 2977 1202 3015 Dies
1249 2978 1381 3019 malua
1430 2975 1652 3013 calamitatis
1704 2982 1866 3025 tempus,
