2060 3387
123 186 261 240 ix.13.
474 188 546 227 IN
595 187 1013 227 ZACIIARIAM.
1077 186 1228 226 TOM.
1264 185 1339 224 IV.
1628 183 1711 222 423

123 293 360 360 δόγμασιν
413 296 756 365 ἀντεξάγοντας
813 299 885 347 καὶ
948 300 1041 350 ταῖς
1106 297 1159 346 δι’
1213 295 1365 345 αὐτῶν
1420 292 1710 359 μαχομένους

121 380 492 444 μυσταγωγίαις,
560 382 680 430 οὕτω
731 402 823 430 που
874 382 994 447 φησὶ
1048 381 1121 428 καὶ
1168 379 1192 427 ὁ
1242 376 1494 429 θεσπέσιος
1538 377 1711 424 Δαυεὶδ

192 459 205 474 x
310 460 322 474 x
439 466 459 474 a
533 461 554 477 et
714 466 736 475 ἡ
814 464 833 473 Α
1017 461 1026 474 ¹
1195 459 1206 474 *
1301 459 1312 473 s
1555 458 1563 471 '
1776 462 1817 491 Γῆ·
1846 462 1912 491 >div

121 483 238 525 προς
277 483 359 511 τον
396 484 490 511 των
530 470 656 512 ολων
698 466 897 526 ὶωτηρα
933 465 1056 511 Θεον
1090 464 1213 510 “Τα
1251 465 1371 522 βελη
1410 480 1502 508 σου
1540 480 1707 520 ηκονη-
1774 487 1827 536 (‚,‘
1917 487 1924 493 ·

122 548 149 570 ‘⁶
174 540 302 603 μένα,
349 543 530 593 δυνατέ·
582 545 689 592 λαοὶ
737 541 956 593 ὑποκάτω
1001 565 1093 592 σου
1137 546 1392 592 πεσοῦνται
1445 541 1492 589 ἐν
1544 539 1710 607 καρδίᾳ

81 628 149 675 5“
175 627 268 673 τῶν
314 624 494 690 ἐχθρῶν
545 628 628 674 τοῦ
678 622 962 684 βασιλε’ως.”
1027 623 1294 687 πλήττουσι
1337 622 1421 685 μὲν
1466 621 1559 687 γὰρ
1603 620 1711 675 τοὺς

121 703 315 770 ἐχθροὺς
342 710 424 755 τοῦ
451 709 576 755 Θεοῦ
611 707 684 755 καὶ
714 704 904 769 Πατρὸς
943 708 1004 758 εἷς
1044 706 1237 769 καρδίαν
1271 705 1366 754 ε”σω
1406 706 1479 754 καὶ
1514 703 1710 773 νεφροὺς
1730 715 1755 756 (l

123 793 150 815 “
176 785 235 836 τὰ
267 792 349 836 τοῦ
383 789 582 837 δυνατοῦ
617 786 778 850 βε’λη,”
805 787 1018 837 τουτέστι
1047 790 1279 852 Χριστοῦ.
1347 787 1466 849 ΙΒέλη
1495 785 1542 836 δὲ
1568 788 1710 836 αὐτοῦ
1774 785 1926 865 §⁵⁴⁰³ss

122 866 270 918 πάλιν
309 871 351 918 οἱ
392 870 717 933 μυσταγωγοὶ,
756 867 862 922 τοῦς
904 868 957 919 δέ
995 891 1048 934 γε
1087 867 1471 931 πεπλανημένους
1515 870 1589 918 καὶ
1628 867 1711 918 τὸν

123 950 267 1016 φύσει
306 973 355 1000 τε
396 952 470 1000 καὶ
509 952 698 1015 ἀληθῶς
724 948 848 1001 Θεὸν
885 951 968 1000 οὐκ
1007 949 1197 1012 εἰδότας,
1220 950 1516 1014 πλήττουσιν
1541 951 1622 1000 οὐκ
1649 953 1711 1004 εἰς

58 1051 104 1076 10
124 1030 340 1094 θάνατον,
359 1033 468 1082 ἀλλ’
489 1035 551 1086 εἷς
576 1031 766 1098 ἀγάπην
792 1033 958 1086 αὐτοῦς
985 1031 1298 1100 ἀποφέροντες
1317 1032 1402 1096 τὴν
1428 1033 1475 1082 ἐν
1497 1036 1709 1102 Χριστῷ,

122 1113 198 1163 ἵνα
230 1137 304 1164 και
346 1113 563 1164 ὑποκάτω
602 1137 816 1165 πιπτοιεν
849 1115 1003 1165 αὐτοῦ.
1070 1115 1208 1165 ὁποία
1240 1137 1307 1167 τις
1347 1116 1476 1164 ἐστὶν
1504 1115 1530 1177 ἡ
1563 1116 1611 1164 ἐν
1644 1119 1710 1184 τῷ

122 1194 304 1264 ια’σματι
330 1200 424 1246 τῶν
451 1195 681 1264 ᾀσμάτων
706 1197 982 1264 γραφομενη
1009 1195 1188 1262 νύμφη,
1216 1196 1428 1261 λε’γουσά
1462 1219 1510 1246 τε
1538 1201 1710 1263 σαφῶς

123 1278 282 1328 ““Orc
316 1278 577 1343 τετρωμένη
613 1276 798 1343 ἀγάπης
832 1278 923 1342 ἐγώ
963 1279 1085 1340 ειμι]
1167 1277 1238 1328 ὅτι
1265 1277 1314 1328 δε
1340 1277 1596 1342 γεγόνασιν
1621 1281 1708 1328 ἀλ-
1771 1289 1916 1362 {lant-v-

123 1361 379 1423 κιμώτατοί
400 1383 448 1410 τε
475 1382 549 1410 και
577 1361 806 1412 εὐσθενεῖς
831 1382 873 1409 οι
899 1359 1144 1410 θεσπεσιοι
1171 1362 1388 1423 μαθηται,
1415 1361 1709 1411 πιστώσεται
1795 1356 1802 1362 ’

57 1460 102 1499 15
123 1442 277 1506 λέγων
292 1444 396 1507 περὶ
418 1442 571 1492 αὐτῶν
588 1443 612 1491 ὁ
631 1441 911 1509 σοφώτατος
930 1441 1195 1509 ψαλμωδὸς
1217 1443 1263 1492 ἐν
1282 1442 1521 1505 Πνεύματι
1540 1444 1748 1495 “‘Qffece
1728 1442 1876 1517 egxsxvi
1888 1498 1917 1525 4

121 1524 244 1587 βέλη
283 1526 331 1574 ἐν
363 1525 481 1590 χειρὶ
517 1526 727 1584 δυνατοῦ,
755 1524 899 1576 οὕτως
937 1527 979 1573 οἱ
1020 1525 1103 1573 υἱοὶ
1143 1528 1237 1574 τῶν
1271 1525 1705 1590 ἐκτετιναγμε’νων.”

122 1606 527 1671 ἐκτετιναγμένους
561 1605 645 1668 μὲν
679 1605 772 1671 γὰρ
806 1605 913 1658 τοὺς
952 1605 1008 1673 ἐξ
1033 1604 1234 1670 Ἰσραὴλ
1266 1608 1510 1670 ἀποκαλεῖ,
1538 1610 1600 1661 ὡς
1626 1611 1709 1671 τῆς

122 1689 246 1741 θείας
266 1687 455 1755 χάριτος
481 1687 835 1741 ἐκπεπτωκότας
856 1686 930 1737 διά
956 1710 1026 1738 τοι
1052 1687 1106 1738 τὸ
1129 1690 1470 1753 ἐμπαροινῆσαι
1491 1694 1706 1758 Χριστῷ.

122 1772 165 1819 οἱ
191 1769 339 1834 γεμὴν
373 1770 428 1838 ἐξ
460 1770 612 1820 αὐτῶν
643 1771 743 1831 υἱοὶ,
770 1768 890 1833 βέλη
916 1767 1172 1833 γεγόνασιν
1204 1771 1265 1823 ὡς
1296 1772 1346 1820 ἐκ
1376 1770 1527 1837 χειρὸς
1561 1776 1704 1823 δυνα-

54 1875 104 1899 20
122 1856 203 1900 τοῦ
245 1849 536 1913 πεμπόμενα.
612 1851 703 1917 ε”φη
744 1850 798 1900 δέ
837 1874 929 1901 που
974 1853 1046 1901 καὶ
1090 1853 1114 1901 ὁ
1155 1852 1439 1916 Ἀμβακούμ
1484 1855 1545 1907 ὡς
1587 1854 1706 1919 πρὸς

122 1930 264 1982 αὐτὸν
290 1930 346 1995 δὴ
373 1930 518 1983 πάλιν
541 1931 623 1982 τὸν
648 1932 956 1994 Ἐμμανουὴλ
989 1934 1093 1997 περὶ
1125 1937 1220 1983 τῶν
1247 1935 1392 1999 ἁγίων
1418 1936 1707 1987 ἀποστόλων

1771 2017 1857 2048 Hah.
1871 2019 1914 2049 iii.

122 2020 149 2042 “
177 2014 373 2067 Βολίδες
398 2037 489 2065 σου
514 2013 606 2081 γὰρ
631 2014 945 2080 πορεύσονται
971 2019 1033 2069 εἷς
1059 2015 1237 2084 φέγγος
1269 2019 1516 2083 ἀστραπῆς
1543 2017 1707 2069 ὅπλων

123 2101 153 2124 6(

1776 2070 1807 2092 ΙΙ
1816 2084 1822 2090 -

180 2095 312 2146 σου.”

127 2279 201 2320 Καὶ
227 2279 421 2336 ὲΠεΓερώ
446 2280 490 2321 τέ
524 2281 652 2322 τέκνα
680 2297 754 2323 σου
781 2283 896 2325 Σιὼν
922 2284 991 2326 ἐπὶ
1023 2284 1072 2325 τὰ
1104 2285 1231 2327 τέκνα
1264 2284 1350 2326 τῶν
1370 2284 1610 2336 “Ξλλιἰνων,
1639 2285 1706 2327 καὶ
1726 2303 1746 2326 a
1785 2293 1862 2328 741
1879 2292 1928 2326 A.

56 2369 105 2407 25
190 2364 445 2418 ψΗλαφύσω
471 2379 517 2404 σε
544 2364 604 2404 ὡς
632 2365 850 2420 ῥομφαίαν
876 2370 1075 2422 μαχΗτοῡ.

197 2499 318 2551 Ἰδοὺ
357 2499 413 2565 δὴ
457 2506 629 2570 σαφῶς
672 2502 780 2556 τοὺς
818 2503 875 2572 ἐξ
908 2503 1146 2556 Ἰουδαίων
1184 2505 1532 2572 μυσταγωγοὺς
1566 2508 1708 2576 τόξον

174 2676 204 2698 1.
231 2664 300 2710 καὶ]
325 2670 362 2706 -Ι-
383 2666 460 2701 τοὺς
478 2665 571 2700 Edd.
590 2667 660 2700 inv.
684 2666 724 2700 C.
788 2669 972 2712 μαχόμενοι
992 2669 1033 2703 C.
1246 2683 1280 2716 3.
1305 2671 1459 2717 σωτῆρα]
1484 2676 1517 2712 -Ι-
1542 2673 1595 2706 καὶ
1614 2673 1707 2709 Edd.

124 2711 241 2745 invitis
261 2711 302 2745 C.
308 2712 353 2746 D.
582 2725 615 2757 9.
642 2713 701 2746 οὐκ
719 2713 796 2759 alt.]
815 2714 905 2757 πλὴν
921 2715 980 2749 οὐκ
999 2715 1084 2750 Nik.
1102 2716 1136 2751 in
1156 2717 1214 2751 Ps.
1233 2719 1315 2753 xliv
1543 2730 1596 2753 10.
1622 2720 1707 2754 ἀπο-

124 2756 287 2801 φέροντες
304 2758 826 2804 Νὶὶς.1.ο.Εάἀ.ἐπιφεροντες
845 2760 886 2794 C.
953 2761 1006 2795 ἐπι
1024 2774 1087 2806 pro
1104 2763 1140 2796 ἐν
1158 2763 1199 2798 C.
1425 2776 1437 2798 1
1449 2776 1477 2798 1.
1504 2780 1556 2798 και
1575 2778 1644 2800 om.
1665 2767 1706 2801 C.

125 2816 178 2836 και
203 2803 308 2838 habet
333 2805 453 2840 Niket.
480 2805 594 2840 Codd.
621 2807 794 2841 nonnulh.
881 2807 1053 2854 πίπτοιεν]
1082 2809 1237 2844 τύπτοιεν
1262 2810 1354 2845 Edd.
1382 2810 1555 2856 [τύπταιεν
1582 2812 1705 2859 Pont.]

125 2848 144 2892 ἡ
163 2848 283 2883 deest
276 2862 311 2883 m
330 2851 421 2885 Edd.
768 2864 820 2887 12.
846 2868 882 2887 τε
900 2863 1122 2899 assumptum
1140 2869 1180 2890 ex
1201 2857 1241 2892 C.
1589 2870 1643 2901 14.
1670 2875 1707 2894 τε

125 2902 346 2940 assumptum
364 2909 404 2931 ex
425 2897 466 2932 C.
653 2909 705 2941 15.
732 2902 934 2946 σοφώτατος
952 2900 992 2934 C.
1012 2903 1125 2946 σοφὸς
1144 2903 1235 2938 Edd.
1417 2913 1469 2948 17.
1495 2904 1556 2946 μὲν
1573 2917 1644 2939 om.
1664 2906 1706 2941 C.

125 2941 235 2975 invito
254 2942 338 2978 Nik.
357 2943 391 2977 in
411 2943 467 2978 Ps.
487 2945 601 2980 cxxvi.
917 2947 969 2981 18.
995 2947 1247 2985 ἐκπεπτωκότας
1266 2950 1350 2983 Nik.
1371 2949 1461 2984 Edd.
1480 2951 1646 2987 ἅποπεπτ.
1666 2953 1708 2989 C.

129 2997 185 3032 19.
210 2988 248 3032 ἐξ
265 2996 487 3036 assumptum
505 3003 546 3026 ex
565 2991 606 3027 C.
624 2991 710 3027 Nik.
948 3004 1002 3029 22.
1028 2995 1094 3039 γὰρ
1111 3002 1334 3042 assumptum
1352 3008 1394 3031 ex
1413 2996 1453 3033 C.
