2018 3387
90 197 132 238 ii.
161 210 315 248 10,11.
474 198 546 238 IN
590 198 1029 239 MALACIIIAM.
1091 196 1247 238 ΤΟΜ.
1282 197 1316 237 Ι.
1594 195 1677 236 583

90 305 210 355 κατά
236 329 289 372 γε
316 304 370 357 τὸ
397 310 493 360 τοῖς
527 312 754 373 κρατοῦσι
790 308 970 356 δοκοῦν.
1026 305 1180 369 ἐπειδὴ
1212 305 1258 356 δὲ
1296 304 1354 359 εἷς
1389 305 1520 354 ἐστιν
1547 304 1572 353 ὁ
1604 302 1679 353 διὰ
1744 319 1887 359 1·:1‚1..iv.

90 386 293 450 πάντων,
340 391 415 438 καὶ
456 389 504 439 ἐν
544 393 681 450 πᾶσι,
721 390 795 438 καὶ
837 389 912 438 ἐπὶ
953 387 1145 438 πάντων
1186 386 1321 447 Θεὸς,
1359 385 1470 437 ποιά
1514 385 1583 439 τίς
1622 383 1681 435 ἂν
1743 363 1774 393 6.

92 469 273 534 γε’νοιτο
313 472 395 533 τῆς
440 470 671 537 διχονοίας
715 469 991 536 πρόφασιςς
1048 472 1122 519 καὶ
1168 468 1324 532 ἐπειδὴ
1369 466 1487 533 πρὸς
1531 467 1721 535 τούτῳο

93 553 169 601 καὶ
212 550 271 605 εἷς
313 552 338 601 ὁ
382 551 556 602 πάντων
595 555 690 601 τῶν
729 551 969 601 Ἰουδαίων
1007 552 1109 600 ἐστὶ
1154 550 1271 601 κατὰ
1316 549 1474 614 σάρκα
1518 547 1679 616 πατὴρ,

53 632 336 686 5τουτέστιν
375 634 400 683 ὁ
440 633 694 686 θεσπέσιος
732 632 972 698 Ἀβραὰμ,
1012 634 1060 683 τί
1095 631 1149 683 τὸ
1189 635 1440 683 ἀναπεῖθον
1477 631 1563 695 τὴν
1600 634 1684 694 τῆς

94 715 457 782 ἀφιλαλληλίας
502 715 799 782 εἰσδέχεσθαι
849 713 1025 774 νόσον;
1079 713 1107 777 ἦ
1152 718 1253 766 πῶς
1294 715 1377 764 οὐκ
1422 712 1684 764 ἀκόλουθον

94 801 189 850 τοῖς
224 797 281 865 ἐξ
304 796 498 860 αἵματος
532 796 675 863 ε’γγῦς
711 799 772 850 ὡς
807 798 854 847 ἐν
881 796 1160 864 ὀφλήματος
1192 795 1321 863 τάξει
1355 797 1684 845 κατατίθεσθαι

95 877 181 941 τὴν
207 878 482 944 ἀγάπησιν;
525 883 626 932 πῶς
659 877 705 928 δὲ
742 879 795 929 οὐ
825 879 993 941 μανίας
1026 876 1180 943 ἐγγυς,
1207 876 1260 927 τὸ
1286 882 1386 930 ταῖς
1415 881 1510 927 τῶν
1536 878 1686 926 ἀλλο-

97 960 265 1027 φύλων
301 961 627 1024 ἐπιμαίνεσθαι
662 961 942 1026 θυγατράσι,
978 959 1062 1013 τάς
1097 959 1212 1010 οἴκοι
1248 981 1296 1009 τε
1332 961 1406 1009 καὶ
1443 960 1491 1009 ἐκ
1522 958 1686 1023 γε’νους

33 1061 79 1086 10
97 1041 422 1108 ἀτιμάζοντας,
454 1043 528 1093 ἵνα
554 1042 874 1103 βεβηλῶσειαν
899 1041 967 1102 τὴν
994 1038 1196 1100 διαθήκην
1222 1041 1300 1092 τῶν
1328 1041 1522 1108 πατέρων
1551 1039 1683 1107 ὑμῶν·

97 1123 381 1190 τετηρήκασι
421 1124 512 1191 γὰρ
551 1126 711 1175 ἐκεῖνοι
751 1124 810 1175 τὰ
848 1129 945 1178 τοῖς
985 1125 1122 1177 θείοις
1163 1122 1317 1185 νόμοις
1357 1121 1728 1188 διηγορευμέναιι
1755 1138 1841 1173 842
1859 1137 1908 1172 A.

97 1210 202 1272 περὶ
241 1211 475 1271 γυναικῶν
514 1207 720 1257 ὀθνείων.
790 1206 962 1270 ἤκουον
1000 1204 1094 1271 γάρ
1134 1213 1160 1234 “
1178 1204 1281 1268 Τὴν
1320 1203 1552 1270 θυγατέρα
1596 1226 1688 1254 σου
1751 1222 1912 1255 Deut.vii.

99 1295 127 1317 ‘⁶
154 1289 208 1339 οὐ
234 1289 400 1341 δώσεις
426 1292 492 1358 τῷ
526 1291 608 1357 υἱῲ
645 1289 800 1351 αὐτοῦ,
829 1291 903 1339 καὶ
930 1287 1016 1352 τὴν
1042 1286 1276 1353 θυγατέρα
1300 1287 1442 1337 αὐτοῦ
1469 1287 1521 1336 οὐ
1547 1284 1688 1353 λήψῃ
1752 1276 1781 1307 3’
1800 1277 1831 1306 4'

99 1377 127 1398 ‘⁶
153 1374 220 1439 τῷ
260 1372 341 1438 υἱῷ
379 1389 488 1421 σου·
530 1369 798 1435 ἀποστήσει
831 1370 925 1436 γὰρ
959 1368 1042 1421 τὸν
1082 1368 1180 1421 υἱόν
1216 1391 1307 1419 σου
1346 1369 1423 1419 ἀπ’
1453 1369 1579 1429 ἐμοῦ,
1614 1370 1689 1417 καὶ

8 1500 11 1501 ⁷
35 1469 81 1507 15
102 1460 127 1482 ‘⁶
154 1455 392 1518 πορευθεὶς
420 1453 670 1518 λατρεύσει
707 1456 827 1507 θεοῖς
854 1451 1062 1518 ἑτεροις.”
1118 1455 1159 1502 οἱ
1187 1450 1235 1502 δὲ
1262 1452 1370 1517 παρ’
1400 1449 1531 1501 οὐδὲν
1555 1472 1690 1513 ποιη-

101 1533 297 1597 σάμενοι
330 1533 385 1585 τὸ
422 1533 765 1603 χρησμῴδημα,
792 1533 1093 1598 πεπατήκασι
1127 1532 1211 1584 τὸν
1243 1532 1399 1596 νόμον,
1436 1534 1511 1582 καὶ
1549 1531 1603 1582 τό
1635 1553 1690 1596 γε

101 1616 215 1681 ἧκον
259 1619 321 1670 εἷς
371 1615 556 1678 αὐτοῦς,
605 1618 782 1682 ἀδρανῆ
827 1618 902 1667 καὶ
951 1616 1162 1677 βέβηλον
1207 1614 1575 1666 ἀποτετελέκασι
1621 1613 1691 1673 τὴν

103 1696 318 1761 διαθήκην,
361 1704 621 1751 λυποῦντες
659 1703 760 1752 ταῖς
798 1698 1110 1764 παραβάσεσι
1150 1701 1243 1747 τῶν
1283 1694 1439 1758 νόμων
1472 1695 1554 1746 τὸν
1593 1695 1692 1760 ἄρι-

102 1803 239 1830 στον.
294 1779 627 1844 κατατεθηπὼς
663 1779 710 1830 δὲ
746 1778 909 1845 ὥσπερ
935 1779 989 1829 τὸ
1024 1779 1273 1845 δρώμενον,
1310 1779 1385 1828 καὶ
1421 1775 1735 1846 ἀδικωτάτῳῑ)

36 1885 85 1909 20
103 1862 231 1925 μίσει
274 1862 700 1925 πλεονεκτούμενον
742 1861 938 1922 βλέπων
978 1859 1032 1911 τὸ
1077 1860 1133 1928 ἐξ
1170 1860 1364 1922 αἵματος
1401 1860 1556 1910 Ἰούδα
1597 1863 1692 1909 τῶν

104 1943 307 2008 γυναίων
340 1942 485 2005 ἔθνος,
520 1943 683 2008 ἐπάγει
718 1943 800 1992 καί
834 1946 986 2010 φησιν
1011 1939 1373 2009 Ἐγκατελεῖφθη
1400 1938 1583 2003 Ἰούδας,
1616 1943 1692 1992 καὶ

105 2026 153 2075 ἐν
185 2029 281 2078 τοῖς
316 2031 613 2075 κατοικοῦσιν
639 2025 941 2094 Ἰερουσαλήμ·
982 2021 1032 2086 ὦ,
1065 2025 1201 2090 φησι,
1229 2022 1503 2091 παραδόξου
1528 2023 1688 2088 πράγ-

104 2125 268 2172 ματος·
311 2108 393 2157 οὐκ
415 2107 710 2172 Ἀσσυρίοις,
739 2106 792 2156 οὐ
821 2104 1019 2169 Μήδοις,
1047 2106 1100 2155 οὐ
1129 2105 1353 2171 Πέρσαις,
1379 2105 1462 2155 οῦκ
1483 2103 1686 2169 Ἐλαμί·

105 2212 218 2252 ταις,
261 2189 314 2239 οὐ
357 2193 452 2241 τοῖς
495 2189 544 2238 ἐκ
584 2188 805 2254 γειτόνων
845 2189 1041 2254 ἐχθροῖς,
1089 2187 1199 2237 ἀλλ’
1245 2188 1370 2255 αὐτῷ
1411 2190 1478 2255 τῷ
1516 2186 1692 2255 Ἰσραὴλ

40 2288 87 2326 25
108 2273 183 2321 καὶ
207 2275 303 2324 τοῖς
329 2275 598 2321 κατοικοῦσι
623 2269 708 2333 τὴν
733 2268 1022 2337 Ἰερουσαλὴμ
1046 2266 1276 2333 βδελυρός
1301 2291 1350 2319 τε
1378 2269 1452 2318 καὶ
1478 2269 1694 2335 ἀπηχθη-

107 2353 243 2415 μένος
289 2352 479 2417 γε’γονεν
518 2353 543 2402 ὁ
581 2349 764 2413 Ἰούδας,
800 2350 1029 2413 τουτέστι,
1069 2351 1123 2400 τὸ
1162 2351 1218 2419 ἐξ
1254 2350 1408 2400 Ἰούδα
1447 2350 1579 2416 γένος
1618 2353 1694 2402 καὶ

108 2434 136 2498 ἡ
164 2438 258 2484 τῶν
284 2435 581 2501 ἀγχιστέρων
607 2437 838 2498 γυναικῶν
865 2434 1009 2483 ἀθλία
1035 2432 1233 2497 πληθύς.

181 2516 363 2567 Ἰστεόν
404 2515 464 2579 δὲ,
507 2515 577 2566 ὅτι
616 2513 797 2585 Ἰσραὴλ
840 2514 925 2578 μὲν
966 2513 1179 2581 ὀνομάζει
1229 2513 1312 2568 τὰς
1364 2513 1472 2564 δέκα
1521 2513 1732 2582 φυλὰς,ο

160 2683 192 2706 2.
218 2672 352 2707 πάντων
369 2670 444 2718 alt.]
465 2671 591 2706 πάντας
610 2670 702 2706 Edd.
1146 2670 1178 2705 6.
1203 2668 1478 2715 ἁφιλαλληλίας]
1498 2670 1618 2714 φιλίας
1634 2669 1696 2705 iid-

112 2719 146 2753 8.
173 2719 305 2763 ἀγάπην
322 2718 382 2752 iid.
710 2728 762 2752 10.
787 2718 1228 2762 βεβηλώσειαν-πατέρων
1245 2715 1352 2761 ὑμῶν]
1370 2718 1577 2760 βεβηλώσῃς
1594 2717 1697 2760 αὐτὴν

113 2765 267 2799 διάθεσιν
283 2766 392 2800 αὐτῶν
409 2767 475 2799 τῶν
491 2763 644 2808 πατέρων
661 2763 720 2798 iid.
913 2765 965 2799 18.
992 2766 1051 2799 τὸν
1067 2764 1208 2807 ἄριστον
1225 2775 1294 2797 om.
1315 2763 1368 2802 B„
1388 2763 1550 2796 lacunam
1572 2774 1610 2796 12
1626 2764 1697 2797 fere

112 2812 179 2846 litt.
196 2811 341 2846 habens.
486 2822 539 2851 21,
561 2822 615 2844 22.
640 2811 693 2844 καὶ
711 2811 745 2845 ἐν
762 2812 833 2846 τοῖς
850 2813 1064 2846 κατοικοῦσιν
1078 2809 1302 2854 Ἰερουσαλήμ
1320 2809 1425 2842 habet
1444 2821 1584 2854 quoque
1603 2809 1644 2843 Β.
1663 2815 1697 2843 et

115 2858 160 2891 cf.
179 2870 197 2891 c
214 2858 315 2892 infra.
334 2858 370 2891 in
388 2870 460 2902 mg.
473 2857 633 2891 inferiore
651 2863 766 2890 tamen
785 2857 1032 2902 ἐγκατελείφθη
1052 2857 1165 2891 ιὀύδας
1183 2857 1235 2889 καὶ
1251 2856 1430 2900 βδέλυγμα
1448 2857 1580 2901 ἐγένετο
1598 2856 1632 2889 ἐν
1650 2858 1696 2902 τῷ

115 2904 240 2948 ἷσραὴλ
259 2905 311 2938 καὶ
330 2905 365 2938 ἐν
382 2903 591 2949 ἱερουσαλήμ
608 2903 749 2948 corrigit
769 2903 810 2938 B.
955 2915 1011 2950 23,
1037 2904 1133 2938 Haec
1151 2903 1189 2937 οὐ
1209 2902 1337 2945 Μήδοις
1354 2910 1574 2936 accesserunt
1592 2915 1633 2936 ex
1653 2902 1697 2937 B.

117 2959 173 2994 25.
199 2964 234 2983 τε
253 2962 322 2984 om.
343 2951 385 2986 B.
450 2949 697 2995 κατηχθημένος
716 2949 808 2985 Edd.
1218 2959 1273 2993 27.
1300 2948 1514 2994 ἀγχιστέρων
1529 2949 1634 2997 ¹habet
1654 2949 1697 2984 B.

114 2996 259 3042 γυναίων
276 2996 335 3031 iid.
