1997 3361
98 147 239 202 i-3›4-
560 158 630 199 IN
675 162 944 203 Almone.
1005 163 1153 203 ἰὀΜ.
1189 164 1221 204 l.
1617 166 1668 204 73

97 260 266 325 ψῆφον
290 268 372 313 τοῦ
400 267 574 317 δικαίου
604 272 902 333 παρευθύνειν
928 274 1009 323 οὐκ
1039 272 1326 340 ἀνεχόμενος·
1369 271 1594 338 ὑβριστὴς
1620 272 1666 322 δὲ

96 340 215 403 λίαν,
243 346 317 393 καὶ
353 348 450 396 κατ’
478 349 630 400 αὐτῶν
655 351 834 420 ε”ρχεται
867 359 960 404 τῶν
994 357 1128 405 θείων
1162 354 1438 423 ἀξιωμάτων
1464 357 1487 404 ὁ
1515 358 1660 420 δωρο-

94 422 241 485 δόκος,
274 423 354 477 ἅτε
389 428 444 492 δὴ
480 429 533 480 τὸ
571 432 748 487 κάλλος
786 439 867 499 τῆς
905 437 1124 500 ἀληθείας
1162 438 1553 503 παρασημαίνων,
1591 439 1665 487 καὶ

94 505 389 575 διαστρέφειν
413 510 497 573 μὲν
522 513 580 563 τὰ
607 515 723 580 ὀρθὰ
745 518 1081 583 μεμελετηκὼς,
1103 519 1255 585 λε’γων
1274 518 1321 569 δὲ
1341 527 1366 548 “
1381 518 1434 569 τὸ
1461 519 1665 583 πονηρὸν

51 604 73 641 5
94 596 120 617 “
144 590 292 642 καλὸν
318 596 393 644 καὶ
427 595 480 646 τὸ
515 599 662 650 καλὸν
696 603 916 668 πονηρὸν,
945 605 1017 653 καὶ
1051 603 1105 654 τὸ
1136 604 1219 667 μὲν
1251 603 1421 658 σκότος
1456 608 1518 657 εἷς
1548 609 1662 670 φῶς,

91 678 118 700 “
144 671 198 722 τὸ
237 673 285 724 δὲ
327 681 428 742 φῶς
466 683 527 732 εἰς
567 681 762 736 σκότος”
809 686 1009 738 ἀνοσίως
1050 685 1477 752 καταλογιζόμενος.
1540 689 1660 737 ἀπο-

92 755 243 822 φαίνει
269 756 324 820 δὴ
351 760 431 810 οῦν
454 762 478 810 ὁ
501 764 771 830 Προφήτης,
793 768 854 819 ὡς
880 768 928 816 ἐν
954 772 1037 835 μιᾷ
1063 767 1118 831 δὴ
1144 768 1288 836 ταύτῃ
1315 773 1372 836 τῇ
1396 770 1662 836 παναρίστῃ

91 839 165 886 καὶ
203 838 312 889 λίαν
344 842 653 913 εὐκλεεστάτῃ
691 849 857 916 ἐντολῇ
897 848 1011 899 ὅλον
1049 851 1373 914 πεπατημένον
1407 850 1489 901 τὸν
1522 851 1663 914 νόμον

90 921 236 976 εὐθύς.
304 926 329 975 ὁ
355 926 446 993 γάρ
481 952 549 979 τοι
582 932 685 996 περὶ
715 932 769 982 τὸ
801 932 1053 999 κράτιστον
1079 941 1160 986 τοῦ
1186 936 1441 998 πρέποντος
1470 940 1662 1001 διημαρ-

7 1022 71 1047 ’10
90 1005 252 1068 τηκὼς,
278 1012 377 1061 πῶς
411 1008 469 1059 ἂν
505 1011 684 1075 γένοιτο
713 1016 818 1080 περὶ
855 1015 909 1065 τὸ
946 1016 1098 1082 μεῖζον
1130 1018 1387 1084 ἀσφαλής;
1427 1018 1589 1068 ἑαυτὸν
1615 1019 1662 1069 δὲ

90 1089 171 1149 τῆς
195 1090 469 1158 πλεονεξίας
495 1094 520 1143 ὁ
549 1095 806 1163 Προφήτης
837 1098 1121 1162 εἷσκεκόμικε
1147 1098 1360 1165 μάρτυρά
1384 1123 1432 1150 τε
1459 1103 1533 1150 καὶ
1557 1105 1660 1152 θεα-

90 1168 191 1232 τήν.
260 1172 413 1237 ἐπειδὴ
446 1172 493 1224 δὲ
529 1174 583 1226 τὸ
621 1179 789 1243 κρίνειν
822 1181 972 1247 φησὶν
1011 1182 1161 1246 ὀρθῶς
1198 1182 1507 1248 παρεώραται,
1544 1184 1654 1233 ταύ-

91 1272 221 1319 τῃτοι
258 1255 334 1304 καὶ
369 1256 394 1306 ὁ
434 1258 558 1325 νόμος
596 1261 794 1323 ἀσθενεῖ,
823 1263 897 1312 καὶ
933 1262 960 1325 ἡ
993 1267 1087 1313 τῶν
1122 1264 1358 1329 κριμάτων
1391 1265 1585 1331 ὀρθότης
1619 1271 1661 1318 ου

93 1330 346 1402 διεξάγεται
378 1338 496 1389 κατὰ
530 1339 583 1391 τό
619 1365 698 1392 σοι
730 1346 894 1394 δοκοῦν
924 1348 990 1414 τῷ
1018 1344 1260 1414 Δεσπότῃ,
1290 1344 1660 1400 καταδυναστεύει

23 1436 69 1473 15
90 1415 138 1465 δὲ
179 1419 255 1468 καὶ
296 1425 314 1470 ὁ
360 1422 530 1482 ἀσεβὴς
573 1422 637 1475 τόν
689 1422 875 1476 δίκαιον.
941 1427 1155 1493 ε”γκλημα
1199 1428 1246 1479 δὲ
1292 1434 1428 1480 τοῦτο
1470 1434 1528 1496 τῇ
1567 1435 1662 1481 τῶν

88 1498 323 1552 Ἰουδαίων
362 1506 636 1573 Συναγωγῇ,
660 1509 734 1557 καὶ
772 1506 845 1558 διὰ
884 1512 1044 1576 φωνῆς
1082 1510 1247 1576 ἑτέρων
1284 1516 1544 1579 προφητῶν
1580 1515 1659 1564 ἐπ-

88 1579 352 1647 ενήνεγκται
386 1585 514 1652 παρὰ
550 1591 688 1639 Θεοῦ.
743 1590 833 1657 ἔφη
864 1590 958 1657 γὰρ
986 1591 1055 1642 ὅτι
1093 1596 1201 1643 “Oi
1235 1593 1479 1658 ἡγούμενοι
1519 1596 1658 1659 αὐτῆς

88 1670 114 1691 “
139 1664 257 1726 μετὰ
294 1667 456 1733 δώρων
489 1669 677 1736 ἔκρινον·
693 1672 718 1687 ”
765 1674 839 1722 καὶ
877 1672 994 1737 πρὸς
1028 1674 1171 1738 αὐτὴν
1198 1675 1244 1726 δὲ
1278 1676 1423 1727 πάλιν
1448 1676 1523 1728 διὰ
1554 1684 1655 1745 φω-

88 1748 167 1808 νῆς
191 1748 397 1800 Ἡσαΐου
421 1758 449 1779 “
469 1751 540 1802 Τὸ
571 1753 791 1820 ἀργύριον
822 1757 948 1818 ὑμῶν
983 1755 1220 1821 ἀδόκιμον,
1249 1762 1292 1809 οἱ
1328 1758 1536 1823 κάπηλοί
1566 1783 1657 1811 σου

20 1847 68 1872 20
90 1834 115 1856 ‘⁶
140 1828 370 1894 μίσγουσι
417 1831 498 1884 τὸν
548 1832 671 1886 οἶνον
716 1837 860 1900 ὕδατι,
904 1841 946 1888 οἱ
990 1838 1209 1907 ἄρχοντές
1253 1863 1344 1892 σου
1395 1844 1655 1905 ἀπειθοῦσι,

88 1916 114 1939 “
140 1915 347 1964 κοινωνοὶ
391 1921 617 1979 κλεπτῶν,
659 1920 931 1984 ἀγαπῶντες
975 1924 1117 1988 δῶρα,
1163 1922 1403 1977 διώκοντες
1443 1924 1652 1975 ἀνταπό-

86 1999 114 2021 “
139 1996 273 2056 δομα,
313 1996 533 2064 ὀρφανοῖς
566 2001 619 2050 οὐ
658 2001 897 2066 κρίνοντες,
936 2005 1011 2054 καὶ
1045 2005 1194 2069 κρίσει
1232 2003 1378 2072 χήρας
1412 2007 1466 2056 οὐ
1494 2029 1648 2071 προσ-

85 2081 112 2103 “
138 2073 365 2142 έχοντες.”
419 2078 533 2130 ε”οικε
558 2080 605 2131 δὲ
639 2085 713 2132 καὶ
748 2088 827 2133 νῦν
861 2084 885 2134 ὁ
913 2084 1173 2154 Προφήτης
1198 2085 1480 2150 Ἀμβακοῦμ
1513 2088 1652 2139 ἐκεῖνο

84 2158 347 2219 βούλεο-θαι
383 2167 609 2227 πληροῦν,
643 2163 697 2214 τὸ
731 2167 778 2215 ἐν
810 2167 987 2236 βιβλίῳ
1020 2172 1280 2233 παροιμιῶν
1313 2167 1423 2219 (ΝΑ
1458 2167 1578 2220 εἶδον
1610 2174 1651 2221 οὶ

18 2258 65 2296 25
86 2247 112 2270 ‘⁶
138 2242 385 2308 ὀφθαλμοί
414 2266 517 2306 σου,
546 2245 699 2310 λε’γε·”
739 2251 1170 2312 προσαποδείκνυσι
1200 2249 1247 2300 δὲ
1276 2251 1444 2302 λοιπὸν
1475 2251 1544 2302 ὅτι
1576 2254 1651 2302 καὶ

85 2323 410 2389 εὐλογωτάτην
446 2329 529 2388 τῆς
565 2326 759 2391 ἐνούσης
791 2333 898 2399 Θεῷ
931 2331 1252 2395 γαληνότητος
1283 2333 1536 2397 ἐποιήσατο
1566 2333 1652 2398 τὴν

86 2407 336 2470 καταβοὴν,
379 2408 757 2477 ἀνεξικακοῦντος
797 2411 879 2473 μὲν
924 2413 1068 2467 οὕτως
1109 2416 1170 2468 ὡς
1211 2412 1268 2464 ἂν
1305 2415 1429 2483 αὐτῷ
1465 2416 1648 2481 πρέποι·

134 2572 163 2595 1.
188 2563 248 2594 τοῦ
265 2561 391 2596 δικαίου
407 2562 532 2608 ψῆφον
548 2563 618 2597 ἰῐιν.
636 2563 755 2598 ordine
773 2564 820 2598 D.
869 2565 1015 2602 εὐθύνειν
1033 2566 1080 2601 D.
1191 2579 1224 2611 3.
1243 2568 1367 2603 κάλλος
1383 2574 1462 2613 post
1477 2583 1650 2614 παρασημ.

83 2613 213 2653 transp.
234 2608 280 2642 D.
421 2621 454 2653 5,
474 2609 506 2643 6.
531 2611 583 2643 καὶ
600 2611 637 2643 τὸ
655 2611 1059 2657 μὲν-καταλογιζόμενος
1075 2625 1144 2647 om.
1165 2614 1207 2648 Β.
1357 2616 1389 2648 8.
1416 2616 1508 2650 εὐκλ.
1525 2616 1601 2650 λίαν
1617 2624 1651 2651 et

81 2669 200 2688 πεπατ.
219 2655 301 2689 ὅλον
317 2661 350 2689 et
366 2655 462 2692 εὐθύς
478 2657 536 2690 τὸν
552 2659 652 2700 νόμον
670 2658 739 2691 inv.
758 2657 832 2691 ord.
852 2658 898 2692 D.
1070 2672 1103 2704 9.
1131 2661 1282 2705 διημαρτ.
1300 2663 1359 2694 τοῦ
1376 2661 1561 2703 πρέποντος
1577 2663 1648 2699 inV.

81 2701 202 2734 ordine
220 2701 266 2735 D.
431 2714 483 2737 10.
509 2705 621 2747 μεῖζον
639 2704 731 2738 B.D.
747 2706 840 2748 μεῖον
858 2704 948 2739 Edd.
1121 2718 1173 2747 11,
1196 2719 1248 2741 12.
1274 2722 1309 2741 τε
1326 2709 1475 2752 μάρτυρα
1493 2716 1525 2742 et
1542 2710 1648 2754 ὀρθῶς

80 2749 278 2791 παρεώρατό
293 2749 402 2793 φησιν
420 2749 466 2784 Ι).
627 2761 680 2795 13.
706 2753 724 2784 ὁ
741 2757 960 2795 assumptum
979 2763 1018 2786 ex
1041 2752 1082 2787 B.
1272 2754 1324 2788 16.
1351 2755 1581 2801 ἐπενὴνεγκται
1601 2757 1646 2792 D.

82 2793 291 2837 ἐπενήνεκται
310 2795 401 2830 Edd.
499 2806 552 2841 17.
577 2797 684 2843 παρὰ]
709 2802 745 2838 4—
766 2800 824 2831 τοῦ
841 2797 900 2831 iid.
998 2809 1052 2833 21.
1074 2799 1329 2842 ἀνταποδόματα
1348 2801 1390 2835 Β.
1485 2813 1539 2845 24.
1560 2805 1646 2847 πλη-

80 2843 160 2884 ροῦν
179 2841 224 2875 D.
243 2841 333 2876 Edd.
350 2842 474 2886 δηλοῦν
493 2843 534 2877 Β.
664 2854 719 2887 25.
745 2845 781 2877 δέ
798 2845 917 2878 λοιπὸν
934 2844 1001 2890 ὅτι]
1020 2847 1141 2879 λοιπὸν
1159 2846 1248 2881 Edd.
1298 2849 1417 2882 λοιπὸν
1434 2856 1512 2893 post
1529 2850 1644 2895 εὐλογ.

82 2915 123 2942 tr.
145 2910 190 2943 D.
350 2911 403 2946 26.
448 2912 680 2957 εὐλογωτάτην
698 2913 740 2947 B.
758 2901 891 2957 dkoytssr'
910 2913 954 2947 D.
974 2913 1187 2959 ἀλογωτάτης
1205 2915 1263 2950 iid.
1313 2917 1369 2960 τῆς
1387 2916 1482 2952 deest
1499 2919 1534 2953 in
1555 2918 1644 2954 Edd.

81 2956 218 2998 ἐποίησε
239 2957 284 2990 D.
438 2969 491 3004 27.
518 2960 707 3004 καταβολὴν
725 2960 914 2995 Aubertus.

137 3027 227 3055 YOL.
252 3028 299 3055 ΙΙ.
872 3031 895 3058 L

1733 537 1886 568 1·3„x‚.›0.

1683 618 1705 656 ‹l

1678 1204 1698 1227 Ο

1720 1608 1820 1639 Mi‹·11.

1719 1653 1763 1683 iii.
1786 1662 1832 1683 11.

1718 1771 1805 1801 Em.

1719 1824 1769 1851 22¹,
1790 1823 1838 1853 23.

1672 2038 1692 2060 a
1723 2029 1804 2062 521
1823 2028 1873 2062 A.

1715 2183 1765 2212 ΡΥ(
1772 2193 1809 2212 ›v.

1712 2238 1789 2257 xxv,
1812 2235 1837 2265 7.
