1997 3361
28 1155 76 1181 10

94 156 319 210 iii.16‚17.
556 159 625 199 IN
668 160 935 200 NAHUM.
996 159 1145 199 TOM.
1182 160 1215 199 l.
1610 161 1663 198 (33

95 267 157 318 ὡς
182 264 275 316 ἀπὸ
299 265 457 331 πυρὸς,
479 267 905 331 κατανεμηθήσεται
933 267 985 318 δέ
1005 291 1060 318 σε
1088 291 1135 318 τε
1164 270 1237 318 καὶ
1264 267 1348 329 τὴν
1373 265 1467 329 σὴν
1493 265 1663 332 χώραν,

95 348 169 396 καὶ
196 348 243 397 ἐν
269 348 452 413 ἀκρίδος
478 348 609 416 τάξει
644 351 668 399 ὁ
703 350 939 412 πολέμιος.
1000 349 1086 417 ἔσῃ
1121 348 1167 400 δὲ
1203 350 1277 399 καὶ
1309 348 1428 415 ὄκνῳ
1459 351 1659 411 πεπεδη-

93 428 230 491 μένος
274 432 348 479 καὶ
391 429 567 495 βραδὺς
606 435 667 484 εἷς
711 431 868 499 φυγὴν
910 435 966 485 ῶς
1012 434 1199 500 βροῧχος
1242 429 1476 499 βαρυνθείς.
1544 432 1666 497 φασὶ

94 509 187 576 γὰρ
231 511 300 562 ὅτι
340 512 606 577 πιπτούσης
648 514 852 580 χαλάζης
894 516 966 564 καὶ
1018 516 1158 563 ὑετῶν
1204 511 1665 579 καταῤῥηγνυμένων,

51 593 294 659 5ἀδρανὴς
337 596 362 644 ὁ
406 597 591 659 βροῦχος
635 599 697 649 εἷς
736 599 925 659 πτῆσιν,
966 595 1363 659 καταδεδευμένων
1405 595 1529 662 αὐτῷ
1571 598 1666 643 τῶν

93 680 291 741 πτερῶν.
351 678 514 727 οὐκοῦν
539 678 592 727 τὸ
620 678 796 743 ἄπορον
822 682 883 730 εὶς
910 677 1066 746 φυγὴν
1091 682 1184 728 τῶν
1208 680 1459 727 Νινευιτῶν
1488 678 1666 739 ὑποση-

92 757 241 821 μαίνει
267 758 412 810 πάλιν
439 759 531 810 ἀπὸ
557 765 639 810 τοῦ
665 765 760 814 τοῖς
784 759 988 829 βρούχσις
1013 759 1370 823 συμβαίνοντος.

90 965 360 1007 Ἐπλήθυναε
387 966 462 1006 τὰς
488 965 694 1021 ἐμπορίας
716 980 789 1007 σου
811 964 915 1021 ὑπὲρ
942 966 991 1006 τὰ
1019 966 1153 1022 domo(
1171 969 1243 1006 τοῦ
1267 966 1456 1022 οὐρανοῦ·
1494 969 1664 1022 βροῦχοε

161 1052 334 1107 ὣρμΗσε
370 1050 437 1090 καὶ
475 1050 748 1093 ἐξεπετάσθΗ·
799 1050 981 1092 ἐξήλατο
1014 1051 1074 1092 ὡς
1112 1051 1344 1100 ἀττὲλαβος
1378 1053 1400 1091 ὁ
1436 1054 1663 1099 σύμμικτος

162 1149 249 1184 σου,
275 1134 334 1173 ὡς
369 1133 488 1189 ἀκρίε
522 1130 793 1182 ὲΠιβεβΗκυῖα
828 1134 898 1174 ἐπὶ
936 1134 1130 1189 φραΓμὸν
1164 1133 1208 1174 ἐν
1247 1134 1421 1190 ἡμέραις
1456 1136 1602 1181 mis-on·
1642 1137 1664 1176 ὁ

162 1218 282 1258 ἥλιος
309 1218 512 1268 ἀνέτειλε,
541 1217 608 1258 καὶ
635 1217 848 1273 ἀφήλατο,
878 1217 945 1257 καὶ
971 1218 1046 1258 οὐκ
1073 1218 1182 1264 &svm
1208 1217 1280 1259 τὸν
1307 1218 1439 1258 τόπον
1467 1219 1608 1259 αὐτῆς.

166 1333 412 1401 Ἐμπορῖοις
450 1331 592 1382 ε”οικεν
623 1330 784 1382 ἐνθάδε
823 1334 998 1395 δηλοῦν
1029 1332 1131 1398 οὐχὶ
1169 1329 1251 1384 τὰς
1287 1330 1362 1381 διὰ
1399 1331 1666 1398 χρημάτων,

93 1413 177 1468 τὰς
202 1416 276 1465 ἐπὶ
309 1414 528 1478 λήμμασι
562 1416 637 1465 καὶ
663 1418 994 1476 πλεονασμοῖς,
1021 1412 1104 1466 τὰς
1131 1412 1436 1478 γεγενημένας
1463 1413 1511 1464 δὲ
1536 1419 1660 1477 μᾶλ-

94 1502 181 1548 λον
221 1498 296 1547 ἐπὶ
337 1501 395 1564 τῇ
439 1501 532 1546 τῶν
575 1498 721 1547 ἐθνῶν
764 1496 973 1562 ἀθροίσει
1014 1497 1088 1546 καὶ
1132 1499 1409 1563 συγκομιδῇ.
1475 1518 1663 1559 κατεμι-

28 1600 75 1641 15
95 1583 298 1630 σθοῦντο
323 1578 430 1645 γὰρ,
461 1581 523 1633 ὡς
549 1578 680 1647 ἔφην,
707 1576 766 1628 τὰ
795 1579 1003 1644 περιόικα
1040 1581 1135 1628 τῶν
1169 1579 1326 1639 ἐθνῶν,
1354 1576 1460 1631 τοὺς
1498 1582 1663 1641 τεθνη-

94 1660 316 1730 ξομένους
377 1663 622 1728 μονονουχὶ
679 1658 1046 1726 ἐμπορευόμενοι,
1100 1661 1175 1710 καὶ
1237 1659 1550 1725 συλλέγοντες
1606 1666 1667 1714 εἷς

93 1742 251 1812 μάχην
283 1742 390 1797 τοὺς
424 1743 585 1794 αὐτίκα
623 1742 679 1807 δὴ
716 1742 849 1806 μάλα
887 1742 1250 1805 ἀπολουμένους·
1292 1742 1416 1807 ἦσαν
1455 1743 1503 1794 δὲ
1542 1745 1667 1795 οὗτοι

94 1827 315 1876 πλεῖστοί
344 1849 393 1877 τε
426 1825 531 1876 ὅσοι
569 1827 643 1876 καὶ
669 1827 866 1891 ἀριθμοῦ
899 1824 1168 1889 κρείττονες.
1229 1823 1464 1891 τοιγάρτοι
1497 1830 1572 1877 καὶ
1610 1831 1668 1894 τῇ

95 1911 189 1958 τῶν
215 1906 390 1977 οἴστρων
414 1908 764 1974 παρεικάζονται
789 1906 982 1972 πληθύϊ.
1040 1908 1151 1957 ἀλλ’
1179 1910 1215 1958 εἰ
1242 1909 1315 1958 καὶ
1341 1908 1667 1975 συνήχθησαν,

28 2017 78 2043 20
97 1991 232 2057 φησι,
271 1991 345 2040 καὶ
386 1989 807 2055 συνδεδραμήκασι,
847 1989 1317 2054 καταπτοηθήσονται
1355 1995 1420 2058 τῷ
1457 1990 1666 2060 πολεζιιῳ,

96 2073 171 2122 καὶ
191 2073 566 2137 ἀποδραμοῦνται
584 2071 730 2123 πάλιν
747 2074 807 2125 ὡς
833 2074 1020 2141 βροῧχσς
1046 2075 1120 2122 καὶ
1147 2074 1208 2126 ὡς
1235 2073 1503 2131 &frehotfi-305.
1549 2070 1666 2125 εἶδος

96 2152 145 2204 δὲ
176 2159 314 2204 τοῦτο
348 2158 512 2218 μικρᾶς
543 2153 738 2219 ἀκρίδος,
763 2152 792 2218 ἢ
818 2153 1003 2204 ἐπειδὰν
1029 2153 1211 2222 ἐμπέσῃ
1248 2159 1484 2224 φραγμοῖς
1510 2152 1538 2217 ἦ
1566 2158 1665 2207 ταῖς

95 2240 190 2287 τῶν
216 2234 375 2300 κήπων
401 2239 653 2299 αἱμασιαῖς,
678 2237 832 2301 πάγου
869 2235 952 2300 μὲν
981 2235 1125 2298 ὄντος,
1160 2239 1221 2290 ὡς
1259 2237 1392 2304 ἔφην,
1422 2237 1496 2286 καὶ
1536 2237 1667 2286 ὑετοῦ

97 2316 523 2382 κατασκήπτοντος,
550 2315 846 2380 καταμέμυκέ
862 2340 910 2367 τε
936 2320 1010 2368 καὶ
1037 2319 1205 2383 ἠρεμεῖ,
1222 2321 1279 2385 τῇ
1307 2321 1388 2381 τῆς
1414 2316 1667 2383 ὑγρότητος·

30 2418 78 2459 25
97 2399 182 2468 βίᾳ
220 2398 305 2464 τὴν
344 2402 521 2463 πτῆσιν
565 2399 879 2466 παρῃρημένη·
924 2402 1050 2460 ἡλίου
1087 2400 1235 2465 γεμὴν
1278 2401 1554 2467 ἀνίσχοντος
1593 2402 1668 2450 καὶ

148 2553 178 2576 Ι.
195 2541 260 2576 ἀπὸ
273 2541 393 2587 πυρὸς]
409 2541 581 2587 ἀπόπυρος
595 2540 686 2576 Edd.
729 2555 770 2575 σε
788 2543 821 2574 et
834 2540 898 2584 σὴν
912 2541 1038 2574 desunt
1055 2542 1088 2575 in
1105 2541 1196 2575 Edd.
1211 2541 1263 2575 καὶ
1282 2541 1316 2575 ἐν
1329 2542 1463 2586 ἀκρίδος
1479 2543 1572 2585 τάξει
1589 2549 1669 2576 ante

99 2604 141 2624 σε
157 2604 194 2623 τε
211 2595 342 2633 transp.
362 2589 409 2623 D.
564 2600 595 2623 2.
620 2588 783 2631 πολέμιος
802 2587 847 2620 D.
865 2590 1011 2630 πόλεμος
1030 2589 1088 2622 iid.
1241 2600 1274 2632 3.
1296 2587 1490 2632 βαρυνθείς]
1509 2591 1526 2622 ὁ
1544 2591 1667 2631 βαρυν-

98 2636 166 2671 θείς
183 2635 242 2669 iid.
260 2635 368 2669 invito
388 2636 434 2669 D.
630 2648 662 2677 4.
689 2635 732 2670 ὡς
750 2646 811 2679 pro
829 2633 879 2667 ὅτι
900 2634 945 2667 D.
1139 2644 1171 2677 5.
1199 2636 1216 2668 ὁ
1233 2637 1382 2678 βροῦχος
1400 2635 1445 2669 εἷς
1461 2637 1585 2679 πτῆσιν
1603 2636 1668 2670 hoc

99 2682 219 2716 ordine
239 2682 331 2716 B.D.
348 2682 488 2726 πτήσεις
506 2682 549 2716 Β.
601 2681 724 2716 Statim
743 2681 1010 2724 καταδεδυμένων
1027 2681 1070 2714 Β.
1121 2680 1226 2726 αὐτῷ]
1246 2683 1346 2714 αὐτοῦ
1366 2682 1411 2715 Β.
1527 2693 1557 2727 7.
1582 2682 1665 2728 ἀπὸ]

99 2729 163 2764 ὑπὸ
182 2728 273 2763 Edd.
459 2730 492 2763 8.
517 2730 558 2763 τὰ
576 2741 645 2762 om.
665 2727 756 2762 Edd.
942 2739 975 2772 9.
996 2728 1198 2770 ἐξεπέτασεν
1217 2728 1262 2761 Ι).
1312 2728 1478 2771 ἐξήλλατο
1497 2729 1544 2763 D.
1592 2730 1667 2763 ἀτέ-

98 2777 207 2816 λαβος
225 2775 266 2809 Β.
453 2787 505 2810 10.
524 2776 558 2809 ἐν
574 2775 710 2820 ἡμέραις
729 2773 850 2820 [ΧΙῙ.]
869 2774 978 2818 πάγου
998 2774 1089 2808 B.D.
1109 2775 1239 2817 (Alex.)
1258 2774 1292 2808 ἐν
1308 2774 1412 2819 ἡμέρᾳ
1429 2777 1557 2820 πάγους
1575 2776 1666 2810 Edd.

101 2822 196 2866 (Vat.
214 2823 249 2865 N)
413 2833 465 2856 11.
492 2822 673 2867 ἀφήλλατο
692 2822 737 2855 D.
907 2831 958 2854 12.
984 2820 1180 2865 χρημάτων]
1201 2825 1237 2861 -l-
1258 2822 1311 2854 καὶ
1330 2821 1419 2855 Edd.
1439 2823 1554 2856 invitis
1574 2823 1666 2856 B.D.

104 2877 157 2913 15.
183 2868 362 2913 μονονουχὶ
379 2875 457 2902 ante
473 2870 549 2904 τοὺς
566 2870 653 2903 τεθν.
671 2872 804 2912 transp.
824 2867 870 2900 D.
999 2878 1050 2912 19.
1076 2869 1247 2912 πορεικάζ.
1265 2870 1303 2910 τῇ
1322 2871 1387 2901 τῶν
1403 2868 1434 2902 ἅ.
1451 2871 1511 2903 πλ.
1531 2870 1668 2903 inverso

101 2915 223 2949 ordine
245 2915 287 2949 D.
397 2926 452 2949 21.
469 2916 738 2959 ἀποδραμοῦνται
758 2915 802 2949 D.
820 2914 1024 2948 ἀπολοῦνται
1043 2913 1133 2947 Edd.
1183 2915 1226 2949 ὡς
1245 2915 1302 2948 alt.
1322 2923 1541 2959 assumptum
1561 2928 1601 2949 ex
1621 2916 1666 2950 D.

104 2972 158 2996 22.
184 2961 299 3007 τοῦτο]
319 2963 410 2996 τουτὶ
427 2962 485 2996 iid.
504 2963 619 2997 invitis
639 2962 732 2996 B.D.
846 2970 900 3005 25.
926 2975 1048 3005 παρῃρ.
1067 2961 1126 3004 τὴν
1143 2963 1266 3005 πτῆσιν
1282 2962 1418 2996 inverso
1436 2962 1555 2996 ordine
1577 2963 1620 2996 D.

1684 376 1706 399 0

1684 908 1705 931 a
1738 900 1813 933 513
1836 899 1884 932 A.

1690 972 1733 1005 16

1688 1069 1730 1105 17

1685 1423 1711 1463 b

1683 2173 1704 2198 O
