2007 3366
101 803 118 833 3
137 794 218 834 Reg.

98 848 168 869 xm.
186 848 214 868 2.

96 1453 117 1484 4
135 1445 216 1485 Reg.

96 1489 189 1520 xxiii.

96 1532 172 1570 4-6.

322 174 379 214 30
717 176 765 215 B.
809 175 1090 216 CYRILLI
1141 177 1524 219 ALEXANDR.
1793 178 1905 230 i.14.

322 282 604 349 ἀλλοτρίων,
632 284 869 353 ἐξένηψαν
897 284 1015 334 κατὰ
1039 284 1223 350 καιροὺς
1256 291 1350 337 τῶν
1375 288 1423 337 ἐν
1455 287 1572 354 αὐτῇ
1610 291 1904 346 βεβασιλευ-

322 364 473 416 κότων
517 366 649 430 τινες,
693 369 768 418 καὶ
805 371 1023 418 καθεῖλον
1062 368 1244 431 τεμένη,
1277 367 1466 430 βωμοὺς
1510 369 1787 437 ἀνέτρεψαν,
1832 371 1907 419 καὶ

321 450 434 514 πυρὶ
485 450 833 514 δεδαπανήκασι
877 448 936 499 τὰ
983 449 1189 514 γλυπτά.
1254 449 1469 511 μάλιστα
1513 450 1561 502 δὲ
1605 456 1698 501 τῶν
1741 451 1908 502 ἄλλων

323 529 576 598 διέπρεψεν
625 533 673 582 ἐν
722 531 903 585 τούτοις
942 532 1146 594 Ἰωσίας,
1203 535 1308 599 περὶ
1365 533 1418 584 οὗ
1470 533 1707 597 λελάληκε
1761 536 1835 584 καὶ
1880 534 1906 583 ὁ

277 611 571 678 ὒὸίνθρωπος
622 619 704 664 τοῦ
749 617 874 665 Θεοῦ
925 614 1089 665 θύοντί
1133 637 1248 666 ποτε
1297 619 1365 683 τῷ
1407 615 1655 682 Ἱεροβοάμ
1705 620 1772 686 τῷ
1824 621 1906 666 τοῦ

324 693 512 758 Ναβάτ,
541 694 589 749 ὃς
616 695 847 764 ἐξήμαρτε
875 695 957 747 τὸν
982 696 1201 764 Ἰσραήλ.
1265 698 1289 747 ὁ
1325 696 1409 760 μὲν
1435 697 1528 763 γὰρ
1566 698 1768 762 εἱστήκει
1806 703 1907 752 ταῖς

323 776 559 840 δαμάλεσι
592 783 692 832 ταῖς
725 784 926 846 χρυσαῖς
957 780 1163 830 ἀνοίσων
1195 780 1379 833 θυσίας·
1418 781 1442 830 ὁ
1469 780 1517 831 δὲ
1541 778 1659 845 πρὸς
1686 779 1740 831 τὸ
1772 784 1907 831 θυσι-

321 858 548 924 αστήριον
579 861 627 910 ἐν
660 860 794 931 λόγῳ
830 863 1005 928 Κυρίου
1039 864 1167 931 φησί
1202 862 1605 928 (ίθυσιαστήριον
1644 863 1906 927 θυσιαστή-

320 947 348 969 “
373 963 474 1006 ριον
530 941 640 993 τάδε
700 944 827 1009 λε’γει
882 945 1055 1011 Κύριος
1105 945 1226 996 Ἰδοὺ
1285 944 1378 999 υἱὸς
1429 946 1629 996 τίκτεται
1680 949 1746 1014 τῷ
1796 945 1906 1015 οἴκῳ

320 1030 347 1052 “
372 1026 560 1087 Δαυεὶδ,
587 1026 776 1080 Ἰωσίας
813 1026 962 1090 ὄνομα
996 1028 1135 1097 αὐτῷ,
1163 1030 1238 1078 καὶ
1263 1028 1396 1079 θύσει
1431 1029 1505 1079 ἐπὶ
1540 1026 1597 1078 σε
1633 1026 1741 1080 τοὺς
1777 1030 1904 1094 ἱερεῖς

318 1113 346 1135 “
373 1111 466 1157 τῶν
502 1109 705 1177 ὑψηλῶν
734 1114 828 1160 τῶν
854 1110 1138 1161 ε’πιθυόντων
1166 1112 1238 1161 ἐπὶ
1269 1110 1345 1172 σὲ,
1377 1113 1451 1161 καὶ
1486 1113 1609 1161 ὀστᾶ
1644 1109 1905 1175 ἀνθρώπων

317 1195 346 1217 “
372 1189 536 1240 καύσει
573 1192 647 1242 ἐπὶ
686 1192 789 1242 σε’.”
858 1192 928 1243 ὅτι
964 1192 1011 1243 δὲ
1044 1197 1106 1246 εἰς
1137 1193 1282 1259 πέρας
1319 1194 1543 1257 ἐκβέβηκε
1576 1192 1630 1243 τὸ
1664 1215 1904 1259 προεπηγ-

318 1271 557 1338 γελμένον,
584 1275 935 1341 μεμαρτύρηκεν
969 1276 1173 1341 ἐναργῶς
1205 1273 1258 1325 τὸ
1296 1274 1493 1341 γράμμα
1523 1274 1577 1325 τὸ
1617 1275 1752 1341 ἱερόν.
1823 1275 1902 1340 γε’-

280 1378 302 1404 c
320 1377 525 1421 γραπται
551 1356 599 1407 δὲ
624 1358 770 1410 οὕτως
796 1358 844 1407 ἐν
869 1359 926 1425 τῇ
956 1357 1154 1425 τετάρτῃ
1186 1363 1280 1408 τῶν
1303 1363 1564 1418 βασιλειῶν
1589 1360 1694 1423 περὶ
1717 1359 1903 1408 Ἰωσίου

320 1444 347 1466 “
375 1439 469 1488 Καὶ
495 1440 752 1490 ἐνετείλατο
779 1441 804 1490 ὁ
830 1440 1059 1501 βασιλεὺς
1085 1445 1151 1510 τῷ
1176 1441 1361 1509 Χελκία
1387 1444 1453 1509 τῷ
1480 1444 1590 1506 ἱερεῖ
1615 1444 1681 1508 τῷ
1706 1439 1901 1511 μεγάλῳ

319 1526 347 1548 “
373 1521 448 1570 καὶ
479 1526 573 1574 τοῖς
608 1525 778 1588 ἱερεῦσι
803 1526 885 1586 τῆς
911 1523 1229 1590 δευτερώσεως
1256 1525 1330 1573 καὶ
1354 1528 1450 1576 τοῖς
1477 1523 1793 1590 φυλάσσουσι
1819 1521 1902 1573 τὸν

319 1608 347 1630 “
372 1603 605 1666 σταθμὸν,
649 1611 733 1655 τοῦ
774 1605 1022 1674 ἐξαγαγεῖν
1057 1608 1107 1656 ἐκ
1144 1611 1225 1656 τοῦ
1267 1605 1393 1656 οἴκου
1430 1606 1605 1670 Κυρίου
1649 1604 1804 1656 πάντα
1842 1604 1901 1655 τὰ

318 1691 345 1713 “
368 1686 514 1750 σκεύη
549 1686 608 1737 τὰ
639 1688 926 1752 πεποιημένα
961 1691 1026 1758 τῷ
1063 1687 1201 1739 Βάαλ
1243 1690 1318 1738 καὶ
1357 1691 1423 1757 τῷ
1463 1687 1604 1738 ἄλσει
1647 1689 1721 1738 καὶ
1765 1687 1900 1756 πάσῃ

316 1774 343 1797 “
369 1771 426 1836 τῇ
464 1769 651 1832 δυνάμει
683 1776 765 1820 τοῦ
801 1772 1012 1836 οὐρανοῦ,
1038 1773 1113 1821 καὶ
1148 1772 1432 1821 κατέκαυσεν
1459 1769 1575 1820 αὐτὰ
1608 1770 1698 1838 ε”ξω
1723 1770 1894 1836 Ἱερου-

316 1858 343 1880 “
368 1850 538 1916 σαλὴμ
578 1854 626 1903 ἐν
662 1852 899 1917 Σαδημὼθ
945 1852 1129 1919 κε’δρων,
1169 1855 1243 1904 καὶ
1282 1853 1425 1915 ε”λαβε
1466 1851 1550 1904 τὸν
1587 1859 1702 1920 χοῦν
1746 1853 1900 1903 αὐτῶν

318 1940 344 1962 “
371 1936 432 1988 εἷς
476 1934 674 1998 Βαιθὴλ,
720 1937 795 1985 καὶ
844 1935 1102 1986 κατέκαυσε
1155 1935 1261 1989 τους
1303 1938 1545 2003 χωμαρεῖμ
1595 1935 1673 1989 οὓς
1723 1935 1899 1986 ἔδωκαν

273 2018 300 2059 d
320 2024 346 2046 ‘⁶
370 2022 589 2078 βασιλεῖς
614 2017 780 2080 Ἰούδα,
809 2020 884 2068 καὶ
919 2019 1118 2081 ἐθυμίων
1152 2020 1199 2068 ἐν
1231 2023 1327 2071 τοῖς
1363 2020 1568 2086 ὑψηλοῖς
1603 2020 1678 2068 καὶ
1713 2018 1761 2068 ἐν
1798 2023 1898 2071 ταῖς

316 2107 344 2129 “
369 2099 573 2151 πόλεσιν
608 2101 763 2151 Ἰούδα
804 2103 878 2151 καὶ
919 2102 967 2151 ἐν
1009 2105 1105 2153 τοῖς
1144 2100 1410 2170 περικύκλῳ
1449 2099 1780 2166 Ἰερουσαλὴμ,
1822 2101 1898 2150 καὶ

314 2189 341 2212 “
366 2181 473 2236 τοὺς
507 2187 768 2245 θυμιῶντας
804 2187 862 2251 τῇ
892 2183 1029 2234 Βάαλ
1065 2184 1140 2233 καὶ
1178 2187 1244 2251 τῷ
1278 2183 1419 2233 ἄλσει
1454 2185 1530 2233 καὶ
1564 2187 1630 2252 τῷ
1667 2183 1785 2252 ἡλίῳ
1821 2183 1897 2232 καὶ

313 2271 339 2294 “
365 2269 423 2332 τῇ
457 2267 638 2333 σελήνῃ
673 2269 747 2316 καὶ
785 2271 879 2319 τοῖς
916 2264 1164 2332 μαζουρὼθ
1201 2268 1275 2316 καὶ
1313 2264 1449 2334 πάσῃ
1488 2269 1546 2332 τῇ
1586 2263 1774 2327 δυνάμει
1813 2269 1897 2315 τοῦ

310 2354 338 2376 “
365 2350 578 2413 οὐρανοῦ.
639 2350 714 2398 καὶ
748 2347 965 2416 ἐξήνεγκε
990 2346 1045 2398 τὸ
1071 2348 1225 2402 ἄλσος
1260 2349 1316 2417 ἐξ
1353 2347 1479 2398 οἴκου
1510 2347 1686 2413 Κυρίου
1722 2346 1896 2414 ἔξωθεν

311 2437 338 2459 “
364 2429 679 2497 Ἰερουσαλὴμ
715 2433 775 2484 εἰς
807 2429 890 2481 τὸν
913 2429 1193 2497 χειμάῤῥουν
1220 2435 1314 2481 τῶν
1340 2430 1526 2497 κε’δρων,
1554 2431 1629 2480 καὶ
1664 2429 1890 2479 κατέκαυ-

357 2627 390 2657 4.
416 2616 434 2647 ὁ
453 2617 675 2660 assumptum
694 2627 734 2648 ex
756 2614 847 2650 B.D.
1012 2624 1045 2659 5.
1070 2629 1153 2649 ποτε
1170 2621 1249 2649 ante
1267 2615 1318 2648 καὶ
1336 2616 1354 2647 ὁ
1371 2620 1504 2658 transp.
1523 2614 1569 2647 D.
1619 2616 1665 2659 τῷ
1683 2615 1742 2648 alt.
1759 2625 1829 2648 om.
1850 2614 1893 2648 B.

312 2670 343 2706 7.
369 2661 530 2707 ἀνοίσων]
551 2662 689 2697 ἀνοσίας
708 2661 798 2696 Edd.
979 2662 1010 2695 8.
1037 2661 1148 2707 λόγῳ]
1168 2664 1286 2707 λόγοις
1303 2661 1361 2696 iid.
1412 2659 1655 2704 θυσιαστήριον
1672 2662 1730 2694 alt.
1749 2662 1895 2695 accessit

310 2720 350 2741 ex
374 2707 463 2741 RD.
565 2720 616 2743 11.
642 2713 708 2743 τῶν
724 2709 928 2743 ἐπιθυόντων
948 2708 989 2742 B.
998 2709 1045 2743 D.
1063 2710 1140 2745 τοὺς
1158 2708 1353 2743 ἐπιθὺοντας
1373 2707 1462 2741 Edd.
1481 2708 1541 2753 (19
1547 2708 1611 2740 ..al
1618 2708 1628 2749 )
1729 2719 1781 2741 12.
1808 2722 1893 2752 προ·

310 2755 560 2798 επηγγελμένον
582 2756 624 2789 D.
643 2770 789 2801 προηγγ.
809 2755 900 2790 Edd.
1031 2767 1084 2800 13.
1111 2757 1257 2800 εναργῶς
1276 2756 1319 2789 D.
1339 2769 1444 2789 ουτως
1463 2720 1552 2787 Ε(ὶ(9].
1604 2754 1730 2787 Statim
1748 2755 1786 2787 τὸ
1805 2755 1894 2799 ἱερὸν

309 2802 446 2845 γράμμα
466 2813 527 2845 pro
544 2803 582 2835 τὸ
599 2817 655 2847 γρ.
675 2804 712 2837 τὸ
731 2803 819 2837 ἱ.1).
984 2813 1037 2844 14.
1064 2805 1102 2846 τῇ
1123 2801 1280 2847 τετάρτῃ]
1301 2804 1346 2847 τῷ
1365 2802 1514 2847 τετάρτῳ
1534 2800 1580 2834 D.
1743 2801 1795 2834 16.
1822 2804 1894 2837 τοῖς

309 2849 367 2881 alt.
388 2847 483 2881 deest
500 2848 535 2882 in
556 2849 601 2883 D.
860 2859 912 2894 17.
939 2852 1019 2883 ναοῦ
1038 2862 1099 2893 pro
1117 2849 1209 2883 οἴκου
1228 2849 1274 2883 D.
1538 2858 1591 2892 19.
1617 2847 1825 2881 κατέκαυσαν
1845 2848 1891 2882 l).

309 2894 386 2937 (19,
405 2896 447 2927 82
454 2894 482 2938 )
698 2907 751 2930 21.
779 2897 953 2940 χωμιιρεὶμ
973 2897 1019 2930 D.
1041 2896 1314 2941 Ε(1(].χομαρειμ
1335 2895 1375 2928 Β.
1591 2905 1646 2936 24.
1672 2896 1711 2937 τῇ
1732 2895 1823 2927 Βάαλ
1844 2894 1891 2929 D.

309 2940 452 2984 (Alex.)
470 2943 517 2986 τῷ
537 2943 627 2975 Βάαλ
649 2942 739 2976 Edd.
759 2943 811 2987 (V
814 2950 858 2977 a.t
865 2943 880 2987 )
987 2955 1027 2977 2
1009 2965 1041 2987 ,.
1067 2955 1141 2985 pag
1123 2943 1289 2982 ωβοθὼθ
1310 2943 1353 2976 D.
1374 2940 1415 2987 [β
1432 2941 1478 2975 ob
1496 2942 1668 2975 maculam
1687 2942 1868 2975 incertum.
1873 2940 1887 2986 ]

395 2989 424 3021 A
444 3002 474 3020 xe
472 2988 568 3032 δρων
586 2988 628 3022 1d
647 2988 772 3033 κέδρωι
792 2990 940 3024 transilit
960 2990 1005 3025 D.
1026 2990 1055 3032 (
1054 2990 1145 3023 Xlex.
1152 2989 1166 3033 )

1926 633 1948 671 5

1928 1052 1977 1077 10

1925 1458 1972 1497 15

1920 1876 1970 1901 20
