2007 3387
282 176 367 217 338
674 179 724 221 B.
768 178 1047 220 CYRILLI
1092 179 1479 221 ALEXANDR.
1686 178 1742 219 iv.
1761 177 1801 227 8,
1822 191 1859 232 9.

281 275 515 344 παρόντος
565 278 685 342 βίου,
736 281 812 330 καὶ
862 282 945 343 τῆς
996 280 1045 329 ἐν
1096 280 1221 349 αὐτῷ
1272 280 1520 348 φροντίδος
1569 277 1624 330 τὸ
1673 276 1858 344 πικρὸν,

283 358 522 428 ἐφάγομεν
556 360 698 426 ἄρτον
731 359 814 411 τὸν
849 359 907 428 ἐξ
941 362 1156 427 οὐρανοῦ·
1195 360 1423 426 μυστικὸς
1461 362 1486 411 6
1518 359 1678 426 λόγος·
1720 362 1862 419 διεβι-

285 440 535 505 βάσθημεν
569 440 649 492 τὸν
674 443 928 508 Ἰορδάνην,
953 443 1204 510 περιτομὴν
1235 443 1501 512 ἐσχήκαμεν
1530 442 1615 507 τὴν
1640 444 1688 493 ἐν
1715 441 1866 493 Πνεύ-

248 549 269 575 c
287 546 412 587 ματι,
438 524 906 589 κεκληρονομήκαμεν
944 525 1029 590 τὴν
1067 526 1163 577 ἄνω
1199 526 1361 589 πόλιν,
1392 525 1476 590 τὴν
1505 526 1695 590 ἀληθῶς
1727 524 1866 589 ἁγίαν

64 611 224 686 ῗ·ὒξᾶῖῒῦ·
287 607 390 671 γῆν,
417 605 471 669 ἧς
504 607 580 656 καὶ
611 605 749 661 αὐτὸς
785 608 809 657 ὁ
835 607 1047 674 Χριστὸς
1079 609 1351 673 διεμέμνητο
1390 608 1544 674 λέγων
1582 615 1608 637 “
1626 605 1865 673 Μακάριοι
1884 618 1906 656 5

89 680 145 695 '⁰'
287 693 313 715 ‘⁶
340 690 381 737 οἱ
412 692 586 754 πραεῖς,
620 687 693 739 ὅτι
727 690 856 741 αὐτοὶ
895 690 1312 756 κληρονομήσουσι
1347 689 1431 755 τὴν
1465 690 1600 755 γῆν.”
1665 686 1791 753 οἶμαι
1817 687 1866 739 δὲ

286 769 433 835 ε”γωγε
473 793 547 821 και
582 769 664 821 τὸν
698 772 986 840 σοφώτατον
1024 773 1368 839 εὐαγγελιστὴν
1397 772 1619 837 Ἰωάννην
1658 770 1770 822 αὐτὸ
1809 769 1866 834 δὴ

1665 859 1684 868 Α

63 868 95 918 S
114 868 213 899 Joan.
285 857 424 903 τοῦτο
457 852 720 914 βούλεσθαι
754 857 1069 918 καταδηλοῦν,
1100 858 1137 905 εἰ
1172 855 1303 921 λέγοι
1333 857 1438 922 περὶ
1470 858 1685 920 Χριστου
1712 851 1866 903 ““Orc

65 914 221 951 ¹'16’17'
302 936 388 985 ‘e'tc
438 940 522 986 τοῦ
571 935 889 1000 πληρώματος
938 937 1078 988 αὐτοῦ
1121 937 1248 1002 ἡμεῖς
1296 935 1467 991 πάντες
1516 935 1750 999 ἐλάβομεν
1791 937 1867 986 καὶ

286 1023 313 1046 “
338 1016 476 1084 χάριν
513 1019 615 1068 ἀντὶ
653 1016 858 1085 χάριτος·
901 1018 972 1070 ὅτι
1011 1021 1036 1070 ὁ
1072 1020 1211 1084 νόμος
1250 1020 1325 1070 διὰ
1361 1018 1606 1072 Μωυσέως
1643 1017 1799 1081 ἐδόθη,
1838 1017 1936 1080 ἡιο

285 1106 312 1128 “
338 1098 473 1167 χάρις
512 1102 585 1150 καὶ
621 1100 649 1163 ἡ
682 1099 880 1165 ἀλήθεια
918 1100 993 1152 διὰ
1028 1102 1190 1166 Ἰησοῦ
1223 1106 1438 1169 Χριστοῦ
1476 1100 1702 1168 ἐγε’νετο.”
1761 1098 1861 1150 διά-

286 1204 419 1235 κονος
467 1181 552 1246 μὲν
592 1181 685 1249 γὰρ
737 1185 811 1234 καὶ
863 1184 1057 1249 μεσίτης
1099 1188 1182 1249 τῆς
1231 1185 1428 1252 ἀρχαίας
1470 1182 1641 1247 ἐκείνης
1682 1181 1868 1250 χάριτος

243 1277 271 1318 d
289 1263 479 1329 γέγονεν
504 1265 528 1314 ὁ
557 1267 787 1329 Μωυσῆς·
828 1269 910 1329 τῆς
945 1266 1093 1331 γεμὴν
1125 1266 1334 1333 δευτέρας
1358 1264 1560 1334 χορηγὸς
1585 1266 1612 1315 ὁ
1638 1263 1864 1330 Χριστὸς,

285 1344 486 1413 ἐχούσης
530 1345 617 1410 μὲν
655 1347 905 1411 ὁμοιότητα
947 1348 1065 1414 πρὸς
1106 1349 1291 1413 ἐκείνην·
1335 1350 1472 1400 τύποι
1510 1346 1602 1414 γὰρ
1644 1346 1769 1412 ἦσαν
1805 1350 1867 1401 ὡς

285 1427 404 1493 πρὸς
445 1428 688 1493 ἀλήθειαν,
731 1429 877 1495 ἤγουν
916 1429 969 1480 τὸ
1007 1433 1089 1494 τῆς
1134 1432 1355 1495 ἀληθείας
1392 1431 1631 1484 ὠδίνοντες
1669 1429 1863 1483 κάλλος·
1890 1440 1935 1478 15

286 1511 524 1574 ἀμείνονος
574 1510 621 1562 δὲ
672 1513 745 1562 καὶ
797 1513 1120 1579 ὑπερκειμένης
1183 1513 1285 1583 ὅσῳ
1347 1515 1421 1564 καὶ
1483 1516 1577 1562 τῶν
1628 1515 1868 1576 αἰσθητῶν

288 1593 538 1661 ὑπερφέρω
574 1592 632 1644 ἂν
671 1594 853 1648 εἰκότως
896 1595 955 1646 τὰ
1000 1595 1155 1660 νοητά.
1224 1598 1297 1646 καὶ
1338 1593 1627 1662 μαρτυρήσει
1666 1593 1866 1662 γράφων

66 1674 154 1706 Heb.
171 1675 224 1706 vii.

66 1727 118 1750 η
289 1677 314 1726 ὁ
366 1679 574 1738 Παῦλος,
630 1676 700 1728 ὅτι
750 1684 777 1706 “
805 1678 1082 1743 Κρείττονος
1127 1676 1346 1743 διαθήκης
1395 1676 1587 1744 γέγονεν
1627 1676 1794 1743 ἔγγυος
1839 1678 1865 1728 ὁ

289 1765 316 1787 “
342 1758 575 1822 Ἰησοῦς.”

195 1987 217 2021 8
247 1998 269 2034 9
293 1981 366 2022 Καὶ
404 1982 573 2030 ὲΓὲνετο
611 1984 735 2031 λόγος
777 1983 927 2041 Κυρίου
965 1984 1073 2040 Πρὸς
1110 1984 1161 2033 μὲ
1200 1985 1336 2032 λέγων
1374 1983 1419 2025 Αἰ
1455 1983 1590 2041 χεῖρες
1621 1983 1865 2041 Ζοροβάβελ
1889 1992 1938 2017 20

357 2064 649 2114 ἐθεμελίωοαν
689 2067 762 2108 τὸν
805 2063 922 2108 οἷκον
957 2070 1107 2109 τοῦτον
1149 2067 1215 2108 καὶ
1259 2066 1300 2108 αἰ
1338 2065 1473 2125 χεῖρες
1512 2068 1640 2109 αὐτοῦ
1675 2067 1868 2108 ἐπιτελὲ-

250 2171 272 2197 e
358 2164 500 2190 σουσιν
539 2150 680 2202 αὐτὸν,
722 2151 789 2192 καὶ
826 2152 1040 2209 ὲΠιΓνώσῌ
1081 2151 1188 2194 διότι
1234 2151 1380 2208 Κύριος
1422 2151 1734 2208 Παντοκράτωρ
1771 2151 1868 2193 ἐξα-

356 2234 569 2275 ubsrum&
607 2250 658 2283 με
695 2235 802 2292 Πρὸς
840 2236 900 2277 σὲ,

361 2372 483 2424 Ἰδοῦ
515 2373 571 2439 δὴ
604 2374 753 2426 πάλιν
782 2376 891 2440 ἡμῖν
923 2378 971 2426 ἐν
1009 2380 1249 2441 αἰσθητοῖς
1285 2375 1537 2442 πράγμασι
1575 2372 1866 2443 καταγράφει

289 2453 348 2505 τὰ
387 2455 543 2520 νοητὰ,
584 2461 659 2508 καὶ
703 2462 796 2508 τῶν
837 2457 912 2509 διὰ
950 2462 1166 2525 Χριστοῦ
1206 2458 1486 2526 παραδόξως
1523 2456 1867 2519 τετελεσμένων
1890 2474 1937 2511 25

288 2539 604 2604 παρατίθησιν
629 2542 691 2593 εἰς
719 2540 865 2591 τύπον
891 2539 951 2590 τὰ
977 2540 1050 2591 διὰ
1082 2538 1227 2610 χειρὸς
1253 2541 1514 2609 Ζοροβάβελ
1540 2538 1658 2590 κατὰ
1684 2537 1869 2604 καιροὺς

288 2621 685 2685 ἐκπεπερασμένα.
741 2621 896 2686 ἐπειδὴ
936 2621 1029 2688 γὰρ
1061 2622 1273 2686 ἁλούσης
1310 2624 1392 2685 τῆς
1420 2621 1738 2681 Βαβυλωνίων
1776 2619 1866 2670 ὑπὸ

290 2705 495 2767 Περσῶν
529 2706 603 2754 καὶ
632 2703 806 2770 Κύρου,
833 2709 928 2755 τῶν
961 2707 1043 2768 τῆς
1074 2705 1283 2757 δουλείας
1318 2704 1493 2753 ἀνεῖντο
1527 2705 1715 2764 δεσμῶν
1740 2704 1781 2752 οἱ
1813 2701 1870 2770 ἐξ

338 2863 369 2885 2.
395 2855 453 2887 τὸν
469 2861 690 2911 assumptum
709 2867 749 2889 ex
770 2855 810 2890 C.
830 2855 914 2890 Nik.
1287 2855 1320 2889 8.
1346 2854 1554 2896 καταδηλοῦν
1572 2853 1612 2888 C.
1631 2854 1754 2897 δηλοῦν
1772 2855 1863 2890 Edd.

290 2909 323 2942 9-
348 2900 468 2935 πάντες
485 2900 577 2943 ἡμεῖς
596 2902 636 2936 C.
655 2903 709 2943 (ut
726 2915 833 2947 supra
853 2903 920 2947 683
939 2902 988 2945 d.)
1264 2913 1315 2944 13.
1342 2903 1488 2946 χορηγὸς
1507 2900 1546 2934 C.
1553 2901 1598 2934 D
1617 2902 1755 2945 χάριτος
1774 2902 1864 2936 Edd.

295 2954 346 2988 17.
372 2960 576 2990 μαρτυρησει
594 2950 737 2992 γράφων
757 2949 798 2983 Β.
804 2950 844 2983 C.
862 2948 1081 2995 μαρτυρήσας
1097 2950 1223 2994 γράφει
1244 2947 1335 2982 Edd.
1564 2948 1615 2981 18.
1643 2948 1806 2993 ἐγγυητὴς
1825 2948 1866 2983 C.

291 2991 309 3022 6
327 2999 547 3036 assumptum
566 3006 606 3028 ex
627 2995 666 3029 C.
859 2997 914 3031 26.
941 2995 1320 3040 τὸ-ἐκπεπερασμενον
1340 2993 1431 3028 Edd.
1450 2994 1558 3028 invito
1578 2994 1617 3028 C.
