2033 3381
354 178 434 217 156
752 180 801 219 Β.
845 178 1118 219 CYRILLI
1160 177 1536 219 ALEXANDR.
1783 172 1840 213 iii.
1860 184 1922 223 14.

350 291 379 315 ς(
404 286 460 337 Ἐ
564 286 581 305 a.
671 290 681 304 2
727 287 739 304 t
967 289 977 302 ⁵
1014 288 1027 302 x
1105 289 1115 304 ³
1151 289 1165 306 χ
1234 288 1247 303 x
1454 288 1464 305 p
1534 286 1546 300 t
1737 284 1747 299 9
1793 283 1806 300 t

465 291 629 355 φραιμ,
655 293 889 348 ανελαβον
923 311 1063 338 αυτον
1093 312 1166 339 επι
1201 311 1283 339 τον
1316 293 1546 357 βραχιονα
1584 307 1688 350 μου,
1725 282 1926 352 εξετεινα

307 368 570 422 b“a13†01)9
608 370 655 420 ἐν
693 372 881 431 δεσμοῖς
919 368 1202 434 ἀγαπήσεως
1246 371 1379 433 μου.”
1439 371 1464 420 ὁ
1503 368 1557 419 δέ
1582 391 1636 433 γε
1670 363 1830 434 ὃεσμές
1864 367 1926 417 εἷς

352 455 600 523 τραχήλους
631 452 790 505 ἐνθάδε
830 459 995 505 νοεῖται
1031 457 1105 506 καὶ
1139 454 1193 506 τὸ
1231 455 1407 520 εὐήνιον
1437 459 1531 506 τῶν
1569 449 1928 504 ὑποτεθεικότων

353 536 477 604 αὐτῷ
503 534 585 585 τὸν
610 538 691 599 τῆς
719 536 919 590 διανοίας
944 537 1128 604 αὐχένα,
1158 539 1232 587 καὶ
1269 536 1351 588 τὸν
1385 536 1596 604 χρηστὸν
1627 536 1816 599 ἀληθῶς
1846 537 1929 583 τοῦ

356 620 574 683 Σωτῆρος
601 618 731 682 ἡμῶν
756 617 1104 670 ὑποδεδυκότων
1131 617 1284 684 ζυγόν.

294 888 338 920 14
380 873 595 923 Διέκοψαε
622 873 666 914 ὲν
693 874 889 915 ἐκστάσει
917 874 1108 929 κεφαλὰς
1136 874 1367 926 δυναστῶν,
1395 874 1690 916 σεισθέισοντοιι
1716 872 1760 914 ὲν
1787 872 1908 930 αὐτῷ.

140 1264 236 1295 Hier.

139 1309 172 1338 ii.
195 1318 205 1338 1
216 1316 242 1337 2.

140 1362 190 1393 Ib.
206 1373 237 1392 v.
250 1369 299 1400 30.

146 1609 161 1630 2
180 1600 252 1631 Cor.
272 1609 303 1630 v.

147 1653 157 1673 1
166 1654 195 1684 3.

432 1005 504 1057 Τὸ
529 1009 610 1071 τῆς
637 1007 896 1061 ἐκστάσεως
924 1007 1070 1071 ὄνομα
1104 1007 1221 1059 κατὰ
1260 1008 1510 1076 διαφόρους
1543 1012 1709 1059 νοεῖται
1733 1006 1934 1073 τρόπους

357 1088 487 1156 παρά
512 1112 565 1155 γε
592 1094 648 1157 τῇ
676 1091 971 1160 θεοπνεύστω
996 1095 1174 1159 γραφῇ.
1242 1091 1458 1156 σημαίνει
1488 1089 1571 1154 μὲν
1602 1088 1695 1156 γὰρ
1728 1088 1831 1141 ἔσθ’
1858 1088 1934 1140 ὅτε

359 1170 444 1235 τὴν
471 1171 779 1241 κατάπληξιν,
807 1175 868 1226 ὡς
909 1171 965 1223 ἂν
1003 1177 1037 1223 εἰ
1076 1174 1263 1238 λέγοιτο
1294 1172 1436 1241 τυχὸν
1461 1175 1566 1240 περὶ
1598 1177 1691 1224 τῶν
1721 1172 1929 1237 ἡμαρτη-

410 1255 422 1270 l
591 1259 609 1267 Α
667 1256 675 1269 5
732 1254 742 1269 9
884 1254 895 1270 Ι
1005 1256 1014 1271 ’
1078 1255 1123 1271 <al
1257 1258 1267 1270 U
1344 1257 1353 1271 9
1452 1255 1464 1269 ἱ
1543 1258 1553 1271 ’
1588 1257 1601 1272 Χ
1699 1255 1709 1270 Ι
1783 1255 1819 1282 ·’'
1920 1256 1933 1271 X

320 1283 341 1309 ρ
359 1278 508 1317 μενων
535 1277 629 1308 τοις
655 1255 710 1323 εξ
749 1259 932 1320 Ισραηλ
961 1263 986 1284 “
1022 1259 1212 1324 Εζεστη
1248 1280 1272 1307 ο
1305 1279 1497 1321 ουρανος
1531 1279 1604 1307 επι
1627 1278 1776 1324 τουτῳ
1861 1277 1934 1304 και

359 1337 507 1388 πάλιν
532 1336 844 1390 66’Έκστασις
883 1340 956 1388 καὶ
993 1337 1166 1405 φρικτὰ
1197 1337 1391 1404 ἐγενήθη
1431 1340 1503 1389 ἐπὶ
1542 1341 1623 1402 τῆς
1655 1338 1785 1402 γῆς·”
1824 1335 1937 1388 ποτὲ

362 1418 410 1469 δὲ
437 1418 493 1482 δὴ
520 1420 577 1470 αὖ
603 1418 686 1483 τὴν
720 1419 813 1470 ἀπὸ
847 1426 929 1470 τοῦ
963 1420 1124 1486 γηΐνου
1160 1420 1457 1489 φρονήματος
1491 1424 1551 1474 εἰς
1583 1419 1709 1471 θείαν
1733 1418 1837 1471 τινὰ
1863 1421 1938 1470 καὶ

361 1500 674 1565 πνευματικὴν
700 1502 825 1565 ἠθῶν
851 1525 899 1552 τε
935 1505 1009 1553 καὶ
1040 1504 1147 1563 ,Βίου
1173 1502 1468 1554 κατάστασιν
1493 1502 1800 1566 μετάστασιν.
1863 1503 1938 1552 καὶ

363 1589 478 1650 γοῦν
505 1585 529 1634 ὁ
556 1584 808 1637 θεσπέσιος
845 1589 1037 1638 Παῦλος
1069 1585 1335 1636 ἐπιστέλλει
1367 1589 1479 1648 τισὶ,
1506 1585 1585 1635 καί
1613 1589 1763 1652 φησιν
1787 1590 1813 1613 “
1831 1583 1940 1634 Εἴτε

365 1673 391 1695 “
418 1665 510 1732 γὰρ
549 1664 822 1733 ἐξέστημεν,
865 1670 986 1736 Θεῷ,
1031 1666 1117 1717 ε’ίτε
1162 1672 1515 1735 σωφρονοῦμεν,
1561 1667 1711 1730 ὑμῖν.”
1777 1664 1939 1733 ὥσπερ

363 1748 412 1799 δὲ
452 1747 537 1812 τὴν
576 1748 668 1800 ἀπό
713 1772 766 1814 γε
812 1753 905 1799 τῶν
950 1750 1203 1816 αἰσχιόνων
1243 1752 1317 1801 ἐπὶ
1355 1749 1414 1800 τὰ
1456 1750 1625 1813 ἀμείνω
1663 1748 1941 1813 μετάκλισιν

365 1831 575 1882 ἔκστασιν
605 1829 721 1881 εἶναι’
743 1834 898 1899 φαμεν
925 1834 1032 1900 Θεῷ
1057 1833 1362 1900 φιλουμένην·
1403 1834 1523 1883 οὕτω
1555 1833 1630 1883 καὶ
1664 1830 1748 1896 τὴν
1773 1832 1822 1882 ἐκ
1848 1835 1942 1881 τῶν

365 1914 612 1981 χρησίμων
640 1915 713 1964 ἐπὶ
748 1912 806 1963 τὰ
839 1915 1011 1981 αἰσχίω
1044 1914 1315 1978 μεταβολὴν
1341 1915 1549 1966 ἔκστασιν
1579 1912 1692 1965 εἶναι
1716 1918 1943 1982 διισχυρι-

367 1995 537 2062 ζόμεθα
564 1995 754 2064 φαύλην
780 2018 828 2046 τε
855 1998 929 2046 καὶ
957 1996 1345 2060 διαβεβλημένην.

442 2081 510 2129 Ἐν
542 2078 750 2129 ε’κστοίσει
781 2079 935 2128 τοίνυν
964 2082 1022 2146 τῇ
1057 2081 1209 2147 τοιᾷδε
1241 2078 1489 2144 γενομένας
1514 2077 1598 2132 τὰς
1621 2077 1700 2129 τῶν
1728 2075 1944 2130 δυναστῶν

371 2162 588 2231 κεφαλέις
628 2160 851 2232 διέκοψοίς
889 2167 1028 2232 φησι.
1097 2167 1237 2228 δηλοῖ
1269 2163 1317 2215 δὲ
1352 2162 1408 2228 δὴ
1446 2162 1529 2218 τὰς
1559 2168 1653 2215 τῶν
1677 2163 1945 2229 ἡγουμένων

368 2250 451 2297 τοῦ
480 2244 697 2312 Ἰσραὴλ,
741 2245 1053 2312 γραμματέων
1086 2269 1178 2297 που
1214 2245 1400 2300 πάντως
1438 2248 1513 2298 καὶ
1552 2247 1838 2312 Φαρισαίων,
1870 2248 1946 2297 καὶ

369 2331 464 2377 τῶν
484 2327 602 2378 κατὰ
626 2326 767 2391 νόμον
788 2331 1048 2393 ἱερουργῶν.
1107 2327 1353 2397 ἐξέστησαν
1371 2328 1463 2396 γὰρ
1489 2330 1677 2393 ἀληθῶς
1703 2331 1777 2379 καὶ
1804 2330 1946 2393 ὀρθοῦ

373 2409 673 2477 φρονήματος
711 2411 786 2461 καὶ
820 2409 991 2478 φρενὸς
1031 2413 1211 2476 ἀγαθῆς
1249 2413 1324 2461 καὶ
1364 2414 1446 2474 τῆς
1484 2414 1546 2465 εἷς
1585 2409 1708 2461 Θεὸν
1745 2409 1944 2475 ἀγάπης,

372 2492 426 2541 οὐ
451 2493 798 2558 προσηκάμενοι
832 2492 914 2543 τὸν
938 2492 1067 2556 Υὶὸν,
1096 2497 1286 2556 μᾶλλον
1319 2492 1366 2543 δὲ
1401 2494 1475 2543 καὶ
1504 2491 1821 2555 ἀπεκτονότες,
1849 2493 1946 2543 καί-

425 2677 454 2699 1.
471 2666 600 2704 ἔλαβον
616 2667 660 2701 D.
677 2666 769 2701 Edd.
821 2667 945 2701 Statim
963 2668 1063 2702 αὐτὸν
1080 2673 1160 2712 post
1176 2681 1240 2710 μου
1258 2672 1301 2700 tr.
1320 2665 1411 2700 Edd.
1506 2676 1539 2710 3.
1558 2665 1610 2699 καὶ
1627 2677 1697 2699 om.
1717 2666 1763 2700 D.
1781 2665 1886 2701 habet
1904 2666 1948 2701 Β.

375 2722 407 2754 5.
434 2713 661 2748 ὑποδεδυκότα
679 2713 770 2748 Edd.
1093 2716 1126 2748 6.
1152 2712 1319 2759 κεφαλὰς]
1344 2717 1381 2754 -f-
1401 2715 1467 2746 τῶν
1486 2712 1523 2746 F.
1543 2712 1634 2746 Edd.
1654 2712 1750 2756 (Co.)
1768 2713 1876 2747 invito
1899 2713 1947 2748 D.

376 2760 409 2791 8.
435 2774 474 2804 γε
491 2772 561 2794 om.
581 2761 627 2794 D.
675 2761 737 2804 μὲν
754 2766 972 2805 assumptum
991 2773 1031 2795 ex
1053 2761 1145 2795 BD.
1428 2770 1480 2793 10.
1506 2760 1524 2792 ὁ
1542 2770 1611 2793 om.
1630 2759 1673 2793 B.
1730 2760 1782 2793 καὶ
1799 2760 1949 2794 πάλιν-

375 2807 437 2849 γῆς
454 2818 522 2840 om.
543 2807 589 2841 D.
798 2819 849 2842 12.
876 2810 946 2843 τοῖς
964 2820 1025 2853 pro
1043 2809 1102 2851 τὴν
1121 2808 1168 2842 D.
1216 2808 1276 2842 τοῦ
1293 2818 1363 2840 om.
1383 2806 1462 2840 D.a.
1662 2817 1714 2850 13.
1739 2808 1950 2850 μετάστασιν

376 2854 519 2886 accessit
536 2865 576 2887 ex
597 2854 638 2888 B.
658 2853 753 2888 deest
770 2855 805 2888 in
827 2855 904 2889 lla.
1054 2867 1105 2897 14.
1131 2856 1214 2900 γοῦν
1231 2865 1299 2888 om.
1320 2853 1365 2886 D.
1512 2851 1563 2886 16.
1588 2853 1794 2896 μετάκλησιν
1810 2865 1840 2887 a.
1853 2853 1948 2888 Aub.

382 2908 433 2941 17.
463 2899 663 2943 τελουμένην
680 2913 743 2945 pro
761 2904 834 2947 Θεῷ
852 2901 1060 2946 φιλουμένην
1077 2914 1105 2936 a.
1461 2909 1515 2933 20.
1541 2901 1580 2943 Τῇ
1599 2898 1728 2945 Τοιᾷδε]
1748 2899 1882 2944 τοιαύτῃ
1901 2900 1948 2934 D·

378 2954 431 2976 21.
459 2946 547 2988 φησὶ
565 2954 597 2980 et
614 2948 653 2990 δὴ
671 2954 851 2992 assumpta
868 2960 908 2981 ex
929 2948 1009 2982 D.a.
1200 2958 1254 2982 22.
1284 2948 1329 2992 τῷ
1348 2957 1410 2991 pro
1427 2948 1487 2980 τοῦ
1505 2946 1552 2982 D.
1741 2957 1795 2989 24.
1822 2948 1875 2982 καὶ
1890 2947 1950 2990 τῆς·

377 2989 424 3025 εἷς
441 2995 481 3025 Θ.
499 2991 629 3036 ἀγάπης
645 3005 715 3028 orn.
735 2994 781 3028 D.
799 2994 903 3028 habet
921 3006 951 3029 a.

1959 1273 2007 1297 10

1965 2107 2013 2132 20
