2070 3387
104 184 298 240 vi.9—15.
467 187 538 226 IN
586 185 1003 226 ZACHARIAM.
1065 183 1216 223 TUM.
1255 183 1310 222 ll..
1599 179 1679 217 365

104 292 189 356 μὲν
215 293 307 360 γὰρ
341 295 388 344 ἐν
418 297 596 362 ἀρχαῖς,
624 297 684 348 ὡς
715 295 763 345 ἕν
798 318 850 361 γε
885 298 951 363 τῷ
980 292 1263 360 Ζοροβάβελ
1300 293 1375 342 καὶ
1413 289 1569 353 με’ντοι
1608 290 1682 337 καὶ

104 376 266 438 Ἰησοῦ
294 378 714 444 διαμεμορφῶσθαι
740 376 969 443 Χριστὸν,
997 378 1071 426 καὶ
1107 375 1195 425 ἀνὰ
1226 374 1361 440 μέρος
1394 374 1441 423 ἐν
1468 369 1682 437 ἑκατέρῳ,

106 461 180 507 καὶ
220 460 267 508 ἐν
305 461 482 527 ἀμφοῖν
516 460 815 524 συλλήβδην,
845 462 904 513 ὡς
934 461 1029 509 ἕνα.
1095 458 1197 508 ἔστι
1223 456 1315 522 γὰρ
1354 457 1401 505 ἐν
1432 457 1586 521 ταυτῴ
1610 453 1684 502 καὶ

106 540 337 600 βασιλεὺς
371 548 454 591 τοῦ
480 541 681 608 Ἰσραὴλ
714 545 788 593 καὶ
823 541 968 607 με’γας
1003 549 1028 570 “
1050 538 1298 607 ἀρχιερεὺς,
1327 538 1471 598 ὅσιος,
1499 534 1683 595 ἄκακος,

67 629 135 675 56⁶
178 623 188 637 ’
239 623 249 637 '
403 623 426 637 ’³
504 625 513 639 ¹
591 625 641 675 &x
725 624 736 641 x
808 628 818 640 ι
908 623 918 640 x
999 625 1007 639 2
1188 625 1207 633 Α
1267 622 1276 636 ‚
1352 619 1361 635 s
1524 617 1535 631 x
1640 619 1659 627 Α

161 646 397 686 αμιαντος.
492 647 586 676 επει
621 648 647 689 η
690 629 737 676 δε
779 648 820 675 οι
864 648 948 686 μεν
986 646 1035 673 εκ
1079 628 1234 690 φυλης
1286 623 1422 671 Ιουδα
1460 641 1566 673 τους·
1604 639 1686 679 της

1746 298 1849 336 Supra

1745 340 1805 378 632
1824 351 1850 369 ο.

1753 528 1905 560 11ι;1ι.γὶἰ.

1750 574 1799 605 20.

109 705 357 765 βασιλείας
402 709 576 757 διεῖπον
617 706 807 769 θώκους,
849 710 891 756 οἱ
943 705 991 756 δὲ
1036 708 1116 768 τῆς
1164 705 1273 754 Λευὶ
1319 703 1520 753 τέθειντο
1571 698 1728 764 πρὸςυ

112 788 382 853 ἱερωσύνην,
427 790 474 839 ἐν
525 791 589 840 ἑνὶ
635 787 681 840 δὲ
726 790 807 839 οὐκ
846 787 903 851 ἦν
945 790 1019 838 καὶ
1067 786 1322 847 βασιλείαν
1367 786 1480 849 ὁρᾶν
1521 805 1570 833 τε
1617 783 1690 831 καὶ

111 870 384 935 ἱερωσύνην,
410 871 629 938 ταύτῃτοι
661 875 828 939 σοφῶς
855 869 930 920 διὰ
956 874 1050 920 τῶν
1078 872 1203 919 δυοῖν
1235 871 1297 920 εἷς
1324 867 1403 917 ἕνα
1429 869 1695 932 μορφοῦται

111 952 338 1017 Χριστός.
407 954 573 1004 οὐκοῦν
614 956 651 1003 εὶ
695 952 827 1018 λέγοι
867 951 987 1005 Θεὸς
1030 953 1136 1016 περὶ
1173 955 1255 1000 τοῦ
1297 948 1592 1015 Ζοροβάβελ,
1635 947 1697 998 ὡς

49 1042 140 1073 10“
168 1038 229 1085 Αἱ
263 1039 409 1102 χεῖρες
452 1035 736 1100 Ζοροβάβελ
777 1035 1097 1098 ἐθεμελίωσαν
1137 1031 1219 1083 τὸν
1258 1029 1383 1082 οἶκον
1420 1035 1587 1080 τοῦτον
1622 1029 1698 1078 καὶ

115 1125 141 1147 “
167 1121 214 1168 αἱ
252 1122 398 1185 χεῖρες
436 1119 578 1169 αὐτοῦ
613 1117 970 1169 ἐπιτελέσουσιν
1009 1114 1189 1177 αὐτὸν,”
1220 1113 1577 1180 ἱστορικώτερον
1615 1110 1699 1170 μὲν

114 1200 182 1250 ἐπ’
227 1201 399 1250 ἐκείνου
443 1199 643 1264 νοήσεις,
688 1200 889 1253 ἀνοίσεις
934 1199 980 1249 δὲ
1025 1200 1098 1249 ἐπὶ
1140 1195 1356 1263 Χριστὸν
1402 1199 1578 1258 νοητῶς
1617 1200 1699 1244 τοῦ

116 1282 375 1348 μυστηρίου
395 1282 479 1345 τὴν
501 1282 708 1346 δύναμιν.
757 1279 895 1335 αὐτὸς
925 1280 1018 1346 γὰρ
1045 1281 1175 1344 ἡμῶν
1205 1279 1397 1344 γέγονεν
1423 1278 1447 1326 ὁ
1475 1277 1699 1339 θεμέλιος,

118 1366 194 1414 καὶ
246 1365 370 1415 αυτῶ
420 1387 592 1418 παντες
643 1362 1067 1426 ἐποικοδομούμεθα
1115 1364 1436 1424 πνευματικῶς
1480 1363 1542 1412 εἷς
1588 1358 1700 1409 ναὸν

54 1443 266 1512 Ιὸἅγιον·
309 1445 447 1500 αὐτὸς
487 1447 617 1510 ἡμῶν
658 1447 686 1510 ἡ
727 1444 848 1513 ἀρχὴ
893 1447 968 1496 καὶ
1012 1444 1066 1496 τὸ
1104 1460 1261 1509 περας·
1302 1464 1568 1508 παριστησι
1607 1440 1728 1508 γὰρ

119 1530 238 1591 ἡμᾶς
277 1528 590 1594 ἡγιασμενους
634 1530 681 1579 ἐν
722 1527 963 1592 πνεύματι,
1006 1525 1227 1593 λαμπρόν
1269 1548 1318 1576 τε
1357 1549 1431 1576 και
1472 1523 1592 1590 ἱερον
1630 1525 1701 1574 ε’ν-

121 1611 336 1674 διαιτημα
379 1611 526 1661 ἑαυτῶ
569 1634 618 1662 τε
664 1634 738 1662 και
777 1614 843 1660 τῶ
889 1611 1058 1676 Πατρι,
1102 1608 1437 1704 περιῃρημένης
1476 1630 1538 1660 εις
1577 1629 1702 1657 απαν

120 1696 202 1756 τῆς
226 1693 465 1759 ἁμαρτιας,
494 1716 568 1744 και
601 1715 957 1790 κατηργημενης
991 1694 1074 1755 τῆς
1114 1694 1309 1760 φθορᾶς·
1351 1689 1488 1743 αὑτός
1523 1690 1654 1739 ἐστιν
1679 1689 1703 1738 ὁ

120 1774 319 1838 Ἰησους,
346 1777 406 1828 ὡς
432 1774 563 1842 εφην,
593 1776 617 1825 ὁ
645 1797 784 1840 ιερευς
811 1775 836 1824 ὁ
862 1797 1022 1839 μεγας.
1082 1775 1155 1823 καὶ
1182 1771 1476 1838 ἑρμηνεύεται
1501 1794 1585 1833 μεν
1611 1772 1703 1834 Ἰη-

57 1877 104 1901 20
124 1863 238 1910 σοῦς
259 1856 474 1922 Σωτηρια
498 1863 630 1907 λαοῦ·
671 1858 790 1908 οὕτω
819 1879 912 1922 γαρ
938 1879 1029 1907 που
1056 1878 1129 1906 και
1158 1856 1182 1905 ὁ
1209 1853 1461 1907 θεσπεσιος
1483 1851 1703 1919 Γαβριηλ

123 1938 241 2004 πρὸς
259 1939 344 2002 τὴν
369 1939 507 2004 ἁγίαν
533 1939 623 2007 ε”φη
647 1939 877 2006 παρθένον
898 1945 924 1967 “
947 1941 1039 1988 Καὶ
1066 1935 1164 1987 ἰδοῦ
1190 1934 1431 2006 συλλήψῃ
1454 1937 1500 1986 ἐν
1527 1937 1702 2002 γαστρὶ

125 2028 152 2050 “
178 2022 252 2071 καὶ
290 2021 402 2089 τέξῃ
441 2019 551 2083 υἱὸν,
586 2023 661 2072 καὶ
699 2020 914 2075 καλέσεις
943 2019 996 2071 τὸ
1035 2019 1182 2083 ὄνομα
1208 2020 1349 2070 αὐτοῦ
1374 2020 1579 2083 Ἰησοῦν·
1622 2019 1702 2069 αὐ-

1762 1037 1868 1077 Supra

1760 1081 1802 1111 iv.
1823 1092 1852 1122 9.

1719 1468 1741 1491 ι
1767 1459 1853 1493 706
1870 1457 1922 1493 Α.

1763 1947 1796 1977 S.
1814 1947 1893 1978 Luc.

1762 1991 1782 2021 i.
1803 2000 1854 2029 31.

1763 2034 1923 2066 &Mattln

1633 2106 1652 2115 ,,
1690 2102 1700 2116 ,
1762 2079 1784 2109 i.
1807 2087 1856 2108 21.

127 2109 153 2131 ‘⁶
179 2102 257 2155 τὸς
281 2101 373 2167 γὰρ
399 2102 550 2152 σώσει
575 2102 657 2153 τὸν
682 2102 802 2153 λαὸν
827 2104 969 2153 αὐτοῦ
995 2101 1088 2154 ἀπὸ
1123 2106 1216 2152 τῶν
1249 2102 1486 2167 ἁμαρτιῶν
1513 2101 1686 2151 αὐτου·’

126 2182 342 2234 Ἰωσεδὲκ
374 2183 421 2234 δὲ
456 2189 623 2235 νοεῖται
648 2185 938 2249 Δικαιοσύνη
971 2188 1112 2235 Θεοῦ·
1155 2183 1486 2247 δεδικαιώμεθα
1524 2182 1618 2248 γὰρ
1656 2184 1747 2233 ε’νί)

60 2281 108 2320 25
129 2267 252 2335 αὐτῷ
291 2265 363 2316 διὰ
397 2267 620 2328 πίστεως,
651 2269 725 2316 καὶ
763 2271 857 2317 τῶν
895 2268 1101 2333 ἀρχαίων
1136 2265 1422 2330 αἱτιαμοῖτων
1448 2264 1530 2315 τὸν
1555 2265 1704 2332 ῥύπον

129 2347 475 2414 ἀπενιψάμεθα.
542 2347 678 2401 αὐτὸς
709 2348 828 2412 ἡμᾶς
858 2349 1185 2415 αἰχμαλώτους
1212 2347 1348 2402 ὄντας
1374 2346 1606 2415 ε’ῤῥύσατο
1632 2349 1707 2397 καὶ

182 2497 210 2519 1.
237 2485 323 2528 μὲν
314 2490 534 2530 assumptum
552 2497 593 2518 ex
613 2484 653 2519 C.
703 2484 776 2528 ἐξ’
758 2487 863 2530 αρχῆς
880 2485 974 2519 Aub.
1229 2485 1548 2531 λδιαμορφῶσθαι
1567 2485 1647 2528 (sic)
1667 2484 1708 2519 C.

134 2541 165 2578 7.
194 2531 323 2565 Haec'
308 2547 341 2565 εν
359 2531 639 2576 ἑνὶ-ἱερωσύνην
656 2538 876 2565 accesserunt
894 2544 933 2565 ex
954 2532 994 2565 C.
1014 2532 1164 2566 desunt·
1156 2544 1191 2566 m
1212 2533 1259 2566 D.
1468 2534 1500 2566 8.
1528 2533 1648 2576 σοφῶς
1667 2533 1707 2565 C.

132 2582 255 2624 σαφῶς
274 2579 302 2612 E
306 2578 364 2612 dd.
428 2583 493 2613 τῶν
511 2579 640 2613 011].C.
981 2590 1013 2623 9.
1040 2581 1188 2623 Χριστός
1207 2579 1247 2613 C.
1267 2578 1389 2622 Κύριος
1409 2579 1454 2612 D.
1475 2578 1598 2621 Κύριον
1617 2579 1644 2611 E
1649 2577 1708 2611 dd.

132 2627 176 2661 ὡς
193 2638 263 2659 om.
284 2625 324 2659 C.
343 2625 447 2659 habet
467 2626 512 2659 D.
722 2636 774 2659 10.
801 2625 833 2658 αἱ
851 2636 920 2658 om.
941 2624 987 2659 D.
1195 2637 1249 2660 11.
1275 2626 1492 2659 ἐπιτελοῦσιν
1511 2625 1550 2658 C.
1570 2624 1687 2669 (A.lex
1694 2624 1710 2668 )

136 2684 189 2707 12·
216 2687 358 2716 vorJUGLS,
376 2672 522 2707 ἀνοίσεις
540 2672 581 2705 Β.
587 2672 633 2706 D.
653 2670 790 2715 νοήσαις
806 2670 856 2705 ἂν
884 2686 989 2706 Οίσείς
1008 2671 1048 2706 C
1069 2687 1200 2715 voqfffls
1212 2672 1304 2706 Edd.
1355 2676 1477 2714 νΟηΤῶς
1495 2686 1548 2704 ΕΊΤΙ.
1562 2672 1712 2714 ΧρίσΤΟΙΙ

133 2719 204 2753 inv.
222 2719 297 2753 ord.
319 2719 359 2753 C.
377 2719 485 2753 invito
506 2719 551 2753 D.
604 2718 700 2752 Haec
718 2721 777 2752 τοῦ
793 2733 827 2761 μ.
851 2717 1050 2763 [μαρτυρίου
1069 2718 1157 2763 (sic)
1172 2719 1218 2752 D.
1223 2717 1238 2763 ]
1257 2718 1316 2762 τὴν
1334 2718 1471 2761 δύναμιν
1489 2724 1712 2751 accesserunt

135 2777 176 2798 ex
195 2765 285 2799 C.D.
571 2776 623 2810 13.
651 2767 668 2799 6
686 2772 906 2809 assumptum
926 2776 967 2798 ex
987 2765 1027 2798 C.
1294 2765 1347 2805 18,
1370 2776 1420 2809 19.
1447 2763 1562 2809 αὐτός]
1587 2768 1622 2803 -ὶ-
1644 2766 1710 2808 γὰρ

136 2811 229 2845 Edd.
246 2812 317 2845 inv.
337 2811 428 2846 C.D.
478 2812 671 2856 Assumpta
688 2813 706 2845 6
726 2824 767 2845 ex
787 2812 847 2851 D„
865 2812 909 2846 ὡς
925 2812 1012 2856 ἔφην
1029 2813 1046 2844 6
1064 2823 1104 2844 ex
1124 2811 1216 2845 C.D.
1566 2821 1621 2844 20.
1646 2824 1711 2843 που

137 2864 170 2891 et
186 2857 283 2902 ἁγίαν
300 2866 518 2892 accesserunt
535 2871 577 2892 ex
597 2858 637 2892 C.
1029 2869 1084 2891 21.
1111 2859 1177 2902 ἔφη
1195 2857 1360 2901 παρθένον
1378 2856 1418 2890 C.
1436 2872 1472 2891 π.
1491 2857 1600 2901 φησὶν
1619 2856 1710 2890 Edd.

140 2915 194 2938 22.
219 2904 297 2947 τέξῃ
318 2904 357 2939 C.
376 2906 479 2950 τέξεις
499 2905 558 2939 iid.
815 2916 868 2949 23.
895 2904 996 2938 αὐτοῦ
1015 2905 1073 2938 alt.
1093 2905 1217 2938 retinui
1236 2916 1277 2937 ex
1295 2903 1387 2937 Edd.
1406 2904 1450 2937 cf.
1470 2915 1575 2948 supra
1592 2913 1655 2948 551
1678 2902 1712 2937 d.

139 2954 246 2984 αυτῶν
265 2951 305 2984 C.
557 2963 610 2994 24.
637 2952 875 2996 δεδικαιὼμεθα
894 2951 941 2985 D.
962 2951 1052 2986 Edd.
1071 2950 1283 2995 δικαιούμεθα
1303 2950 1343 2985 C.
1362 2965 1387 2984 ω
1405 2962 1446 2984 ex
1464 2965 1502 2984 ov
1520 2956 1714 2985 correctum

141 3003 192 3030 est
209 3009 316 3031 manu
333 2997 419 3032 forte
437 3005 737 3043 contemporanea.
