2053 3382
306 202 382 236 642

303 324 474 365 Animus,
504 323 690 359 humanus
720 322 854 358 divinis
885 321 1067 358 sermoni..

358 389 427 424 bus
447 388 610 423 nutritur
631 389 708 424 292
730 399 762 423 c.

303 455 443 493 Annus,
466 451 668 500 Septimus,
694 464 813 487 annus
838 450 1067 487 remissionis

359 519 434 554 333
483 529 528 562 a;

355 581 503 617 actione
523 581 839 617 consummandus
861 583 937 617 859
959 593 978 616 e
993 579 1027 615 d.

302 645 574 688 Antichristus,
600 659 621 682 a
646 646 829 682 Zacharia
855 646 1066 694 praedictus

359 712 434 747 769
457 711 501 757 d;
534 711 651 759 qualis
672 712 719 747 sit
742 712 817 748 769
840 723 880 756 e;
915 712 990 747 772
1012 709 1047 746 b.

302 774 508 818 Antiocha,
528 776 618 812 urbs
638 776 769 812 eadem
790 788 883 823 quae
903 775 1066 811 Aemath

357 846 467 876 antea
501 841 600 876 dieta
632 841 765 884 fuerat,
797 841 842 876 ab
877 839 1065 876 Antiocho

356 905 548 941 nominata
570 908 645 942 313
669 918 700 942 a.

300 969 522 1012 Antiochus,
562 971 791 1018 Epiphanes,
834 970 1064 1007 Judaeorum

356 1046 555 1082 oppressor
588 1035 722 1071 tertius
759 1037 832 1072 201
868 1047 909 1080 a;
954 1035 1064 1070 urbes

593 529 669 552 non
726 517 805 553 sine
862 516 1066 565 gratiarum

356 1099 448 1133 duas
460 1099 497 1134 in
509 1099 745 1135 Damasceno
758 1099 928 1136 condidit
943 1102 1018 1135 313
1028 1111 1064 1144 a;

355 1163 521 1199 Judaeos
558 1164 757 1206 lacessivit,
790 1177 866 1200 non
906 1164 1065 1200 abduxit

355 1229 522 1276 captivos
562 1232 638 1266 350
679 1242 722 1276 c;
771 1229 904 1277 quibus
949 1228 1065 1276 copiis

354 1293 538 1329 ,Iudaeam
558 1294 736 1330 invaserit
758 1296 832 1330 748
855 1294 890 1329 d.

300 1360 410 1405 Apes,
461 1358 566 1394 utilia
617 1359 662 1394 ab
714 1359 906 1394 inutilibus
959 1371 1061 1406 sepa-

354 1428 494 1463 rantes,
532 1435 656 1459 sacras
696 1423 910 1471 Scripturas
948 1423 1062 1459 inter·

353 1487 588 1534 pretantibus
628 1488 798 1536 exemplo
836 1494 935 1530 sunt,
974 1488 1063 1523 doc-

354 1558 480 1587 torum
540 1552 732 1589 Ecclesiae
798 1552 1065 1600 sapientiorum

354 1623 466 1663 typus
488 1619 564 1653 352
587 1629 617 1652 c.

299 1680 451 1728 Apiarii,
486 1681 591 1716 fumo
631 1694 719 1729 apes
757 1682 938 1718 suffocare
970 1682 1065 1718 sole-

356 1746 446 1781 bant
469 1748 544 1781 503
568 1745 603 1781 d.

299 1810 406 1858 Apis,
429 1810 703 1858 Aegyptiorum
731 1811 845 1855 Deus,
875 1811 942 1846 sub
970 1811 1063 1846 vitu-

354 1875 399 1910 lis
432 1875 677 1911 Hieroboami
711 1876 904 1911 colebatur
939 1878 985 1912 81
1018 1876 1062 1921 b;

359 1941 433 1974 145
455 1952 499 1984 a;
536 1940 665 1975 Lunae
695 1940 846 1989 signum
875 1940 913 1975 in
942 1940 1064 1976 fronte

354 2003 516 2039 habebat
538 2006 586 2040 87
609 2005 646 2041 d.

301 2068 511 2115 Apostasis,
561 2081 670 2116 quam
725 2069 773 2104 sit
826 2069 1064 2105 credentibus

354 2133 536 2169 damnosa
557 2135 632 2169 865
655 2146 686 2170 e.

300 2197 484 2245 Apostoli,
515 2210 581 2245 per
611 2197 862 2246 Evangelium
896 2197 992 2233 filios
1026 2197 1062 2232 in

355 2261 508 2297 Christo
538 2268 721 2310 generant
753 2265 802 2298 25
833 2274 874 2307 a3
911 2262 1063 2297 confite-

353 2327 491 2361 bantur
524 2339 545 2362 a
573 2326 659 2362 Deo
689 2339 728 2362 se
757 2326 882 2362 vocari
913 2328 987 2362 231
1021 2338 1061 2370 e3

356 2393 431 2427 243
454 2403 495 2435 e;
531 2391 761 2437 proditorem
791 2391 966 2426 comitem
996 2391 1061 2426 ha-

353 2455 494 2490 bebant
532 2457 608 2492 232
650 2468 691 2500 a;

354 2518 482 2554 testati
515 2525 601 2555 sunt
634 2524 716 2555 toto
755 2520 845 2555 orbe
879 2525 1061 2556 terrarum

356 2585 432 2619 346
450 2584 493 2627 d;
515 2583 684 2620 leonibus
706 2584 913 2632 comparati
930 2586 1006 2621 442
1025 2597 1061 2629 03

353 2653 484 2683 contra
555 2649 731 2684 Satanam
798 2649 1062 2696 praevalebant

357 2714 432 2747 442
457 2712 501 2757 d;
539 2715 615 2749 564
638 2713 681 2757 d;
723 2713 827 2760 equis
857 2713 1061 2760 comparati

355 2777 431 2811 564
454 2776 498 2821 b;
533 2776 636 2820 item,
653 2777 786 2825 jaculis
813 2779 888 2813 568
911 2789 952 2822 e;
988 2790 1061 2824 quo

355 2840 551 2887 splendore
567 2840 736 2888 fulgeant
751 2843 826 2877 569
842 2853 876 2885 03
896 2844 971 2877 740
987 2840 1009 2876 d
1024 2854 1058 2887 e3

354 2904 509 2939 aliorum
545 2904 813 2941 illuminatores
846 2907 922 2941 570
953 2918 996 2950 a;
1040 2919 1060 2941 a

740 2455 882 2503 gloriae
922 2455 1062 2491 Christi

353 2969 609 3014 persecutione
624 2969 774 3005 tandem
789 2970 945 3010 liberati,
957 2970 1058 3017 equis
1091 3009 1093 3015 y

840 197 1053 234 INDEX
1112 198 1357 234 RERUM.

1729 214 1831 237 ANlM
1841 215 1896 237 Us.

1193 321 1466 369 triumphanter
1508 323 1752 360 frementibus
1795 337 1896 361 com-

1190 388 1308 437 parati
1343 390 1419 425 572
1452 389 1475 424 b
1496 401 1536 433 e;
1579 388 1705 437 gladio
1737 388 1899 437 Spiritus

1190 453 1357 489 armandi
1378 453 1644 500 praedicuntur
1660 455 1738 490 650
1753 466 1794 497 a;
1816 453 1899 490 luce

1189 531 1266 554 non
1293 530 1359 553 sua
1384 517 1587 565 fulgentes,
1607 518 1768 554 lucernis
1795 531 1897 554 com-

1189 588 1367 630 parantur
1397 584 1473 618 682
1496 595 1537 628 a3
1579 585 1654 619 683
1677 583 1723 629 d;
1763 582 1896 619 funda-

1191 653 1317 682 menta
1345 647 1535 683 Ecclesiae
1565 649 1642 684 690
1664 660 1705 693 a;
1751 648 1898 696 sagittis

1190 711 1260 747 Dei
1289 718 1553 759 comparantur
1583 715 1659 749 740
1684 725 1762 758 ae;
1807 712 1897 748 item

1188 776 1328 825 fulguri
1365 780 1437 813 741
1472 777 1519 821 d;
1565 782 1695 813 contra
1731 776 1896 812 Graecos

1190 842 1315 877 emissi
1373 842 1660 889 praevaluerunt
1718 842 1793 877 742
1847 841 1896 885 b;

1191 906 1357 942 Graecos
1389 912 1621 954 superantes,
1656 905 1759 953 equis
1793 917 1896 940 com-

1189 978 1366 1019 parantur
1404 975 1478 1007 747
1510 984 1530 1007 e
1550 971 1597 1016 d;
1644 970 1821 1010 Graecos,
1854 974 1897 1006 ut

1188 1037 1321 1079 lutum,
1353 1036 1624 1072 conculcabant
1654 1037 1728 1071 748
1760 1034 1805 1080 b;
1846 1034 1895 1069 E-

1188 1101 1411 1149 phraimitis‚
1475 1101 1579 1148 quasi
1641 1099 1896 1139 bellatoribus,

1188 1166 1393 1214 comparati
1422 1169 1497 1202 750
1519 1178 1559 1210 a;
1596 1177 1688 1213 quos
1714 1164 1898 1200 haberent

1188 1231 1297 1273 filios,
1339 1243 1389 1266 sc.
1434 1229 1644 1278 spirituales
1690 1231 1766 1265 750
1806 1227 1830 1263 d
1850 1240 1895 1273 e;

1188 1295 1412 1336 chiliarchis,
1435 1304 1471 1331 et
1493 1294 1671 1330 militibus
1691 1292 1897 1340 comparati

1191 1362 1265 1396 776
1300 1359 1387 1404 bc;
1431 1363 1505 1396 777
1537 1371 1580 1403 c;
1622 1358 1711 1394 item
1751 1357 1897 1393 ardenti

1187 1425 1290 1465 torri,
1313 1431 1348 1461 et
1368 1424 1533 1471 lampadi
1556 1427 1630 1460 777
1653 1423 1729 1466 cd;
1763 1423 1836 1458 778
1858 1421 1893 1456 b.

1135 1489 1449 1537 Appropinquare
1479 1488 1525 1524 ad
1555 1488 1677 1523 Deum
1706 1487 1805 1522 idem
1838 1490 1897 1521 est

1189 1553 1288 1601 quod
1308 1553 1472 1594 obedire,
1494 1558 1531 1588 et
1551 1552 1665 1588 fidere
1688 1553 1764 1587 606
1787 1563 1822 1587 e.

1135 1618 1253 1665 Aqua,
1293 1618 1541 1653 multitudinis
1579 1623 1689 1665 typus
1732 1618 1802 1652 101
1846 1615 1896 1661 d,-

1190 1685 1264 1719 488
1287 1682 1332 1728 b;
1360 1695 1427 1730 pro
1448 1682 1585 1730 populo
1606 1682 1758 1716 indocto
1779 1686 1895 1716 meta—

1188 1747 1339 1794 phorice
1369 1747 1508 1782 dictum
1533 1748 1603 1782 101
1629 1746 1708 1791 de3
1740 1745 1785 1780 de
1809 1744 1893 1780 fon-

1188 1811 1287 1847 tibus
1317 1810 1522 1847 Salvatoris
1552 1822 1644 1858 quae
1674 1809 1721 1845 sit
1751 1812 1826 1845 213
1852 1821 1894 1855 e;

1188 1875 1294 1911 Sacri
1307 1874 1548 1923 Baptismatis
1564 1874 1753 1922 praedicta
1766 1875 1842 1910 224
1857 1886 1894 1920 e;

1187 1940 1393 1976 idololatris
1449 1940 1486 1975 in
1541 1952 1702 1987 poenam
1757 1943 1896 1986 negata

1189 2006 1262 2041 291
1296 2017 1339 2049 e;
1385 2004 1462 2040 sive
1501 2003 1598 2046 data,
1633 2004 1710 2039 sive
1743 2009 1894 2052 negata,

1186 2069 1330 2117 gratiae
1350 2074 1461 2118 typus
1483 2070 1559 2105 292
1582 2081 1601 2104 c
1618 2068 1662 2113 d;
1693 2081 1713 2104 e
1739 2069 1832 2104 mari
1855 2069 1894 2106 in

1185 2134 1304 2170 nubes
1330 2138 1470 2176 evecta,
1493 2139 1531 2169 et
1555 2133 1607 2169 ibi
1633 2138 1788 2176 mutata,
1810 2133 1892 2181 glo-

1186 2198 1279 2234 riam
1292 2198 1361 2234 Dei
1378 2198 1610 2234 demonstrat
1628 2201 1704 2234 300
1719 2210 1759 2243 c3
1782 2197 1892 2233 maris

1186 2268 1388 2303 commota,
1434 2263 1662 2298 Judaeorum
1711 2261 1892 2298 tumultus

1186 2327 1402 2375 significans
1442 2329 1517 2364 339
1556 2327 1603 2371 b;
1649 2339 1787 2368 amara,
1827 2338 1893 2373 per

1185 2393 1330 2440 lignum
1358 2398 1500 2435 sanata,
1520 2391 1616 2438 legis
1641 2403 1708 2438 per
1731 2390 1890 2426 Crucem

1186 2462 1349 2498 sanatae,
1376 2462 1486 2505 typus
1515 2459 1590 2493 347
1612 2455 1656 2501 b;
1694 2455 1890 2496 transiens,

1185 2521 1413 2556 Judaeorum
1474 2520 1724 2567 periturorum
1780 2525 1891 2566 typus

1188 2588 1263 2622 395
1293 2598 1332 2629 e;
1372 2598 1439 2632 pro
1469 2584 1705 2620 multitudine
1733 2583 1891 2630 populo-

1186 2662 1268 2685 rum
1290 2652 1364 2685 488
1384 2649 1427 2693 b;
1451 2650 1526 2686 512
1543 2648 1588 2693 b;
1619 2648 1778 2687 turbata,
1793 2646 1890 2682 vitae

1184 2714 1378 2750 hominum
1392 2713 1627 2761 perturbatae
1642 2717 1752 2759 typus
1766 2714 1841 2747 573
1853 2723 1888 2755 e;

1185 2777 1282 2813 vitae
1312 2778 1521 2826 symbolum
1554 2778 1628 2812 738
1654 2787 1694 2819 e;
1739 2778 1814 2811 739
1839 2776 1887 2819 b;

1186 2845 1206 2861 “
1222 2841 1353 2883 Viva,’'
1389 2842 1435 2877 de
1474 2840 1614 2888 Spiritu
1654 2838 1792 2875 Sancto
1832 2841 1886 2875 di-

1185 2907 1278 2942 citur
1318 2909 1390 2942 801
1429 2906 1475 2949 d3
1517 2910 1538 2924 ‘⁸
1554 2903 1887 2950 Reda1·gutionis‚'’

1185 2984 1275 3018 quos
1297 2983 1383 3006 usus
1405 2967 1573 3005 habuerit
1595 2970 1671 3006 807
1694 2968 1729 3004 b.
