2053 3382
289 192 363 228 668

344 316 420 350 546
450 325 480 349 c.
520 313 636 355 Deus,
665 324 780 360 quum
808 318 959 349 sanctus
986 311 1045 354 sit,

343 379 381 414 in
408 379 546 414 sanetis
573 377 717 414 habitat
744 380 820 414 547
846 390 878 414 c.
930 376 1046 422 Deus,

344 448 496 478 naturas
557 455 694 483 rerum,
749 442 795 478 ad
853 441 1048 478 arbitrium

344 519 455 542 suum
483 506 659 543 immutat
688 510 763 544 547
794 520 826 543 e.
871 506 985 549 Deus,
1013 506 1049 541 in

344 571 497 607 Christo
522 572 738 608 incarnatus
766 574 842 608 548
864 584 895 614 e,
917 574 993 607 677
1016 583 1049 606 e.

345 635 463 678 Deus,
503 636 541 672 in
579 637 762 673 Trinitate
801 637 1050 672 Personarum

346 700 454 737 Unus
485 706 542 738 est
574 704 651 738 549
677 702 713 738 d.
788 701 905 748 Deus,
938 713 1052 749 quare

345 765 490 802 dicatur
542 766 652 803 Pater
701 769 777 803 549
823 779 856 803 e.
934 766 1051 807 Deus,

345 829 428 866 loco
484 843 560 867 non
616 831 830 867 continetur
886 834 963 868 550
1020 843 1052 866 a.

346 893 464 938 Deus,
503 896 652 932 Adamo
700 896 877 940 offensus,
920 895 1051 931 faciem

346 960 481 996 avertit
503 963 578 997 553
601 974 632 997 a.
690 961 809 1003 Deus,
841 974 914 1008 quo
943 973 1054 997 sensu

347 1031 370 1044 ‘¹
385 1025 612 1073 Respieiat,''
628 1029 704 1063 560
719 1039 750 1062 a.
786 1026 901 1072 Deus,
915 1026 1053 1061 malum

345 1090 541 1138 permittit,
556 1103 630 1127 non
647 1091 759 1128 efficit
774 1094 850 1128 570
865 1104 896 1127 e.
938 1090 1054 1133 Deus,

346 1154 466 1191 brutis
486 1168 562 1192 non
583 1156 754 1192 irascitur
772 1159 849 1193 580
866 1169 897 1193 e.
936 1156 1053 1198 Deus,

347 1219 560 1257 hominibus
599 1222 785 1269 protervis
823 1234 898 1257 non
937 1222 1054 1269 parcit

350 1286 424 1321 581
460 1298 491 1322 e.
551 1286 668 1330 Deus,
708 1286 981 1322 declinantibus
1019 1291 1055 1322 et

348 1363 424 1386 non
459 1352 724 1398 quaerentibus
754 1351 948 1387 minitatur
978 1353 1053 1388 582

350 1415 373 1450 d
387 1427 419 1450 e.
460 1415 577 1457 Deus,
599 1429 675 1452 non
694 1416 792 1457 loco,
815 1416 878 1452 sed
899 1416 1054 1452 actioni-

349 1479 419 1516 bus
441 1481 628 1528 quaeritur
650 1483 725 1517 583
748 1494 779 1516 a.
828 1480 942 1522 Deus,
964 1493 1054 1528 quo-

351 1545 464 1580 modo
503 1545 680 1581 timeatur
719 1548 795 1582 583
835 1557 867 1581 c.
938 1545 1056 1586 Deus,

351 1609 568 1658 hypocritas
598 1610 695 1646 clare
720 1610 898 1658 perspicit
921 1612 996 1646 583
1019 1610 1055 1645 d.

352 1673 469 1716 Deus,
504 1674 586 1722 pios
623 1687 699 1711 non
737 1676 886 1723 ignorat
921 1677 997 1711 583
1028 1687 1058 1710 e.

352 1738 467 1781 Deus,
520 1740 716 1788 majestate
765 1746 920 1776 naturae
973 1751 1059 1775 suae

352 1803 511 1841 Divinae
535 1805 647 1850 laesa,
673 1818 747 1841 non
775 1811 831 1841 est
856 1804 1060 1853 placandus

354 1872 429 1906 592
446 1883 477 1906 e.
516 1869 633 1915 Deus,
648 1870 836 1918 quaeritur
852 1869 1060 1906 obediendo

355 1936 433 1971 594
450 1948 483 1976 a,
504 1940 541 1971 et
562 1936 715 1972 caritate
738 1938 813 1972 594
836 1936 859 1971 b
879 1948 911 1971 c.
946 1935 1058 1977 Deus,

354 1999 390 2035 in
413 2012 452 2036 se
479 2000 716 2047 sperantibus
737 2000 928 2037 victoriam
954 2012 1059 2048 prae·

356 2065 418 2102 bet
440 2067 515 2101 598
537 2078 571 2101 a.
630 2066 743 2107 Deus,
771 2078 871 2107 suos,
893 2071 1061 2112 tempore

355 2142 423 2166 suo
478 2130 649 2167 liberabit
703 2132 780 2166 599
833 2142 866 2167 c.
944 2129 1060 2168 Deus.

356 2195 576 2232 manifestus
629 2195 754 2236 fiebat,
804 2194 904 2236 olim,
952 2193 1062 2230 idolis

355 2260 585 2297 Judaeorum
644 2260 843 2296 destructis
902 2261 979 2296 599
1029 2271 1060 2294 e.

357 2325 472 2366 Deus,
487 2325 730 2370 manifestior,
747 2325 948 2360 Incarnato
971 2323 1062 2359 Filio

359 2392 437 2426 600
469 2390 514 2435 b;
558 2390 660 2431 item,
702 2389 887 2425 Gentibus
920 2388 957 2424 in
991 2388 1062 2423 Ec-

359 2454 508 2491 clesiam
537 2454 678 2491 voeatis
709 2456 786 2490 600
812 2454 835 2490 d
856 2466 888 2490 e.
946 2454 1062 2495 Deus,

358 2519 396 2555 in
430 2520 570 2567 templo
604 2519 778 2568 primum,
812 2524 944 2566 postea
981 2518 1059 2553 uni-

358 2597 466 2620 verso
513 2584 654 2620 mundo
703 2596 743 2620 se
794 2582 1066 2619 demonstravit

361 2651 435 2686 601
460 2649 533 2685 ab.
591 2648 711 2691 Deus,
734 2648 913 2696 superbis,
934 2652 976 2684 ut
996 2648 1064 2683 As-

361 2714 482 2762 syriis,
499 2713 638 2750 resistit
655 2715 731 2750 604
749 2725 782 2749 e.
822 2714 935 2753 Deus,
957 2724 1068 2759 quae-

363 2779 456 2815 ritur
495 2778 707 2815 obedientia
741 2782 780 2814 et
817 2776 890 2812 fide
925 2778 1002 2813 606
1035 2788 1066 2812 c.

364 2844 480 2888 Deus,
494 2843 665 2891 injustos,
679 2842 741 2890 qui
756 2854 832 2878 non
847 2842 897 2889 inj
905 2840 1067 2877 ustitiam

363 2909 560 2955 castigant,
593 2907 753 2955 castigat
782 2906 867 2954 Ipse
897 2907 974 2942 610
996 2905 1066 2941 ab.

365 2972 478 3014 Deus,
517 2977 555 3008 et
592 2973 731 3019 justus,
775 2977 813 3007 et
859 2970 1069 3006 misericors

822 191 1033 228 INDEX
1093 191 1339 226 RERUM.
1767 200 1878 224 neus.

1177 314 1253 349 610
1268 325 1298 348 c.
1339 312 1453 353 Deus,
1475 324 1550 347 non
1571 311 1737 348 illuditur
1750 313 1827 347 610
1845 310 1878 346 d.

1177 377 1291 419 Deus,
1314 377 1399 424 Ipse
1420 388 1548 412 murus
1572 382 1630 412 est
1656 375 1882 412 fortissimus

1177 443 1254 478 612
1288 454 1322 477 a.
1380 442 1494 483 Deus,
1528 441 1621 477 iram
1661 453 1778 485 suam,
1814 453 1882 488 pro

1177 506 1360 554 gravitate
1409 505 1558 542 sceleris
1605 505 1798 553 cujusque,
1845 505 1883 540 in

1177 571 1356 607 scelestos
1390 571 1528 607 exserit
1563 573 1639 607 615
1675 583 1709 607 a.
1767 570 1882 613 Deus,

1178 635 1312 672 zelavit
1352 635 1569 680 Ecclesiam,
1599 635 1767 683 zelatque
1805 636 1882 671 615

1178 701 1201 736 d
1222 713 1263 746 e;
1294 700 1451 736 eandem
1476 700 1703 742 consolatur,
1725 699 1885 735 inimicis

1178 765 1259 813 ejus
1306 765 1499 801 minitatur
1544 767 1619 801 617
1651 777 1696 810 e;
1742 765 1816 800 618
1849 775 1882 799 a.

1179 831 1293 871 Deus,
1331 830 1485 866 Judaeis
1524 829 1682 866 reversis
1720 841 1765 864 ex
1799 840 1885 876 cap-

1180 895 1338 937 tivitate,
1394 894 1686 931 misericordiam
1733 892 1886 929 exhibet

1182 962 1258 997 627
1281 972 1312 996 e.
1354 960 1469 1002 Deus,
1492 959 1701 1007 sumptibus
1720 958 1886 994 fidelium

1176 1025 1289 1074 justis
1327 1025 1514 1061 benedicit
1549 1026 1626 1061 630
1659 1036 1692 1060 e.
1769 1023 1885 1064 Deus,

1182 1103 1314 1139 parcos
1353 1090 1599 1126 seminatores
1637 1101 1746 1137 parce
1785 1100 1887 1124 com-

1181 1161 1313 1204 pensat
1348 1157 1422 1192 631
1456 1167 1488 1190 a.

1182 1221 1242 1269 qui
1282 1220 1328 1257 ad
1368 1219 1575 1255 Ecclesiam
1618 1218 1888 1255 aedificandam

1181 1286 1353 1322 laborant
1375 1287 1450 1322 634
1469 1297 1514 1331 c3
1542 1297 1606 1320 eos
1626 1284 1686 1332 qui
1708 1283 1887 1330 templum

1182 1351 1371 1391 deserunt,
1402 1362 1486 1386 rore
1516 1349 1641 1385 divino
1670 1348 1790 1396 privat
1811 1350 1887 1385 635

1547 1155 1662 1195 Deus,
1693 1166 1757 1190 eos
1787 1159 1888 1189 amat

1182 1416 1206 1451 b
1226 1428 1259 1451 e.
1316 1415 1430 1459 Deus,
1458 1414 1735 1462 poenitentibus
1761 1413 1889 1461 poeni-

1183 1485 1326 1516 tentem
1353 1492 1391 1516 se
1418 1480 1567 1516 exhibet
1589 1481 1665 1515 636
1687 1491 1716 1514 e.
1774 1478 1888 1521 Deus,

1184 1544 1284 1580 solus
1305 1550 1361 1580 est
1381 1544 1527 1579 virtutis
1555 1544 1739 1579 humanae
1760 1548 1890 1578 auctor

1187 1611 1263 1646 637
1281 1609 1349 1644 cd.
1389 1609 1504 1649 Deus,
1528 1607 1739 1644 conditores
1760 1607 1890 1654 templi

1186 1673 1339 1710 secundi
1363 1673 1531 1709 infideles
1554 1672 1792 1720 reprehendit
1813 1674 1889 1708 639

1187 1740 1231 1784 d;
1264 1741 1339 1775 643
1362 1751 1394 1774 e.
1452 1738 1566 1778 Deua
1602 1737 1753 1773 eosdem
1788 1749 1889 1772 com-

1185 1805 1346 1840 fortatur
1367 1805 1444 1838 640
1466 1815 1498 1838 a.
1549 1802 1664 1846 Deus,
1686 1801 1888 1837 conditori-

1186 1869 1255 1905 bus
1281 1868 1469 1904 Ecclesiae
1494 1879 1560 1915 per
1580 1866 1761 1915 Spiritum
1786 1866 1893 1902 adest

1187 1936 1264 1970 640
1285 1934 1308 1969 b
1324 1946 1355 1969 e.
1406 1933 1524 1973 Deus,
1547 1937 1685 1968 terram
1706 1931 1891 1976 movebat,

1187 2006 1224 2036 et
1249 2005 1418 2046 tempore
1445 1997 1579 2039 Exodi,
1601 2002 1639 2032 et
1660 1995 1891 2032 lucarnatio-

1188 2065 1244 2100 nis
1283 2065 1356 2099 641
1395 2062 1483 2107 ab:
1529 2063 1607 2097 649
1640 2073 1662 2096 a
1687 2072 1718 2096 e.
1780 2060 1891 2102 Deus,

1188 2128 1369 2165 materiali
1399 2126 1500 2163 cultu
1528 2138 1604 2161 non
1637 2131 1724 2173 eget
1755 2126 1829 2160 641
1854 2124 1892 2160 d.

1188 2194 1301 2234 Deus,
1322 2191 1504 2239 templum
1525 2190 1647 2227 cordis
1675 2189 1756 2239 puri
1782 2194 1893 2236 atque

1187 2258 1337 2294 humilis
1384 2261 1484 2292 amat
1530 2255 1692 2291 maxime
1741 2255 1818 2290 642
1857 2253 1892 2290 b.

1189 2323 1307 2367 Deus,
1337 2320 1550 2358 conditores
1579 2319 1709 2367 templi
1739 2317 1895 2355 inertiae

1189 2388 1415 2424 condemnat
1449 2387 1524 2422 643
1547 2397 1579 2421 e.
1638 2384 1753 2427 Deus,
1788 2383 1893 2431 igna-

1189 2465 1321 2488 vorum
1357 2450 1536 2487 saerifieia
1564 2449 1684 2497 rejicit
1712 2450 1788 2485 644
1811 2448 1893 2492 be3

1192 2519 1268 2554 645
1291 2517 1324 2553 b.
1382 2516 1497 2556 Deus,
1526 2514 1737 2564 neglectum
1766 2511 1895 2559 templi

1190 2580 1417 2629 temporalis,
1474 2579 1668 2615 sterilitate
1723 2575 1892 2614 terrestri

1192 2647 1354 2693 castigat
1400 2646 1476 2681 647
1523 2657 1545 2680 a
1582 2656 1625 2685 c;
1681 2642 1894 2689 neglectum

1190 2710 1319 2758 templi
1350 2708 1562 2757 spiritualis,
1596 2706 1790 2743 sterilitate
1821 2704 1895 2752 spi-

1190 2774 1314 2811 rituali
1346 2776 1422 2810 647
1456 2773 1500 2818 d3
1535 2772 1624 2808 item
1659 2783 1785 2806 curam
1818 2769 1896 2805 cul-

1191 2845 1345 2887 tumque
1372 2843 1580 2878 externum,
1605 2834 1769 2871 externis
1796 2846 1896 2870 eom-

1192 2909 1324 2952 pensat
1343 2901 1544 2943 beneficiis,
1566 2899 1793 2947 spiritualem
1815 2910 1897 2935 eae-

1192 2968 1347 3004 lestibus
1375 2967 1450 3002 648
1473 2978 1494 3002 a
1509 2977 1541 3000 c.
1600 2963 1718 3006 Deus,
1740 2968 1896 3012 quanto—
