2053 3382
322 174 406 214 568
725 176 773 215 B.
818 174 1092 214 CYRILLI
1134 174 1513 215 ALEXANDR.
1788 172 1814 211 i.
1844 184 1905 225 13.

324 285 366 336 εἴ
395 308 438 336 τι
473 284 615 352 τυχὸν
649 284 926 350 ἁρπάσειαν,
959 283 1057 335 εἶτα
1092 284 1282 350 δραμὼν
1309 285 1333 334 ὁ
1358 284 1534 347 ποιμὴν
1559 282 1783 349 ε’κσπάσῃ
1814 286 1908 331 τῶν

324 364 528 417 ὀδόντων
569 366 623 417 τὸ
667 366 991 432 ἡρπασμένων·
1051 364 1080 429 ἢ
1126 365 1463 429 καταπτοήσας
1508 368 1658 415 κυνῶν
1702 365 1909 423 ὑλακαῖς,

324 447 352 511 ἣ
398 447 677 513 καλαύροπα
726 447 910 508 βαλών·
978 453 1117 498 τοῦτο
1163 444 1289 509 οἶμαι
1333 445 1387 497 τὸ
1439 446 1693 515 ἅρπαγμα.
1765 449 1912 494 ταῦτα

323 530 573 594 προσῆγον
605 529 721 593 ὁμοῦ
757 534 852 582 τοῖς
886 528 994 582 τοὺς
1027 528 1175 581 πόδας
1211 527 1576 592 λελωβημένοις,
1613 528 1687 578 καὶ
1726 526 1809 576 οὐκ
1847 525 1911 574 ἔτι

324 610 769 675 συγκατανέμεσθαι
795 615 890 663 τοῖς
911 610 1080 663 ἄλλοις
1100 610 1434 674 δεδυνημένοις·
1476 611 1727 675 προσῆγον
1754 605 1802 656 δὲ
1833 610 1909 657 καὶ

324 692 384 742 τα
423 691 728 760 ἐνοχλούμενοι,
765 693 979 743 τουτέστι
1018 691 1077 742 τὰ
1119 696 1393 742 θανατῶντα
1431 690 1613 753 λοιπὸν,
1650 688 1910 756 ὑβρίζοντες

369 778 389 787 Α
558 772 575 791 ἢ
716 779 735 787 Α
919 772 931 788 Ν
1049 778 1068 787 Α
1141 773 1163 790 Ν
1393 771 1403 787 Ι
1529 774 1538 788 ²
1612 772 1622 787 5
1666 773 1674 784 ³
1779 771 1792 787 l
1901 770 1909 781 .'

325 780 515 836 μαλλον
553 798 581 838 η
621 797 842 837 τιμωντες
887 797 968 824 τον
1007 797 1100 824 των
1139 781 1266 824 ολων
1309 776 1448 824 Θεον.
1513 779 1611 822 αλλ
1660 772 1912 840 εξεφυσησα

288 859 479 923 οφησιν
525 855 642 906 αὐτα
691 857 814 921 λέγει
864 857 1011 925 Κύριος
1060 854 1396 923 Παντοκράτωρ.
1469 856 1543 904 καὶ
1588 852 1742 916 ἐπειδὴ
1788 851 1912 902 θύειν

327 936 529 990 ἀνοσίως
572 937 816 1003 ἐγνώκατε,
859 939 942 987 οὐκ
986 936 1043 987 ἂν
1082 936 1224 999 ὅλως,
1269 938 1411 1003 φησὶ,
1456 935 1813 1003 παραδεξαίμην
1855 932 1912 982 τὰ

326 1017 383 1085 ἐξ
417 1019 554 1082 ὑμῶν,
591 1018 685 1069 οὐδ’
718 1018 778 1069 ἂν
813 1018 1104 1084 λογισαίμην
1141 1021 1201 1072 εἷς
1237 1017 1394 1081 ὀσμὴν
1430 1017 1619 1070 εὐωδίας
1654 1014 1737 1069 τὰς
1769 1016 1913 1067 οὕτως

327 1098 550 1161 ἐκνόμους
576 1102 650 1151 καὶ
675 1100 965 1166 ἀκαθάρτους
992 1098 1332 1166 προσαγωγάς.

400 1180 508 1246 Χρὴ
561 1181 617 1245 δὴ
665 1183 746 1232 οὖν
790 1182 881 1248 ἄρα
935 1182 1060 1233 θύειν
1107 1182 1225 1244 ἡμᾶς
1278 1183 1352 1231 καὶ
1401 1179 1534 1243 μάλα
1583 1182 1789 1231 ἐπιεικῶς
1838 1179 1915 1228 καὶ

325 1263 735 1326 ἐσπουδασμένως,
776 1266 850 1313 καὶ
893 1262 1226 1329 προσκομίζειν
1267 1262 1351 1325 μὲν
1391 1265 1500 1330 Θεῷ
1540 1262 1719 1323 ἁπλῶς,
1756 1258 1821 1323 μὴ
1856 1258 1915 1310 τὰ

327 1345 665 1411 κατεῤῥιμμένα
699 1347 773 1396 καὶ
806 1344 1078 1408 ἀτιμότατα,
1110 1346 1184 1394 καὶ
1217 1342 1398 1396 οὐδενὸς
1437 1343 1548 1412 ἄξια
1588 1343 1751 1408 λόγου,
1783 1340 1914 1391 ἀλλὰ

111 1443 194 1477 832
211 1441 261 1477 A.
290 1425 387 1476 ατὰ
425 1428 693 1493 προῦχοντα
729 1429 804 1477 καὶ
840 1427 1067 1495 ἐξαίρετα.
1120 1428 1156 1476 εἷ
1191 1425 1238 1476 δὲ
1274 1425 1330 1490 δή
1361 1449 1430 1478 τις
1461 1423 1625 1476 ἑαυτὸν
1658 1425 1914 1490 ἱερουργοίη

111 1608 204 1637 Rom.

110 1661 164 1680 xu.
186 1659 212 1681 1.

116 2178 178 2208 ιε
199 2178 270 2209 Pet.
333 2159 571 2225 ἄρῥωστα.
629 2159 721 2227 χρὴ
753 2159 845 2226 γὰρ
884 2160 1003 2222 ἡμᾶς
1041 2158 1106 2223 μὴ
1146 2160 1214 2208 ἀεὶ
1254 2159 1441 2220 ὑπνουν,

113 2232 141 2251 v.
163 2224 193 2252 8.

330 1510 455 1576 Θεῷ·
522 1507 795 1572 μεμνήμεθα
838 1507 931 1574 γὰρ
977 1514 1059 1558 τοῦ
1103 1508 1331 1572 μακαρίου
1380 1507 1579 1557 Παύλου
1620 1505 1916 1573 γεγραφότος

332 1589 419 1640 ὡδί
442 1596 467 1618 “
486 1589 842 1655 Παραστήσατε
871 1589 931 1640 τὰ
961 1590 1163 1652 σώματα
1199 1591 1326 1651 ὑμῶν
1353 1589 1523 1639 θυσίαν
1552 1590 1724 1654 ζῶσαν,
1758 1588 1912 1653 ἁγίαν,

332 1677 359 1700 “
387 1669 640 1736 εὐάρεστον
670 1675 736 1739 τῷ
773 1674 894 1739 Θεῷ,
929 1669 1016 1734 τὴν
1051 1669 1248 1735 λογικὴν
1283 1670 1503 1735 λατρείαν
1538 1669 1712 1732 ὑμῶν·”
1758 1676 1910 1720 πολυ-

330 1752 658 1818 πραγμονείτω
690 1751 749 1802 τὰ
783 1753 890 1803 καθ’
921 1750 1097 1813 ἑαυτὸν,
1132 1753 1207 1801 καὶ
1241 1752 1381 1801 οἱονεί
1410 1774 1478 1804 τις
1513 1749 1710 1816 ἀκριβὴς
1745 1773 1911 1814 μωμο-

331 1833 514 1887 σκόπος
555 1837 639 1898 τῆς
682 1835 846 1885 ἑαυτοῦ
889 1833 1099 1899 γενέσθω
1141 1835 1316 1901 ψυχῆς.
1387 1831 1540 1898 ὁράτω
1581 1831 1646 1895 μὴ
1685 1832 1776 1897 ἄρα
1815 1854 1915 1884 πως

331 1917 434 1966 ἐστι
470 1916 665 1984 τυφλὸς,
700 1916 929 1977 τουτέστι,
965 1918 1049 1978 τῆς
1086 1914 1308 1978 ἀληθείας
1343 1913 1397 1964 τὸ
1437 1918 1539 1981 φῶς
1579 1914 1662 1964 οὐκ
1700 1915 1819 1980 ἔχων
1855 1916 1916 1967 εἰς

333 2002 459 2047 νοῦν·
513 1996 578 2061 μὴ
624 1997 812 2063 σκάζων
853 1996 936 2047 τὸν
977 1996 1100 2048 πόδα
1145 1999 1212 2065 τῷ
1257 1995 1321 2059 μὴ
1368 1996 1641 2061 ὀρθοποδεΐν
1685 1994 1916 2046 δύνασθαι

287 2076 451 2143 Βπρὸς
484 2082 578 2129 πᾶν
605 2079 759 2129 ὁτιοῦν
786 2083 880 2129 τῶν
912 2080 1120 2143 ἀγαθῶν·
1164 2075 1228 2141 μὴ
1263 2076 1383 2144 ἔχων
1419 2075 1719 2145 ἁρπάγματα
1753 2099 1802 2127 τε
1841 2079 1918 2127 καὶ

1378 2163 1397 2172 Α
1474 2157 1540 2187 ‘66
1634 2159 1644 2172 ἱ
1704 2159 1715 2173 )
1784 2158 1794 2175 Ι

1517 2180 1586 2208 οτι
1625 2180 1650 2207 ο
1689 2161 1917 2211 αντιδικος

334 2248 361 2270 “
386 2241 519 2304 ἡμῶν
546 2241 770 2303 διάβολος
797 2244 858 2294 ὡς
885 2241 1007 2291 λέων
1032 2240 1335 2307 περιέρχεται,
1363 2239 1511 2304 ζητῶν
1535 2240 1638 2289 τίνα
1665 2239 1913 2307 καταπίῃ.”

333 2323 446 2374 ὅταν
472 2324 627 2375 τοίνυν
653 2323 824 2374 ἅυπνοί
843 2346 892 2374 τε
919 2325 993 2373 καὶ
1022 2321 1328 2388 ἐγρηγορότες
1352 2320 1689 2388 εὑρισκώμεθα,
1717 2325 1922 2387 παραθεῖ

332 2404 388 2455 τὸ
427 2406 603 2472 θηρίον.
665 2409 702 2455 εἰ
740 2404 789 2455 δὲ
828 2403 884 2468 δὴ
927 2403 1241 2468 νυστάζοντας
1282 2402 1369 2453 ’ίδοι
1407 2404 1482 2453 καὶ
1519 2401 1914 2466 κατημεληκότας,

333 2483 574 2556 ἅρπαγμα
599 2491 809 2550 ποιεῖται,
836 2488 910 2537 καὶ
937 2486 1211 2553 ἀῤῥώστους
1235 2486 1468 2547 ἀποτελεῖ,
1493 2483 1735 2535 τουτέστιν
1753 2487 1916 2547 τεθνη-

384 2658 413 2681 1.
439 2646 622 2681 ἐκσπάσειε
641 2646 732 2681 Edd.
955 2658 988 2691 3.
1013 2648 1130 2685 λαβὼν
1149 2646 1190 2680 Β.
1410 2654 1443 2690 5.
1470 2642 1693 2689 συγκατανέμ.
1712 2644 1782 2678 τοῖς
1797 2643 1917 2679 ἄλλοις

333 2692 399 2726 hoc
418 2693 539 2727 ordine
559 2693 601 2726 B.
653 2694 778 2726 Statim
797 2693 990 2737 δυναμένοις
1008 2692 1067 2726 iid.
1242 2703 1275 2737 9.
1303 2691 1362 2725 οὐκ
1380 2689 1419 2725 ἂν
1436 2691 1524 2725 ὅλως
1540 2690 1630 2734 φησὶ
1649 2689 1714 2722 hoc
1732 2688 1853 2722 ordine
1872 2689 1915 2724 B.

333 2740 423 2783 φησὶ
441 2745 521 2773 ante
538 2740 597 2773 οὐκ
614 2745 657 2773 tr.
676 2738 736 2773 iid.
883 2750 936 2784 13.
961 2740 1023 2783 μὲν
1040 2744 1262 2784 assumptum
1281 2750 1322 2771 ex
1342 2738 1383 2771 B.
1444 2738 1570 2776 ἅπλως,
1588 2736 1631 2779 μὴ
1650 2735 1716 2768 hoc
1733 2735 1853 2769 ordine
1874 2736 1914 2770 Β.

338 2795 390 2829 15.
416 2786 456 2819 τὰ
475 2792 698 2830 assumptum
717 2797 756 2819 ex
776 2785 819 2819 B.
1209 2784 1261 2819 16.
1286 2783 1468 2828 μεμνήσθω
1487 2782 1578 2816 Edd.
1643 2782 1837 2826 γράφοντος
1854 2782 1914 2816 iid.

336 2842 390 2865 22.
417 2833 522 2874 σκάζῃ
540 2831 600 2865 iid.
665 2833 704 2865 τὸ
723 2843 784 2875 pro
802 2833 847 2877 τῷ
865 2832 909 2875 μὴ
927 2831 986 2865 iid.
1170 2842 1225 2876 23.
1252 2831 1396 2874 ἀγαθῶν·
1423 2830 1467 2873 μὴ
1486 2829 1573 2872 ἔχων
1588 2827 1791 2872 ἁρπάγματά
1808 2842 1843 2861 τε
1861 2828 1915 2861 καὶ

333 2877 523 2921 (Ἰῤῥωστα.]
543 2877 678 2923 ἀγαθῶν
695 2878 758 2922 οὐχ
776 2879 873 2921 ἔχων.
907 2878 951 2921 μὴ
969 2878 1129 2922 ἅρπαγμά
1147 2892 1183 2912 τε
1201 2878 1255 2911 καὶ
1272 2878 1460 2921 ἄρρωστον.
1478 2875 1538 2908 iid.
1672 2884 1726 2915 24.
1753 2875 1837 2917 ὑμᾶς
1854 2874 1914 2908 iid.

336 2924 461 2957 Statim
480 2924 616 2958 (ῖϋπνεῖν
634 2936 696 2968 pro
713 2925 757 2967 μὴ
775 2924 825 2957 ἀεὶ
844 2925 967 2959 ὑπνοῦν
983 2924 1042 2959 iid.
1238 2934 1293 2968 27.
1320 2923 1359 2966 δὴ
1378 2928 1598 2965 assumptum
1616 2931 1656 2954 ex
1676 2920 1717 2954 B.
1781 2920 1835 2963 ἴδῃ
1854 2920 1912 2955 iid.

337 2970 391 3002 28.
416 2969 631 3015 τεθνηκότας]
654 2969 809 3013 ἧσθενηκ.
829 2970 888 3005 iid.

1935 622 1955 659 5

1940 1035 1986 1059 10

1938 1851 1986 1875 20

1938 2261 1986 2298 25
