2053 3382
319 168 402 208 512
716 167 766 207 B.
811 164 1091 206 CYRILLI
1133 164 1517 206 ALEXANDR.
1697 166 1782 206 xiv.
1811 178 1846 214 1,
1871 177 1908 205 2.

270 289 298 330 b
319 282 346 304 “
372 276 536 341 πυρὸς,
583 276 657 326 καὶ
700 273 910 340 πυρώσω
960 273 1129 328 αὐτοὺς
1178 275 1240 327 ὡς
1284 279 1513 340 πυροῦται
1563 272 1617 324 rb
1669 276 1907 340 ἀργύριον,

320 364 346 386 “
373 360 447 408 καὶ
498 360 672 417 δοκιμῶ
722 354 888 409 αὐτοὺς
932 358 994 410 ὡς
1045 354 1337 421 δοκιμάζεται
1388 355 1442 406 τὸ
1493 354 1737 423 χρυσιόν.”
1807 358 1911 406 τίνα

318 441 355 490 δ’
393 438 451 488 ἂν
488 438 666 504 τρόπον
703 437 763 488 τὰ
807 437 961 488 τοιάδε
1009 442 1203 496 νοοῖντο,
1245 439 1320 488 καὶ
1359 438 1440 488 οὐκ
1480 437 1572 506 ἔξω
1613 443 1695 489 τοῦ
1737 436 1911 491 εἰκότος

318 519 437 570 κατά
463 542 516 585 γε
547 520 601 570 τὸ
636 519 828 588 ἐφικτὸν
854 518 1112 585 εἰρήκαμεν.
1164 519 1416 585 τέτραπται
1453 519 1500 571 δὲ
1535 521 1610 570 καὶ
1646 525 1727 570 νῦν
1757 521 1782 570 ὁ
1816 524 1911 570 τῶν

319 603 635 667 προκειμένων
672 600 856 656 σκοπὸς
899 603 961 655 ὡς
1004 601 1122 667 πρός
1162 623 1214 667 γε
1257 601 1342 665 τὴν
1381 601 1696 668 Ἰερουσαλὴμ
1741 603 1903 652 ἀνοσι-
1929 619 1951 658 5

318 683 633 749 ουργήσασαν
665 685 915 751 ἀχαλίνως,
952 686 1027 734 καὶ
1058 683 1141 734 τὸν
1166 686 1248 746 τῆς
1285 683 1512 737 ἁλώσεως
1546 684 1655 747 ἡμῖν
1691 706 1906 748 καταση-

317 766 466 828 μαίνει
508 766 698 831 τρόπον.
761 762 848 816 &ab
885 764 979 831 γὰρ
1020 770 1172 834 φησιν
1210 765 1410 834 ἥξουσιν
1445 766 1594 835 ἡμέραι
1634 767 1703 816 τοῦ
1744 770 1907 832 Κυρίου,

317 848 581 910 τουτέστιν,
618 847 670 902 ἃς
705 847 843 900 αὐτὸς
876 847 1039 912 ἐπάγει
1075 847 1229 916 ψήφῳ
1262 849 1415 916 δικαίᾳ
1450 850 1525 898 καὶ
1557 849 1675 916 ὁσίῳ
1710 848 1908 914 κρίματι.

318 931 393 980 καὶ
432 930 524 995 γάρ
570 932 701 980 ἐστιν
740 928 932 992 ἀληθὲς,
976 928 1000 980 ὃ
1047 931 1122 979 καὶ
1169 929 1224 980 δι’
1265 930 1421 995 ἐτέρου
1465 930 1713 996 προφήτου
1759 931 1911 997 φησίν

93 1013 256 1044 Afflffiffi‘
278 1040 298 1066 e
319 1020 346 1041 ‘⁶'
373 1012 460 1076 ΝῙὴ
488 1013 622 1063 ε”σται
649 1013 786 1063 κακία
812 1013 859 1062 ἐν
879 1011 1015 1062 πόλει
1042 1010 1098 1075 ἢν
1121 1011 1294 1078 Κύριος
1326 1013 1407 1062 οὐκ
1434 1013 1694 1076 ἐποίησεν.”
1736 1014 1789 1062 οὐ
1816 1012 1910 1079 γὰρ
1935 1037 1981 1062 10

318 1094 376 1146 ἂν
403 1095 584 1161 γένοιτό
610 1118 654 1146 τι
681 1099 775 1145 τῶν
802 1094 920 1158 ὅλην
948 1099 1120 1144 κακοῦν
1148 1092 1410 1161 ἰσχυόντων
1436 1093 1593 1156 πόλιν,
1620 1093 1645 1145 ὅ
1671 1094 1734 1158 μὴ
1761 1095 1910 1161 πράτ-

319 1179 490 1229 τεσθαί
534 1183 691 1245 φαμεν
736 1177 945 1244 ἐφιέντος
989 1178 1146 1238 αὑτοῦ,
1193 1178 1267 1226 καὶ
1312 1176 1736 1240 πλημμελημάτων
1781 1177 1910 1231 δίκας

318 1260 514 1328 ἐξαιτεῖν
540 1260 783 1313 ἐθέλοντος
815 1257 922 1312 τοὺς
957 1258 1174 1325 ἀσχέτοις
1209 1260 1373 1324 ὁρμαῖς
1400 1261 1472 1309 ἐπὶ
1499 1258 1558 1309 τὰ
1592 1264 1757 1326 φαῦλα
1784 1259 1911 1310 διάτ-

318 1365 502 1396 τοντας.
554 1343 720 1392 οὐκοῦν
745 1342 887 1391 αὐτοῦ
921 1346 1073 1409 φησιν
1100 1338 1212 1390 εἶναι
1246 1341 1329 1394 τὰς
1362 1340 1534 1410 ἡμέρας,
1562 1340 1636 1391 διὰ
1663 1340 1716 1392 τὸ
1743 1341 1911 1407 ἐπάγε-

320 1428 434 1475 σθαι
462 1424 561 1475 κατ’
589 1424 736 1490 ὀργὴν
763 1425 920 1473 αὐτοῦ.
979 1422 1350 1491 πεπαρῳνήκασι
1376 1422 1468 1488 γὰρ
1501 1428 1719 1491 φορητῶς
1746 1424 1908 1487 οὐκέτι,
1934 1448 1980 1486 15

320 1506 627 1559 ἀπεκτονότες
665 1504 750 1569 μὲν
783 1504 889 1558 τοὺς
923 1504 1188 1572 προφήτας,
1223 1504 1507 1570 προσθέντες
1542 1507 1590 1556 δὲ
1624 1506 1803 1560 τούτοις
1834 1508 1910 1556 καὶ

319 1587 402 1639 τὸν
428 1587 562 1638 Υἱόν.

395 1669 462 1721 Τι’
502 1669 549 1720 δὲ
594 1668 648 1720 rb
692 1667 918 1731 ἐσόμενον
957 1669 1005 1718 ἐν
1046 1672 1146 1722 ταῖς
1189 1667 1364 1736 ἡμέραις
1408 1670 1615 1731 ἐκείναις,
1664 1669 1911 1738 σαφηνίζει

320 1752 474 1816 λέγων
504 1758 592 1802 Καὶ
628 1749 944 1819 ὃιαμεριεῧντσιι
977 1748 1037 1801 τὰ
1070 1750 1224 1801 σκῦλά
1256 1775 1332 1801 σου
1364 1752 1400 1802 ἐν
1428 1754 1507 1814 σο),
1535 1752 1911 1818 συναγηγερμένα

275 1846 300 1885 d
321 1833 540 1898 δηλονότι
582 1833 738 1885 πάντα
783 1832 844 1883 τά
886 1831 969 1892 ἔθνη
1016 1838 1092 1883 καὶ
1141 1829 1454 1903 διαρπάζοντα
1498 1832 1581 1895 μὲν
1622 1833 1705 1887 τὰς
1751 1838 1907 1895 οἰκίας,
1932 1854 1981 1879 20

320 1916 482 1982 γύναια
514 1916 561 1966 δὲ
592 1916 899 1981 περιέλκοντα
935 1915 1114 1977 νηπίοις
1147 1915 1280 1977 ὁμοῦ.
1334 1914 1439 1965 τότε
1465 1914 1558 1981 γὰρ
1586 1915 1642 1979 δὴ
1670 1918 1793 1983 φησὶ
1832 1923 1909 1967 καὶ

320 2000 366 2048 τὶ)
398 2001 532 2065 ἣμισυ
563 1997 636 2057 vif
668 2011 844 2051 πόλεως
880 1996 1154 2066 ἐξελεύσεται
1192 1998 1229 2047 ἐν
1266 2002 1593 2067 αἱχμσιλωσιςι.
1654 2001 1777 2066 φασὶ
1804 1998 1910 2064 γὰρ,

321 2080 391 2130 ὅτι
430 2082 651 2139 (Ρωμαῖοι
691 2078 776 2142 τὴν
815 2077 959 2129 πόλιν
997 2076 1196 2139 ἑλόντες,
1237 2081 1312 2128 καὶ
1351 2078 1468 2144 πρὸς
1509 2079 1592 2132 τὰς
1631 2083 1725 2130 τῶν
1762 2103 1912 2147 μαχο-

320 2163 472 2226 μένων
509 2163 664 2215 αὐτοῖς
703 2160 1036 2228 ἀναισχυντίας
1075 2160 1475 2226 ὀλιγωρήσαντες,
1516 2161 1657 2212 αὐτόν
1692 2184 1742 2211 τε
1781 2163 1911 2212 κατέ-

320 2267 515 2308 πρησαν
559 2244 642 2294 τὸν
686 2242 798 2293 νεὼν
843 2244 918 2292 καὶ
964 2241 1046 2295 τὰς
1091 2247 1174 2292 τοῦ
1221 2243 1389 2295 ἄστεος
1431 2244 1589 2297 οἰκίας.
1659 2243 1911 2310 ἐφείσαντο
1932 2263 1980 2302 25

322 2326 371 2376 δὲ
405 2324 808 2391 προσπιπτόντων
843 2326 996 2377 αὐτοῖς
1031 2329 1124 2374 τῶν
1156 2323 1494 2393 κατῳκηκότων
1521 2324 1606 2387 τὴν
1637 2324 1733 2375 ἄνω
1768 2325 1911 2376 πόλιν

323 2409 398 2458 καὶ
438 2408 492 2458 τὸ
532 2407 667 2472 ἱερόν.
726 2407 808 2457 θέα
849 2406 912 2468 δέ,
957 2406 1082 2459 ὅπως
1121 2410 1183 2460 εἷς
1221 2412 1359 2456 τοῦτο
1405 2406 1612 2471 θράσους
1652 2407 1916 2475 ἀφίξεσθαί

280 2493 448 2557 οφησι
497 2487 604 2542 τοὺς
655 2487 962 2552 νενικηκότας,
1010 2489 1072 2541 ὡς
1123 2485 1472 2556 διαρπάσαντας
1517 2487 1601 2540 τὰς
1647 2493 1799 2546 οἶκιας,
1845 2488 1910 2552 μὴ

371 2658 402 2681 2.
429 2647 554 2690 δοκιμῶ
574 2647 614 2681 C.
635 2646 738 2681 Pont.
760 2647 893 2692 Migne.
913 2648 1050 2691 δοκιμιῶ
1069 2647 1162 2682 Aub.
1536 2659 1570 2693 3.
1597 2647 1625 2682 δ’
1642 2647 1682 2682 ἂν
1701 2646 1742 2681 C.
1761 2647 1796 2681 δέ
1817 2647 1909 2684 Edd-

323 2708 356 2736 4.
383 2693 538 2739 ἐφικτὸν]
563 2699 600 2734 -1-
622 2694 699 2737 ἡμῖν
716 2693 776 2728 iid.
795 2694 904 2728 invito
924 2694 964 2729 C.
1030 2694 1211 2738 τέτραπται
1231 2694 1273 2729 C.
1291 2695 1482 2740 γε’-γραπται
1502 2694 1543 2727 Β.
1563 2693 1654 2728 Edd.
1752 2703 1784 2738 7.
1810 2695 1909 2738 ἥξου-

323 2755 380 2774 σιν
397 2748 621 2785 assumptum
638 2753 679 2774 ex
701 2740 742 2775 C.
960 2741 993 2775 8.
1019 2741 1126 2785 ἐπάγη
1147 2740 1188 2775 C.
1414 2752 1466 2775 10.
1492 2741 1548 2783 Μὴ
1566 2740 1663 2774 ἔσται
1682 2739 1723 2774 C.
1741 2741 1784 2774 cf.
1804 2752 1910 2785 supra

326 2787 391 2821 118
411 2787 469 2821 fin.
487 2788 546 2821 οὐκ
564 2788 638 2822 ἔστι
659 2787 750 2821 Edd.
817 2787 868 2833 ἐν]
893 2792 930 2827 -4-
951 2790 991 2831 τῇ
1012 2787 1052 2821 C.
1349 2799 1401 2830 14.
1427 2787 1614 2831 ἐπάγεσθαι
1635 2786 1721 2821 B.C.
1739 2787 1910 2832 ἐπαγγέλ-

321 2834 446 2867 λεσθαι
466 2833 558 2867 Edd.
823 2844 876 2876 15.
902 2834 1083 2879 ἀφορήτως
1102 2833 1142 2868 C.
1402 2844 1454 2878 19.
1482 2834 1727 2876 διαμεριοῦνται
1744 2833 1848 2868 habet
1868 2833 1909 2869 C.

323 2890 379 2913 20.
405 2881 629 2923 διαρπάζοντα
649 2879 738 2914 B.C.
755 2880 996 2923 διαρπάξονται
1016 2880 1108 2915 Edd.
1169 2881 1228 2916 τὰς
1246 2887 1467 2924 assumptum
1484 2891 1525 2912 ex
1545 2878 1585 2913 C.
1692 2891 1747 2913 21.
1773 2880 1909 2924 περιέλ-

322 2939 434 2960 κοντες
451 2926 510 2960 iid.
575 2927 616 2970 δὴ
634 2933 666 2960 et
684 2928 738 2960 καὶ
756 2934 938 2971 assumpta
955 2939 997 2960 ex
1017 2926 1057 2961 C.
1266 2938 1321 2969 24.
1348 2926 1564 2970 κατέπρησαν
1582 2925 1623 2961 C.
1643 2926 1832 2971 ἐνέπρησαν
1848 2926 1908 2961 iid.

325 2981 379 3014 27.
406 2971 462 3017 τὸ]
489 2977 522 3012 -ᾇ-
546 2973 612 3006 ἰὶνω
632 2972 672 3007 C.
740 2974 889 3017 θράσους
908 2973 948 3008 C.
968 2974 1117 3017 θάρσους
1134 2973 1194 3008 iid.
