2053 3382
275 202 350 238 672

326 323 470 359 fructus
491 325 566 360 204
588 322 612 358 d
628 334 647 358 e
665 335 672 364 ;
705 323 781 358 208
804 321 850 363 d;
882 319 1035 363 Christi,

328 387 366 423 in
401 387 577 423 Ecclesiis
611 385 881 434 insignioribus
915 385 1034 422 distil-

326 452 401 488 lata
429 453 505 488 352
527 464 568 497 c;
602 451 746 487 fructus
775 451 889 487 habet
913 451 1035 500 justo-

326 529 408 552 rum
430 516 607 564 pietatem
629 518 705 553 352
728 516 763 552 d.

273 582 467 629 Dogmata
505 581 695 617 Ecclesiae
736 581 1035 617 contradicentes

329 646 517 693 quomodo
538 647 743 695 puniuntur
764 648 841 683 807
862 646 900 684 b.

272 710 470 754 Dominus,
511 724 532 747 a
574 724 683 748 servo
722 711 808 759 jure
845 711 1036 748 timendus

327 777 403 813 823
426 788 446 811 c
461 776 505 822 d;
543 776 644 822 [vide
665 776 870 823 Christus]

271 840 430 882 Domus,
447 841 492 877 de
514 841 778 890 Hierosolyma
798 841 952 883 dictum,
970 854 1035 890 op-

325 906 480 953 ponitur
521 906 754 950 “collibus,''
794 907 866 944 i.e.
905 906 1035 943 Israeli

328 973 377 1007 87
399 971 434 1007 b.

271 1036 418 1072 Domus
449 1036 613 1080 Davidis‚
646 1036 745 1085 apud
770 1036 937 1073 Judaeos
966 1036 1034 1073 ho-

326 1101 585 1138 noratissimos
633 1102 820 1151 significat
867 1104 943 1139 780
984 1103 1033 1145 d;

325 1179 436 1214 quam
468 1166 704 1203 abundanter
732 1167 855 1215 gratia
883 1167 1036 1204 ditanda

326 1232 372 1268 sit
399 1233 474 1268 782
496 1244 538 1273 c;
574 1244 692 1280 regno
718 1232 865 1280 privata
890 1232 1035 1281 plangit

327 1298 402 1334 '785
425 1297 469 1342 d;
510 1297 724 1344 spiritualis,
755 1297 927 1334 libertate
955 1298 1033 1334 fru-

325 1368 410 1399 etur
432 1364 507 1399 '786
529 1374 569 1408 c;
596 1368 634 1399 et
653 1362 870 1399 fluminibus
890 1362 1034 1412 gratiae

328 1429 403 1464 786
425 1440 455 1464 e.

273 1493 423 1528 Domus
463 1492 529 1528 Dei
576 1492 760 1539 neglecta,
798 1492 1032 1539 privatorum

326 1557 563 1593 ornatissima
584 1559 661 1594 629
687 1570 728 1603 e;
758 1559 835 1594 630
856 1557 900 1603 b;
931 1557 1031 1593 aedi-

325 1623 436 1658 ficata
453 1622 639 1663 ardenter,
658 1622 742 1658 Deo
763 1622 886 1670 placet
903 1624 979 1658 639
995 1634 1031 1663 c;

326 1687 486 1728 deserta,
522 1687 690 1722 moribus
728 1692 839 1723 nocet
878 1689 954 1724 635
990 1699 1032 1733 a3

325 1752 533 1800 privatione
580 1751 674 1787 roris
721 1751 836 1788 divini
880 1752 1034 1800 punitur

326 1819 403 1853 635
426 1816 449 1852 b
463 1828 505 1858 e;
528 1816 705 1857 secunda,
721 1817 884 1864 priorem
904 1829 1033 1865 supcr-

325 1882 401 1918 avit
421 1881 542 1929 gloria
562 1882 637 1917 642
655 1881 700 1926 b;
723 1893 792 1917 nos
812 1881 881 1929 ipsi
902 1894 1034 1918 sumus

328 1949 403 1983 734
425 1959 466 1992 c3
496 1943 596 1997 [vide
616 1944 845 1997 Templum]

272 2012 430 2053 Domus,
451 2023 600 2059 magna,
620 2023 687 2059 pro
714 2024 832 2059 regno
860 2012 1031 2055 Israelis;

325 2089 452 2125 parva,
490 2088 559 2124 pro
605 2075 716 2118 Juda,
764 2076 907 2112 dictum
955 2079 1032 2115 320

325 2142 347 2177 d
362 2154 391 2178 e.

271 2206 501 2256 Doxologia‚
537 2218 558 2242 a
596 2204 822 2243 Christianis
859 2207 1033 2255 neglecta

327 2274 404 2308 530
426 2284 459 2308 e.

272 2336 412 2379 Draco,
439 2335 647 2372 secundum
677 2335 883 2377 Hebraeos,
913 2341 1031 2379 cetus,

325 2401 394 2437 sub
416 2400 508 2436 mari
527 2400 647 2436 latens
668 2400 892 2436 describitur
909 2402 981 2437 341
995 2414 1030 2447 c;

324 2466 464 2514 ejulare
518 2465 739 2501 vulneratus
800 2470 838 2501 et
893 2470 1030 2501 terram

325 2531 445 2566 cauda
473 2530 671 2566 verberare
705 2529 841 2566 dicitur
876 2532 952 2567 399
985 2529 1029 2575 d;

324 2608 392 2644 pro
441 2594 594 2636 Satana,
638 2595 878 2631 tenebrarum
925 2600 1031 2642 patre

324 2660 467 2695 dictum
497 2660 574 2696 602
605 2671 626 2695 a
646 2671 691 2705 c;
735 2659 828 2695 mari
858 2659 1029 2702 illudens,

323 2724 412 2772 quid
433 2724 480 2760 sit
500 2725 576 2760 802
599 2735 630 2759 c.

272 2788 456 2833 Dulcedo‚
481 2788 678 2834 montium,
703 2793 919 2825 sanctorum
949 2801 1027 2825 ser·

324 2865 456 2888 mones
477 2854 553 2889 243
574 2853 611 2889 b.

272 2916 402 2952 Durus
449 2922 486 2953 et
533 2917 750 2954 'mobediens
794 2917 1029 2955 inimicorum

324 2981 445 3027 portio
467 2982 534 3017 erit
558 2985 632 3019 405
654 2982 692 3019 cl.

807 200 1021 237 INDEX
1079 201 1325 238 RERUM.

1649 214 1861 240 DOCTRINA.

1468 323 1500 359 E

1104 386 1319 433 Enmss‘rAS,
1341 386 1593 424 Israelitarum
1622 400 1644 424 a
1671 387 1777 424 Joele
1805 399 1863 424 re-

1155 451 1402 499 prehenditur
1431 455 1507 489 202
1529 465 1570 498 a;
1610 459 1758 500 praeter
1785 465 1865 488 mo-

1158 516 1248 552 dum
1269 529 1421 565 egressa
1442 519 1519 554 202
1537 530 1579 560 e;
1604 518 1718 555 finem
1738 519 1864 563 habet,

1156 581 1462 618 lamentationem
1486 585 1561 620 203
1584 595 1615 619 a.

1105 645 1293 688 Ebulliffio,
1311 646 1545 683 contritionis
1566 647 1715 696 signum
1737 650 1810 684 501
1829 660 1862 684 e.

1104 710 1220 754 Ebur,
1260 711 1431 748 luxuriae
1478 712 1657 749 indicium
1702 714 1778 750 286
1817 713 1862 758 d;

1157 777 1194 811 in
1256 776 1362 813 lectis
1423 777 1618 820 usitatum,

1160 843 1235 878 315
1267 841 1303 877 d.

1103 906 1283 950 Ecclesia,
1319 920 1366 943 ex
1407 907 1593 944 Gentibus
1632 914 1865 956 congregata

1158 973 1207 1007 46
1229 984 1269 1017 c;
1300 978 1420 1008 mater
1435 973 1727 1020 justificatorum
1749 975 1799 1010 69
1821 986 1862 1020 c;

1156 1049 1303 1073 sacrum
1333 1043 1371 1074 et
1397 1038 1574 1074 Divinum
1602 1039 1697 1075 ovile
1725 1041 1798 1075 124
1820 1051 1861 1084 c;

1156 1115 1203 1138 ex
1230 1102 1417 1139 Gentibus
1443 1103 1613 1146 collecta,
1638 1104 1675 1139 in
1703 1103 1862 1141 Cantico

1156 1166 1400 1204 Canticorum
1428 1168 1473 1204 de
1494 1167 1646 1205 Christo
1674 1170 1864 1217 praedicat

1161 1234 1234 1269 193
1275 1232 1320 1273 d;
1365 1233 1612 1275 Judaeorum,
1651 1235 1750 1282 apris
1788 1234 1861 1283 syl-

1155 1297 1352 1338 vestribus,
1378 1298 1454 1334 sive
1484 1299 1650 1334 motibus
1679 1299 1861 1348 indignis-

1156 1362 1258 1398 simis
1296 1363 1466 1411 subjecta
1508 1365 1581 1400 194
1621 1363 1668 1410 d;
1716 1364 1862 1400 fructus

1155 1427 1288 1472 serem,
1311 1440 1331 1463 a
1357 1440 1495 1476 sponsa
1522 1428 1558 1463 in
1583 1429 1740 1465 Cantico
1762 1428 1862 1464 Can-

1154 1492 1315 1528 ticorum
1336 1493 1521 1540 descripta
1543 1495 1619 1530 204
1639 1506 1681 1536 e;
1704 1493 1749 1530 de
1769 1507 1861 1542 gen-

1155 1556 1268 1601 tibus,
1302 1563 1433 1592 vocata
1470 1557 1508 1593 in
1541 1558 1665 1594 locum
1704 1571 1863 1606 sponsae

1676 778 1864 815 Samariae

1158 1623 1234 1657 205
1260 1621 1305 1666 d;
1339 1621 1584 1665 Judaeorum,
1609 1635 1695 1659 cum
1723 1623 1863 1660 Satana

1156 1686 1350 1728 fornicata,
1371 1687 1592 1734 repudiatur
1613 1690 1690 1724 205
1712 1701 1754 1729 e;
1786 1688 1863 1724 sin-

1156 1763 1240 1787 cere
1258 1750 1395 1799 lugens
1410 1751 1533 1787 Deum
1555 1753 1719 1789 movebit
1735 1754 1810 1789 210
1825 1766 1860 1800 c;

1157 1816 1256 1852 orbis
1294 1821 1479 1852 terrarum
1518 1817 1700 1864 magistra
1735 1817 1864 1854 futura

1159 1883 1235 1917 226
1253 1893 1289 1922 e;
1312 1881 1424 1916 Nova
1442 1880 1706 1930 Hierosolyma
1727 1884 1803 1919 235
1823 1882 1860 1930 b;

1157 1947 1269 1982 finem
1289 1945 1414 1987 habet,
1429 1946 1582 1994 simplex
1597 1946 1765 1983 veritatis
1785 1952 1863 1984 stu--

1157 2011 1259 2046 dium
1305 2013 1381 2047 237
1423 2022 1443 2046 a
1460 2022 1471 2056 3

1156 2076 1297 2112 frustra
1316 2081 1559 2124 oppugnatur
1580 2077 1655 2112 238
1673 2088 1707 2121 c;
1731 2079 1808 2113 245
1824 2089 1862 2124 a3

1156 2141 1360 2177 liberorum
1374 2141 1454 2188 ejus
1467 2152 1595 2176 curam
1609 2140 1721 2177 habet
1735 2141 1863 2177 Chris-

1157 2211 1231 2248 tus,
1250 2205 1346 2241 sicut
1362 2205 1449 2241 olim
1469 2204 1704 2241 ,ludaeorum
1723 2207 1800 2242 242
1817 2218 1859 2249 c;

1519 2010 1683 2047 Domino
1721 2017 1862 2055 tuente,

1156 2283 1243 2306 vera
1257 2276 1324 2311 est,
1339 2282 1433 2318 quae
1446 2282 1491 2305 ex
1508 2282 1594 2305 vere
1610 2269 1757 2306 Sanctis
1771 2283 1859 2306 con-

1157 2341 1232 2371 stat
1267 2336 1342 2371 242
1379 2335 1425 2380 d3
1466 2335 1624 2370 torrenti
1657 2335 1861 2382 juncorum

1155 2400 1266 2448 pleno
1296 2404 1512 2447 comparata
1542 2401 1618 2435 244
1648 2400 1693 2445 b;
1733 2413 1755 2436 a
1783 2400 1861 2437 suis

1156 2469 1371 2512 contempta
1399 2466 1471 2500 311
1506 2476 1547 2509 e;
1583 2464 1734 2506 sanctis,
1765 2465 1861 2501 sicut

1155 2535 1303 2565 montes
1317 2529 1522 2574 arboribus,
1530 2528 1710 2577 insignita
1727 2532 1802 2566 352
1817 2530 1857 2571 b;

1156 2594 1348 2630 doctrinae
1377 2593 1625 2635 dulcedinem,
1650 2593 1746 2630 sicut
1772 2605 1859 2641 apes

1155 2658 1275 2704 mella,
1285 2658 1434 2694 conficit
1448 2659 1523 2694 352
1538 2670 1572 2703 c;
1593 2663 1636 2693 ut
1650 2657 1859 2702 Sion,celsa

1154 2729 1192 2759 et
1213 2728 1342 2759 sancta
1363 2724 1440 2760 360
1457 2733 1501 2768 e3
1535 2720 1605 2758 Dei
1625 2721 1858 2758 sanctissimi

1155 2787 1306 2833 Civitas,
1327 2793 1365 2823 et
1388 2787 1522 2823 domus
1548 2785 1687 2822 Christi
1715 2787 1790 2822 393
1812 2786 1857 2832 d;

1154 2865 1220 2901 per
1238 2852 1448 2901 lachrymas
1463 2852 1499 2887 in
1516 2850 1631 2886 risum
1648 2849 1724 2886 exit
1738 2853 1811 2887 401
1822 2863 1856 2896 c3

1155 2918 1201 2953 de
1232 2916 1419 2952 Gentibus
1453 2914 1719 2963 congreganda
1750 2927 1856 2963 prae-

1156 2981 1289 3017 dicitur
1316 2982 1386 3017 124
1409 2980 1458 3025 b‚·
1488 2991 1552 3026 pcr
1572 2979 1731 3027 figuram
1753 2991 1856 3016 mon-
