2053 3382
329 151 414 191 466
718 155 768 196 B.
813 155 1093 195 CYRILLI
1144 157 1528 198 ALEXANDR.
1675 158 1822 206 xi.12,
1848 168 1912 209 13.

331 259 546 325 ὁμοιότης
573 263 885 330 ὑποφαίνεταί
905 286 1020 326 πως,
1045 263 1121 314 διὰ
1145 270 1227 315 τοῦ
1253 264 1476 315 δεδόσθαι
1503 264 1655 330 λέγειν
1682 268 1743 317 εἰς
1768 262 1916 331 μισ-θον

328 340 455 409 αὐτῷ
491 343 725 413 τριάκοντα
759 346 979 413 ἀργυροῦς.
1045 346 1070 395 ὁ
1108 345 1193 408 μὲν
1222 345 1315 412 γὰρ
1352 345 1586 412 προδότης
1623 347 1699 395 καὶ
1737 347 1913 405 βδελυ-

105 431 189 466 767
205 430 255 465 Α·
288 421 534 487 ἃρώτατος
579 425 770 487 ἀληθῶς
814 426 890 476 καὶ
934 425 1158 490 θεομισὴς
1196 428 1389 490 Ἰούδας,
1428 425 1678 494 τριάκοντα
1723 423 1918 490 δηνάρια

104 505 262 537 SMatth.

103 550 193 580 xxvi.
214 558 262 589 15·
327 502 506 566 λαβὼν,
532 506 774 571 προῦδωκε
807 511 903 561 τοῖς
938 510 1126 575 φονῶσι
1161 508 1396 574 Χριστὸν,
1423 511 1498 559 καὶ
1527 508 1612 559 τὸν
1636 510 1719 571 τῆς
1752 528 1912 570 σωτη-

324 583 426 648 ρίας
457 585 588 649 ἡμῶν
613 587 972 654 καταπέπρακεν
999 589 1213 656 ἀρχηγὸν
1239 595 1334 644 τοῖς
1361 590 1630 656 ἀλιτηρίοις.
1684 610 1917 655 προσεκο-
1936 603 1959 642 5

324 665 573 730 μίσθησαν
616 666 664 718 δὲ
706 668 837 735 παρὰ
879 674 974 720 τῶν
1014 671 1161 721 ἐθνῶν
1205 675 1267 725 εἷς
1316 671 1467 737 μισ-θον
1514 672 1639 740 αὐτῷ
1681 670 1918 738 τριάκοντα,

325 750 515 815 ἀργυροῖ,
544 747 587 799 οἳ
621 751 695 799 καὶ
733 748 953 802 κοιθιένται
980 754 1104 802 Θεοῦ
1133 750 1516 818 προστάττοντος
1543 757 1601 806 εἰς
1627 750 1673 802 το
1699 753 1912 814 χωνευτή-

325 851 418 896 ριον,
462 830 511 880 εὖ
561 830 695 894 μάλα
744 828 1111 902 ὃοκιμοιζόμενοι,
1156 832 1278 884 καθὰ
1327 835 1402 884 καὶ
1447 832 1586 886 αὐτὸς
1632 834 1657 883 ὁ
1701 831 1916 898 Χριστὸς

326 905 594 978 ἐδοκιμάσθη
640 911 754 979 ὑπὲρ
796 913 939 977 ἡμῶν.
1006 913 1141 964 ἔσται
1180 913 1273 980 γὰρ
1317 914 1449 977 ἡμῶν
1494 915 1576 964 οὐκ
1620 912 1843 978 ἀζήτητος
1888 914 1916 977 ἦ

324 989 484 1044 πίστις
507 992 638 1058 παρά
661 1016 715 1057 γε
740 998 807 1062 τῷ
831 993 988 1045 πάντα
1014 993 1151 1045 εἰδότι
1178 998 1299 1064 Θεῷ·
1340 997 1443 1045 οὔτε
1469 994 1563 1059 μὴν
1587 993 1915 1056 ἀβασάνιστος
1939 1015 1986 1040 10

102 1073 215 1154 {591³}-
279 1071 351 1119 bc‘)
392 1072 509 1132 βίος·
566 1075 675 1125 ἀλλ’
721 1072 749 1143 ᾗ
796 1080 948 1142 φησιν
990 1077 1014 1126 ὁ
1063 1074 1289 1142 μακάριος
1336 1080 1557 1139 Παῦλος-θ
1574 1084 1600 1106 “
1617 1075 1820 1126 ἑκάστου
1860 1076 1915 1127 τὸ

326 1159 352 1182 “
377 1152 517 1219 ἔργον
555 1155 716 1207 ὁποῖόν
755 1158 858 1208 ἐστι
902 1157 956 1208 τὸ
999 1163 1094 1223 πῦρ
1139 1157 1251 1209 αὐτὸ
1297 1158 1586 1221 δοκιμάσει.”
1652 1157 1915 1222 γέγραπται

103 1232 188 1263 Mal.
207 1233 251 1263 iii.

106 1283 166 1316 1-3
326 1233 373 1284 δὲ
418 1238 492 1286 καὶ
536 1239 640 1304 περὶ
692 1241 910 1305 Χριστοῦ
958 1239 1029 1289 ὅτι
1076 1239 1380 1308 ίίἘξαίφνης
1425 1239 1525 1307 ἥξει
1569 1242 1631 1293 εἰς
1675 1236 1758 1289 τὸν
1802 1238 1915 1289 ναὸν

326 1322 352 1344 “
378 1317 520 1368 αὐτοῦ
551 1318 724 1384 Κύριος
750 1319 803 1370 ὃν
831 1321 955 1383 ὑμεῖς
982 1319 1168 1385 ζητεῖτε,
1196 1323 1270 1371 καὶ
1299 1322 1323 1371 ὁ
1351 1322 1557 1386 ἄγγελος
1584 1323 1666 1384 τῆς
1693 1319 1914 1384 διαθήκης

325 1403 352 1426 “
380 1396 434 1448 ὃν
460 1400 585 1461 ὑμεῖς
619 1400 793 1452 θέλετε·
837 1400 936 1452 ἰδοῦ
968 1402 1164 1468 ἔρχεται,
1197 1402 1324 1466 λε’γει
1354 1402 1526 1467 Κύριος
1551 1400 1909 1467 παντοκράτωρ.
1936 1418 1982 1456 15

325 1485 352 1508 “
378 1482 454 1530 καὶ
492 1481 561 1534 τίς
601 1483 822 1545 ὑπομενεῖ
861 1483 1036 1549 ἡμέραν
1071 1482 1259 1534 εἰσόδου
1298 1485 1473 1545 αὐτοῦ;
1523 1483 1551 1548 ὴ
1587 1484 1655 1536 τίς
1695 1483 1909 1547 ὑποστή-

324 1567 351 1589 “
375 1583 511 1612 σεται
546 1564 594 1613 ἐν
623 1567 682 1630 τῇ
716 1565 926 1632 ὀπτασίᾳ
961 1566 1132 1626 αὐτοῦ;
1179 1564 1293 1615 διότι
1330 1564 1467 1619 αὐτὸς
1500 1564 1818 1630 εἰσπορεύεται
1850 1567 1911 1618 ὡς

325 1648 351 1671 “
376 1647 470 1708 πῦρ
514 1645 825 1710 χωνευτηρίου
867 1648 941 1696 καὶ
987 1648 1048 1699 ὡς
1093 1645 1188 1697 πόα
1232 1645 1523 1708 πλυνόντων,
1569 1648 1643 1697 καὶ
1689 1650 1911 1696 καθιεῖται

323 1730 350 1752 “
376 1724 592 1790 χωνεύων
648 1728 723 1776 καὶ
785 1727 1044 1793 καθαρίζων
1100 1729 1161 1780 ὡς
1219 1727 1273 1778 τὸ
1334 1728 1557 1793 ἀργύριον
1613 1729 1687 1777 καὶ
1744 1730 1806 1780 ὡς
1856 1727 1911 1778 τὸ

324 1811 351 1834 “
375 1806 615 1871 χρυσίον.”
681 1806 865 1875 ψάλλει
911 1809 966 1858 δέ
1004 1831 1096 1859 που
1142 1811 1216 1859 καὶ
1261 1811 1286 1859 ὁ
1325 1808 1577 1862 θεσπέσιος
1622 1811 1809 1871 Δαυεὶδ,
1849 1811 1909 1862 ὡς
1932 1828 1981 1853 20

285 1887 372 1936 Οέκ
411 1887 674 1952 προσώπου
714 1888 890 1942 παντὸς
936 1895 1018 1939 τοῦ
1063 1890 1409 1943 πιστεύσαντος
1455 1893 1516 1943 εἷς
1560 1889 1791 1955 Χριστὸν,
1834 1892 1910 1940 καὶ

100 1973 247 2007 PS·XXV·
323 1967 409 2033 ζῆν
460 1969 702 2021 ἐθέλοντος
757 1971 1072 2036 εὐαγγελικῶς
1123 1969 1448 2034 ιζΔοκίμασόν
1496 1994 1570 2033 με,
1626 1970 1784 2036 Κύριε,
1835 1973 1910 2020 καὶ

324 2056 350 2078 “
375 2049 604 2115 πείρασόν
638 2073 709 2112 με,
742 2050 969 2117 πύρωσον
995 2052 1100 2105 τοὺς
1137 2052 1334 2119 νεφρούς
1367 2075 1457 2115 μου
1493 2055 1567 2102 καὶ
1599 2051 1685 2115 τὴν
1717 2053 1911 2118 καρδίαν

324 2138 350 2160 “
375 2129 511 2193 μου.”
575 2131 705 2195 πλὴν
745 2132 815 2182 ὅτι
856 2133 902 2183 το
948 2137 1213 2202 χωνευτιςῖριον
1253 2136 1300 2184 ἐν
1342 2136 1447 2202 οἴκῳ
1488 2136 1648 2202 Κυρίου,
1693 2136 1843 2201 φησὶν
1883 2134 1909 2184 ὃ

324 2212 599 2280 Προφήτης.
647 2210 880 2283 δοκιμάζει
904 2213 997 2279 γὰρ
1023 2213 1336 2279 ἡἘκκλησιά
1362 2219 1579 2281 Χριστοῦ
1605 2214 1687 2265 τὸν
1707 2214 1909 2266 ἑκάστου
1930 2233 1978 2272 25

98 2302 215 2376 >¹55⁰ss
322 2292 499 2360 τρόπον
532 2296 608 2344 καὶ
642 2297 725 2358 τῆς
760 2299 821 2349 εἰς
860 2295 1076 2360 Χριστὸν
1107 2295 1294 2360 ἀγάπης
1329 2295 1382 2345 τὸ
1415 2295 1627 2360 γνήσιον,
1659 2298 1734 2346 καὶ
1767 2302 1794 2326 “
1811 2298 1909 2347 δια-

322 2383 349 2404 “
376 2376 551 2442 κρίσεις
601 2375 779 2442 ἔχουσα
822 2376 1141 2439 πνευμάτων,”
1185 2375 1306 2427 οἶδεν
1350 2379 1568 2443 ἀκριβῶς,
1613 2378 1682 2430 τίς
1733 2376 1818 2439 μὲν
1859 2379 1908 2427 ἐν

100 2463 150 2494 Ib.
191 2487 197 2495 ·
321 2456 379 2506 ‘A
419 2458 470 2506 ίω
519 2458 758 2507 Πνεύιατι
812 2463 955 2507 λαλε”
1003 2458 1075 2508 Κύ
1109 2481 1177 2508 ιον
1225 2460 1305 2508 ὀνο
1345 2458 1374 2508 ά
1400 2482 1464 2508 ων
1501 2460 1537 2508 Ἰ
1573 2463 1692 2508 σοῦν
1748 2459 1798 2508 τί
1860 2457 1908 2508 δὲ

167 2473 185 2503 ³
384 2479 455 2525 γ.
647 2481 662 2519 ι
936 2482 950 2508 ι
1076 2482 1104 2524 ρ
1308 2482 1341 2520 μ
1376 2459 1411 2524 ζ
1542 2481 1569 2522 η
1693 2499 1704 2519 ‚
1795 2480 1817 2510 ς

321 2536 378 2602 δὴ
428 2539 502 2588 καὶ
553 2539 602 2588 ἐν
646 2538 952 2604 Βεελζεβοῦλ,
999 2538 1208 2602 ἀνάθεμα
1258 2540 1413 2604 λέγων
1454 2538 1611 2589 αὐτόν·
1670 2540 1744 2588 καὶ
1787 2538 1907 2592 τίνες

369 2712 402 2736 2.
435 2701 524 2747 αὐτῷ
560 2701 601 2735 C.
636 2702 738 2735 αὐτοῦ
772 2702 864 2736 Edd.
961 2702 1130 2747 ἀργυροῦς
1164 2701 1204 2735 C.
1238 2703 1419 2747 ἅργυρίους
1451 2702 1510 2736 iid.
1612 2701 1825 2745 βδελλυρώτ.
1862 2702 1903 2738 C.

323 2759 353 2788 5.
380 2748 573 2792 ἀλητηρίοις
591 2748 631 2781 C.
696 2748 995 2792 προεκομίσθησαν
1015 2749 1055 2782 B.
1074 2748 1188 2782 invitis
1208 2748 1300 2783 C.D.
1466 2748 1499 2782 6.
1524 2748 1612 2793 αὐτῷ
1634 2747 1673 2781 C.
1691 2748 1793 2780 αὐτοῦ
1812 2748 1903 2784 Edd.

322 2803 354 2837 7.
381 2794 523 2839 ἀργυροῖ
541 2794 582 2828 C.
600 2794 753 2839 ἀργυρίοι
771 2795 830 2829 iid.
882 2795 1007 2828 Statim
1026 2793 1057 2828 οἳ
1075 2807 1146 2828 om.
1166 2794 1206 2828 C.
1464 2795 1497 2828 8.
1524 2794 1607 2827 καθὰ
1627 2792 1667 2827 C.
1685 2794 1793 2828 καθὼς
1812 2794 1903 2830 Edd.

325 2850 377 2873 12.
403 2841 484 2874 αὐτὸ
502 2841 648 2874 accessit
664 2852 705 2874 ex
725 2840 766 2874 C.
928 2852 980 2882 14.
1007 2840 1129 2884 Κύριος
1146 2846 1367 2884 assumptum
1385 2851 1425 2873 ex
1447 2839 1487 2873 C.
1658 2840 1708 2874 18.
1735 2841 1787 2873 καὶ
1806 2841 1902 2884 prius

322 2892 542 2929 assumptum
560 2898 601 2920 ex
622 2886 662 2920 C.
713 2886 837 2921 Statim
857 2887 892 2921 ἐν
909 2899 972 2931 pro
989 2887 1032 2921 ὡς
1052 2887 1093 2920 Β.
1158 2901 1237 2920 ποια
1257 2887 1297 2920 C.
1316 2886 1428 2929 (Vat.)
1786 2895 1840 2931 27.
1867 2887 1903 2921 ἐν

322 2937 542 2976 assumptum
561 2944 602 2966 ex
622 2932 700 2967 C.b.
908 2934 963 2967 28.
989 2935 1089 2966 λαλεῖ
1106 2931 1275 2976 Πνεύματι
1294 2933 1430 2966 inverso
1447 2930 1567 2965 ordine
1585 2931 1617 2965 b.
