2053 3382
326 172 410 212 594
717 175 768 214 B.
811 173 1085 215 CYRILLI
1137 175 1523 217 ALEXANDR.
1786 175 1845 217 iii.
1873 188 1907 216 1.

324 288 352 311 “
377 305 469 333 σου
506 285 581 334 καὶ
619 283 936 349 ἀμετανόητον
975 286 1168 352 καρδίαν
1207 286 1500 352 θησαυρίζεις
1537 289 1723 355 σεαυτῷ
1761 285 1910 351 ὀργὴν

323 370 350 394 “
377 365 425 414 ἐν
467 365 612 433 ἡμέρᾳ
650 366 795 432 ὀργῆς
835 368 910 417 καὶ
949 367 1299 436 ἀποκαλύψεως
1338 369 1413 418 καὶ
1453 367 1788 433 δικαιοκρισίας
1825 372 1909 418 τοῦ

324 453 350 475 “
377 445 547 496 Θεοῦ.”
599 448 765 497 οὐκοῦν
803 448 1159 514 προσκρούουσι
1197 448 1282 512 μὲν
1320 449 1474 513 πάντη
1519 471 1568 500 τε
1607 451 1682 499 καὶ
1720 447 1909 502 πάντως

322 530 363 577 οἱ
389 532 488 580 ταῖς
515 529 636 579 οὕτω
662 531 871 597 ψυχραῖς
903 530 1240 598 ὀλιγοψυχίαις
1276 530 1531 594 ἡττώμενοι
1566 532 1640 581 καὶ
1675 530 1908 598 ἀχάλινον

320 610 394 658 ἐπὶ
430 612 538 677 Θεῷ
573 608 659 674 τὴν
688 615 910 676 γλῶτταν
943 612 1139 673 ἀνέντες,
1177 611 1327 680 ἔνοχοι
1368 612 1416 663 δὲ
1453 613 1780 677 πλημμελείας
1818 610 1947 670 εἶεν5

320 688 377 740 ἂν
403 694 445 741 οἱ
469 693 551 755 τῆς
579 692 845 759 ἀῤῥωστιάς
870 694 1026 748 αὐτοῖς
1052 693 1256 749 διδόντες
1281 694 1365 748 τὰς
1391 694 1628 763 ἀφορμάς.

393 770 502 838 Χρὴ
542 774 623 824 οὖν
656 774 746 840 ἄρα
782 776 947 842 διαζῆν
975 777 1118 842 ἁγίως
1155 778 1229 827 καὶ
1265 778 1537 842 ὀρθοποδεῖν
1563 777 1611 826 ἐν
1635 777 1904 844 Ἐκκλησία

277 876 298 903 e
318 853 425 907 τοὺς
460 854 747 910 ἀπολέκτους
784 856 1064 923 ἱερουργοὺς,
1093 858 1194 922 ἤτοι
1218 858 1324 913 τοὺς
1350 857 1661 922 κεκλημένους
1687 861 1748 911 εἶς
1776 861 1903 924 ἱερω-

317 936 485 1001 σύνην.
540 937 728 989 ε”σονται
767 938 863 1005 γὰρ
901 942 1048 994 οὕτως
1087 943 1149 994 εἷς
1187 941 1494 992 ὑποτύπωσιν
1533 939 1782 1003 εὐκοσμίας
1826 941 1902 990 καὶ

317 1018 509 1083 ἁπάσης
544 1021 710 1085 ἀρετῆς
744 1025 840 1074 τοῖς
874 1021 964 1072 ὑπὸ
1003 1026 1135 1089 χεῖρα
1174 1027 1321 1085 λαοῖς,
1355 1021 1397 1072 οἳ
1435 1023 1511 1072 καὶ
1543 1020 1626 1072 τὸν
1651 1025 1746 1071 τῶν
1775 1019 1902 1072 ὅλων
1926 1045 1973 1071 10

316 1103 709 1167 καταγεραίρουσι
737 1101 878 1165 Θεὸν,
906 1106 989 1167 τῆς
1019 1108 1115 1154 τῶν
1143 1104 1297 1170 ἱερέων
1322 1105 1563 1157 πολιτείας
1589 1101 1643 1154 τὸ
1678 1101 1903 1168 λαμπρὸν

315 1185 391 1233 καὶ
429 1183 667 1252 ἐξαίρετον
705 1185 1048 1249 καταθεώμενοι
1087 1185 1281 1239 κάλλος.
1344 1188 1418 1237 καὶ
1456 1190 1595 1236 τοῦτο
1633 1182 1764 1246 οἶμαί
1797 1185 1901 1235 ἐστι

89 1280 251 1311 sMatth.
313 1262 368 1315 τὸ
395 1264 471 1315 διὰ
497 1268 579 1329 τῆς
605 1271 689 1317 τοῦ
715 1269 935 1333 Σωτῆρος
963 1271 1122 1337 φωνῆς
1149 1269 1300 1334 ὀρθῶς
1334 1267 1572 1334 εἰρημένον
1598 1274 1625 1296 “
1643 1266 1900 1335 Λαμψοίτω

89 1333 119 1354 v.
142 1323 190 1355 ιδ’
313 1353 341 1375 “
366 1346 421 1397 τὸ
456 1351 559 1414 φῶς
595 1349 723 1410 ὑμῶν
757 1348 1028 1415 ἔμπροσθεν
1059 1355 1154 1402 τῶν
1184 1350 1466 1417 ἀνθρώπων,
1507 1349 1632 1403 ὅπως
1668 1349 1804 1400 ’ίδωσι
1840 1347 1900 1399 τὰ

313 1435 340 1458 “
366 1428 493 1479 καλὰ
536 1428 651 1495 ἔργα
698 1431 839 1493 ὑμῶν,
884 1433 959 1481 καὶ
1004 1432 1252 1500 δοξάσωσι
1291 1431 1374 1483 τὸν
1415 1430 1604 1497 Πατέρα
1649 1432 1778 1494 ὑμῶν
1815 1428 1898 1481 τὸν
1920 1453 1968 1493 15

90 1517 177 1552 849
196 1517 247 1552 A·
273 1517 340 1552 ἃς(
366 1512 414 1561 ἐν
443 1515 538 1564 τοῖς
574 1512 831 1577 οὐρανοῖς.”
881 1512 1044 1579 ὥσπερ
1076 1513 1168 1580 γὰρ
1209 1512 1602 1579 σκανδαλίζονται
1643 1514 1768 1574 λαοὶ,
1810 1512 1899 1579 ζῆν

311 1592 547 1656 ἑλομένων
581 1592 786 1646 ἐκτόπως
825 1598 920 1644 τῶν
955 1597 1219 1661 ἱερουργῶν·
1261 1597 1382 1646 οὕτω
1417 1596 1651 1658 πλείστην
1687 1617 1736 1645 τε
1776 1594 1898 1658 ὅσην

308 1676 384 1725 καὶ
445 1675 556 1724 λίαν
617 1675 876 1743 ἀμφιλαφῆ
938 1678 1213 1741 κερδανοῦσι
1276 1675 1362 1739 τὴν
1416 1675 1595 1739 ὄνησιν,
1646 1679 1683 1726 εἰ
1746 1674 1897 1740 δήπου

308 1756 561 1806 θεάσαιντο
605 1761 906 1822 πληροῦντας
949 1756 1003 1807 τὸ
1057 1757 1252 1823 ἀγαθὸν,
1306 1760 1381 1808 καὶ
1433 1757 1597 1823 διαζῆν
1639 1757 1896 1826 ᾑρημένους

309 1839 371 1892 ὡς
409 1838 596 1905 ἀρέσκει
636 1841 757 1907 Θεῷ.
1915 1859 1965 1887 20

86 2053 188 2104 Κεφ.
211 2051 262 2105 γ’.
301 2056 414 2099 Ἰδοὺ
452 2056 538 2104 {nb
574 2056 881 2100 ἐξαποστέλλω
918 2056 1097 2106 ἅΓΓελόν
1128 2071 1222 2107 μου,
1258 2057 1325 2099 καὶ
1363 2058 1642 2108 ἑπιβλέψεται
1678 2056 1779 2101 ὁδὸν
1810 2057 1893 2114 πρὸ

261 2143 287 2184 b
373 2139 609 2197 Προσώπου
643 2155 738 2192 μου,
773 2140 841 2182 καί
875 2140 1084 2197 ἑξαίφνΗς
1120 2142 1211 2183 ἥξει
1248 2139 1308 2181 εἰς
1342 2141 1416 2184 τὸν
1444 2140 1547 2182 ναὸν
1578 2140 1707 2182 αὐτοῦ
1745 2139 1893 2198 Κύριος

371 2224 418 2265 ὃν
471 2221 586 2271 ὑμεῖς
637 2220 810 2282 ζητεῖτε,
863 2224 931 2265 καὶ
985 2225 1007 2267 ὁ
1058 2224 1236 2272 ἆΓΓελος
1290 2228 1363 2265 τῆς
1417 2223 1624 2265 διαθήκης
1674 2224 1723 2266 ὃν
1774 2220 1892 2272 ὑμεῖς

373 2306 534 2348 Θέλετε.

379 2448 673 2499 Φασκόντων
712 2449 896 2499 ἐκείνων
927 2451 1032 2499 Ποῦ
1072 2450 1203 2499 ἐστιν
1238 2449 1263 2499 ὁ
1297 2448 1418 2502 Θεὸς
1458 2451 1540 2513 τῆς
1581 2447 1889 2513 δικαιοσύνης,
1911 2471 1959 2511 25

303 2528 580 2597 εὐαφόρμως
620 2530 730 2580 λίαν
764 2530 838 2581 ἐπὶ
873 2530 927 2581 τὸ
967 2533 1184 2596 Χριστοῦ
1223 2529 1485 2596 μυστήριον
1519 2532 1544 2581 ὁ
1585 2533 1667 2595 τῆς
1706 2552 1891 2596 προκει-

349 2703 382 2737 3.
407 2693 691 2737 προσκροὺσουσι
712 2693 845 2738 Migne.
958 2706 991 2737 4.
1017 2693 1263 2740 ὀλιγοψυχίαις
1280 2700 1504 2740 assumptum
1522 2705 1564 2728 ex
1583 2693 1625 2728 B.
1739 2702 1770 2739 7.
1797 2694 1887 2740 Χρὴ]

307 2742 342 2777 -ὶ-
365 2740 405 2781 δὴ
426 2739 517 2773 Edd.
787 2751 838 2785 13.
865 2740 974 2785 ὀρθῶς
991 2753 1061 2775 orn.
1082 2741 1124 2775 Β.
1397 2752 1449 2786 17.
1477 2739 1707 2786 ἱερουργῶν]
1698 2741 1812 2783 ιερέων
1828 2742 1888 2776 iid.

306 2795 359 2828 10.
385 2786 582 2831 θεάσαιντο]
603 2786 780 2821 &ninom-ro
800 2787 901 2821 Pont.
920 2787 1079 2821 θεάσοιτο
1098 2787 1288 2822 Aubertus.
1353 2786 1588 2832 ῃρημένους]’
1574 2787 1777 2832 ηγουμένους
1796 2787 1887 2822 Edd.

304 2841 357 2864 20.
384 2832 538 2878 ἀρέσκει]
558 2833 689 2866 ἁνδάνει
707 2833 766 2868 iid.
922 2844 978 2868 21.
1004 2834 1253 2877 ἐξαποστέλλω
1274 2834 1314 2868 Β.
1334 2834 1555 2877 ἐξαποστελῶ
1575 2834 1611 2867 F.
1631 2833 1702 2877 (26.
1721 2833 1886 2878 81.)ἀπο-

303 2880 416 2911 στελῶ
438 2879 525 2912 Edd.
545 2879 580 2913 cf
596 2880 695 2914 infra.
869 2890 925 2915 22.
950 2880 1052 2914 αυτοῦ
1073 2880 1114 2914 Β.
1132 2880 1252 2925 (Alex.
1272 2880 1343 2915 XII
1364 2880 1457 2926 mg.)
1476 2880 1518 2914 de
1535 2879 1644 2914 Ador.
1663 2879 1748 2914 603.
1768 2881 1886 2914 ἑαυτοῦ

304 2922 395 2956 Edd.
417 2925 510 2963 (Vat.
532 2928 580 2959 N).
951 2926 1047 2962 Haec
1065 2926 1527 2971 Φασκόντων-δικαιοσύνης
1544 2933 1764 2961 accesserunt
1782 2938 1823 2961 ex
1844 2926 1887 2962 B.

304 2968 357 3001 26.
385 2971 460 3003 λίαν
478 2983 546 3004 om.
572 2971 608 3005 Β.
677 2970 730 3017 τὸ]
756 2976 786 3013 4
813 2975 872 3007 ros
867 2937 981 3008 ²hdd.
