1997 3361
121 152 164 193 ii.
193 167 348 204 10,11.
490 160 562 201 IN
607 163 1023 209 SOPHONIAM.
1086 170 1237 211 TOM.
1274 171 1307 211 I.
1613 176 1686 213 201

119 264 418 320 διασκιδνᾶσι
451 281 707 341 πανταχοῦ,
733 282 827 330 τοῖς
860 279 1214 344 ῥαγδαιοτάτοις
1248 283 1294 331 ἐν
1333 281 1423 351 ἴσῳ
1459 281 1695 344 πνεύμασι

117 351 527 410 κατεμπιπτόντες.
593 356 662 406 ὅτι
695 357 742 408 δὲ
779 360 865 427 οὐχ
899 362 1055 428 ἑτέρου
1078 386 1159 413 του
1184 368 1386 426 μᾶλλον,
1413 363 1524 414 ἀλλ’
1552 366 1693 414 αὐτοῦ

115 435 198 479 τοῦ
221 434 509 489 πεπονθότος
540 440 614 488 καὶ
640 441 974 497 ὀνειδισθέντος
1002 451 1121 495 λαοῦ
1147 445 1206 495 τὰ
1230 445 1391 496 ποιάδε
1419 451 1512 496 τῶν
1538 451 1692 497 κακῶν

114 511 406 579 κατόρθωσις
437 519 568 570 ἔσται
595 521 713 572 κατὰ
745 523 941 589 καιροὺς,
971 528 1245 595 ὑπεμφαίνει
1272 528 1426 593 λέγων
1452 534 1511 579 Οἱ
1541 529 1689 580 κειται-

114 606 264 646 λοιπσι
306 600 379 648 τοῦ
420 603 535 652 λαιοῦ
576 628 661 670 μου
706 602 972 674 ἀισιρπῶντοιι
1012 609 1167 664 αὐτοὺς
1214 618 1290 661 καὶ
1335 617 1369 661 οἱ
1418 610 1689 662 κατάλοιποι
1712 627 1736 665 b

71 610 93 647 <51

114 674 244 733 ἔθνους
293 703 378 747 μου
435 688 938 755 κατακληρονομήσουσιν
990 691 1159 745 αὐτούς.
1242 695 1557 747 aureamin-ovs*
1597 693 1691 760 γὰρ

113 756 258 822 ἔθνους,
294 763 355 815 ὡς
393 764 482 828 ἤδη
518 773 754 832 προεῖπον,
794 769 900 824 τοῦς
937 773 987 822 ἐκ
1025 776 1107 836 τῆς
1145 776 1473 841 αἰχμαλωσίας
1512 777 1685 827 ἀνασε-

110 842 387 905 σωσμένους
431 848 670 912 ἀποκαλεῖ,
715 851 757 902 οἳ
798 854 1111 920 κεκρατήκασι
1152 860 1246 906 τῶν
1287 858 1444 920 ἐθνῶν,
1491 861 1566 908 καὶ
1606 858 1690 913 τὰς

108 927 202 973 τῶν
228 927 524 995 ἀλλοφύλων
549 931 734 987 ἑλόντες
760 933 935 994 πόλεις,
962 940 1024 990 εἰς
1058 938 1251 1003 ἐρημίαν
1286 938 1428 992 αὐτὰς
1462 940 1690 1006 κατέστη-

23 1014 89 1056 ἰο
108 1027 203 1056 σαν
227 1013 451 1074 παντελῆ.

172 1086 330 1142 Οταν
366 1115 521 1144 τοινυν
554 1099 849 1161 οἰκονομικῶς
885 1100 910 1149 ὁ
944 1123 1039 1150 των
1076 1100 1203 1152 ὅλων
1242 1101 1363 1156 Θεος
1402 1105 1688 1173 διαγυμνάζῃ

105 1167 191 1233 τὴν
215 1172 572 1239 ΜΕκκλησιαν,
549 1202 578 1241 η
614 1180 803 1248 θλιψεις
840 1180 1041 1247 ἐπαγων,
1071 1182 1097 1247 ὴ
1126 1183 1355 1249 διωγμοὺς
1393 1185 1686 1250 πράττεσθαι

105 1261 384 1322 συγχωρῶν,
436 1259 757 1326 επιφνομενων
805 1263 922 1330 αὐτῇ
973 1269 1067 1315 τῶν
1117 1267 1387 1333 ἐχθρῶν,η
1432 1268 1685 1332 Ελληνων

104 1338 259 1406 τυχὸν,
309 1340 337 1406 ἢ
388 1344 592 1395 ἀνοσίων
642 1350 892 1412 αἱρετικῶν,
945 1350 1282 1413 καταμειδιάτω
1334 1355 1505 1452 μηδεὶς,
1547 1377 1677 1420 περι·
1703 1379 1724 1405 ο

38 1440 83 1478 15
103 1421 275 1482 μενέτω
314 1422 362 1473 δε
401 1429 591 1487 μᾶλλον
632 1433 714 1479 τοῦ
753 1452 929 1484 παντος
967 1433 1148 1497 ἀγῶνος
1191 1456 1244 1484 το
1282 1457 1441 1500 περας.
1510 1438 1551 1485 οὶ
1589 1435 1683 1502 γὰρ

101 1502 259 1554 πλατυ
309 1510 539 1570 γελῶντες
590 1508 696 1560 εσθ’
744 1510 832 1574 ὅτε,
877 1535 953 1564 και
1000 1518 1250 1584 μονονουχὶ
1301 1516 1682 1583 κατονειδίζοντες

100 1607 183 1635 τον
223 1586 451 1652 Χριστὸν,
494 1592 554 1644 ὡς
599 1597 692 1642 τῶν
737 1594 863 1645 Ξδιων
904 1597 958 1646 οὐ
1007 1598 1375 1664 προασπιζοντα,
1412 1623 1572 1665 ηγουν,
1619 1603 1682 1655 ὡς

99 1669 286 1734 οἴονται,
330 1676 405 1724 καὶ
447 1676 737 1728 ἀσθενοῦντα
784 1702 901 1745 προς
945 1687 1097 1744 τοῦτο,
1139 1682 1197 1732 τὰ
1249 1681 1510 1752 Σοαομιτῶν
1560 1687 1675 1736 ὑπο-

98 1759 291 1815 μενοῦσι
334 1754 476 1821 πάθη,
519 1759 593 1808 καὶ
632 1759 778 1826 πυρὸς
821 1760 1009 1813 ἔσονται
1049 1763 1218 1833 τροφὴ,
1263 1769 1337 1816 καὶ
1378 1767 1496 1833 πρός
1534 1790 1587 1832 γε
1624 1767 1680 1832 δὴ

31 1859 80 1883 20
97 1834 288 1899 τούτοις,
316 1837 394 1892 οῦς
418 1840 649 1904 ἡττῆσθαι
674 1845 956 1907 νενομίκασι,
984 1853 1269 1912 κρατοῦντας
1295 1848 1594 1914 εὑρήσουσιν.

93 2076 203 2117 ΑὕτΗ
235 2075 378 2119 αὐτοῖς
420 2080 513 2122 ἀντὶ
555 2087 627 2123 τῆς
668 2085 829 2140 ὕβρεως
868 2086 1022 2138 αὐτῶν,
1061 2087 1167 2130 διότι
1206 2089 1430 2131 ὡνείὸισαν
1471 2090 1537 2130 καὶ
1575 2091 1671 2138 ἐμε-
1697 2108 1741 2132 10

159 2162 423 2206 ΓαλύνθΗσαν
465 2164 534 2204 ἐπὶ
582 2165 655 2206 τὸν
707 2166 854 2224 Κύριον
904 2170 976 2212 τὸν
1034 2174 1376 2228 Παντοκράτοροι.
1454 2175 1668 2229 ἐπιφανὴς
1695 2192 1737 2216 11

159 2243 276 2284 ἔσται
317 2244 462 2301 Κύριος
498 2247 558 2287 ἐπ’
593 2249 758 2300 αὐτοὺς,
787 2251 854 2291 καὶ
891 2251 1190 2310 ἑξολοθρεύσει
1225 2256 1388 2295 Πάντας
1420 2256 1516 2296 τοὺς
1545 2257 1666 2297 θεοὺς
1688 2256 1714 2296 d

158 2327 244 2367 τῶν
271 2327 406 2370 ἐθνῶν
432 2332 507 2371 τιῖις
534 2334 619 2377 Γιῖε.

24 2462 71 2498 25
163 2445 292 2509 Αὕτη,
319 2450 482 2516 φησὶν,
519 2454 663 2505 αὐτοῖς
694 2451 722 2514 ἡ
755 2455 881 2518 μερὶς
920 2458 994 2504 καὶ
1034 2455 1165 2508 οὗτος
1205 2458 1229 2506 ὁ
1269 2459 1456 2522 κλῆρος.
1518 2481 1668 2508 πεπα-

87 2526 326 2595 ρῳνήκασι
364 2529 456 2596 γὰρ
490 2534 564 2582 καὶ
603 2534 701 2583 κατ’
739 2534 879 2597 αὐτῆς
920 2537 1002 2598 τῆς
1042 2537 1308 2604 ἀπορῥήτου
1347 2539 1501 2607 δόξης,
1545 2542 1663 2590 ἀθυ-

87 2616 428 2673 ροστομοῦντες
477 2616 518 2663 οἱ
563 2614 755 2666 δείλαιοι
800 2619 874 2667 καὶ
914 2620 1256 2686 παλιμφήμους
1301 2620 1438 2674 ἱέντες
1489 2621 1663 2689 φωνὰς,

135 2791 166 2814 2.
193 2787 485 2827 κατεμπιπτόντων
503 2787 594 2822 Edd.
655 2789 695 2832 δὴ
714 2801 775 2834 pro
794 2791 828 2824 δὲ
847 2790 905 2825 iid.
972 2794 1070 2826 τοῦτο
1089 2805 1150 2837 pro
1169 2808 1228 2828 του
1245 2794 1304 2828 iid.
1519 2811 1551 2840 4.
1579 2799 1662 2833 ἀπο-

87 2827 200 2870 φαίνει
216 2829 275 2864 iid.
627 2845 659 2878 5.
686 2839 745 2870 τοῦ
763 2848 831 2870 om.
849 2837 890 2870 B.
1253 2851 1283 2886 7.
1310 2843 1551 2886 σεσωσμένους
1569 2846 1661 2880 Edd.

92 2884 143 2917 13.
169 2873 187 2917 ἢ
205 2884 426 2922 assumptum
444 2892 484 2914 ex
504 2880 545 2915 B.
764 2893 816 2927 15.
842 2884 992 2929 μᾶλλον]
1011 2886 1114 2920 πάλιν
1132 2886 1490 2924 Edd.18.
1518 2891 1659 2938 οἴονται]

89 2920 146 2953 οὐκ
164 2923 270 2956 οἷόντε
288 2923 347 2958 iid.
502 2938 672 2973 23—202.
692 2942 725 2971 4.
752 2930 807 2964 Ab
825 2930 946 2967 αὐτους
963 2931 1005 2965 ad
1023 2933 1143 2968 αὐτοὺς
1160 2934 1309 2968 transilit
1329 2935 1369 2969 Β.
1528 2939 1581 2973 26.
1610 2942 1662 2974 καὶ

89 2972 122 2999 et
138 2968 195 3009 τῆς
212 2978 390 3015 assumpta
408 2984 447 3006 ex
468 2974 513 3008 D
573 2975 886 3020 ἅθυροστομοῦντες
904 2984 937 3012 et
955 2980 1006 3013 καὶ
1023 2994 1059 3014 π.
1081 2981 1182 3016 ἱέντες
1200 2982 1315 3026 φωνὰς
1332 2994 1401 3017 Om.
1418 2983 1465 3021 D.

146 3034 306 3063 VOL.[1.
822 3044 848 3071 D
871 3031 895 3071 d
