2053 3382
315 159 401 199 412
706 161 757 201 B.
801 160 1079 201 CYRILLI
1131 161 1518 202 ALEXANDR.
1786 158 1840 198 ix.
1867 156 1905 195 8.

315 265 455 322 αὐτὸς
499 269 524 318 ὁ
574 267 787 322 κάτοικος
837 273 932 319 τῶν
975 270 1324 335 Ἰεροσολύμων
1364 267 1496 323 λαός.
1562 269 1771 319 ἐκαλεῖτο
1812 264 1906 331 γὰρ

316 348 632 415 Ἰερουσαλὴμ
657 350 834 410 Ἰεβοῦς
872 352 920 401 ἐν
959 352 1140 419 ἀρχαῖς·
1184 352 1351 403 οὐκοῦν
1381 351 1671 411 Ἰεβουσαῖος
1710 349 1734 398 ὁ
1759 348 1904 412 Ἱερο-

272 431 578 494 ϋσολυμίτης
617 430 778 482 ἐνθάδε
819 437 1003 484 νοεῖται.
1070 435 1248 485 πολλοὶ
1283 433 1332 484 δὲ
1371 436 1627 501 χιλίαρχοι,
1665 430 1909 482 τουτέστιν

315 511 537 577 ἡγεμόνες
576 514 651 563 καὶ
696 513 1042 579 προεστηκότες
1083 519 1228 578 λαῶν,
1274 517 1349 566 καὶ
1392 514 1449 584 ἐξ
1483 516 1630 566 ἐθνῶν
1667 510 1909 579 γεγόνασι,

313 596 391 645 καὶ
426 599 508 645 νῦν
543 598 663 646 εἰσιν
701 595 790 646 ἀνὰ
827 601 992 648 πᾶσαν
1030 597 1116 662 τὴν
1155 598 1441 662 οἰκουμένην.
1509 595 1564 648 τὸ
1603 595 1652 648 δὲ
1691 597 1728 647 ἐν
1764 589 1950 663 Ἰούδας,

314 676 501 740 νοήσεις
541 678 617 728 ἐπὶ
656 676 764 732 τοὺς
809 682 951 729 αἰνεῖν
990 680 1223 744 εἰωθότας,
1264 681 1508 731 τουτέστιν
1548 679 1670 743 ἡμᾶς
1714 675 1822 730 τοὺς
1862 675 1910 724 ἐν

313 759 472 811 πίστει
512 760 836 824 κεκλημένους,
864 760 907 812 οἳ
943 767 1214 830 στεφανοῦν
1253 763 1497 825 εἰθίσμεθα
1531 766 1630 813 ταῖς
1662 755 1906 821 ἀκαταλή-

314 864 439 896 κτοις
465 842 769 911 δοξολογίαις
795 842 878 895 τὸν
904 844 1168 909 κεκληκότα
1193 843 1424 912 Χριστόν.

273 1087 295 1123 g
319 1069 393 1113 Καὶ
432 1072 731 1122 ὑποστήσομαι
769 1075 830 1128 τῷ
868 1071 978 1129 οἴκῳ
1011 1089 1090 1124 μου
1129 1075 1347 1124 ἀνάστεμο(
1386 1076 1459 1116 τοῦ
1493 1073 1548 1123 μή
1579 1073 1910 1130 ὃιαΠορεύεσθαι

382 1155 490 1205 μΗὸὲ
535 1157 844 1209 ἀνακάμπτειν,
883 1159 951 1199 καὶ
989 1159 1036 1199 οὐ
1075 1159 1130 1208 mi
1172 1159 1332 1216 ὲΠὲλθῳ
1371 1159 1431 1199 ἐπ’
1475 1157 1629 1199 αὐτοὺς
1663 1158 1805 1198 οὐκέτι
1844 1156 1911 1199 ὲὲ-
1935 1174 1983 1199 10

384 1241 592 1292 ελαύνων,
627 1241 734 1285 διότι
769 1245 835 1283 νῦν
873 1243 1035 1300 ἑόρακα
1072 1243 1117 1285 ὲν
1151 1242 1237 1285 τοῖς
1270 1241 1511 1298 ὀφθαλμοῖς
1544 1258 1639 1291 μου.

277 1388 299 1416 c
390 1364 513 1417 Ἰδοὺ
541 1366 597 1432 δὴ
624 1372 796 1437 σαφῶς
823 1368 1064 1437 ἀνοία-τεμῶ
1090 1393 1138 1420 τε
1165 1371 1239 1421 καὶ
1266 1374 1417 1437 τεῖχος
1443 1367 1654 1435 ὀνομάζει
1681 1366 1912 1433 Χριστὸν,

316 1448 372 1498 δι’
402 1448 456 1499 οῦ
480 1451 556 1499 καὶ
591 1451 639 1500 ἐν
666 1449 703 1519 ᾧ
731 1451 1094 1517 πεπυργώμεθα,
1121 1453 1218 1502 κατ’
1248 1452 1458 1502 εὐδοκίαν
1490 1451 1536 1502 δὲ
1577 1449 1798 1515 δηλονότι
1837 1451 1912 1499 καὶ

316 1529 515 1595 θέλησιν
559 1538 643 1582 τοῦ
687 1536 812 1584 Θεοῦ
857 1535 932 1584 καὶ
974 1532 1180 1599 Πατρός.
1258 1532 1382 1586 οἶκος
1423 1532 1517 1600 γὰρ
1559 1534 1584 1583 ὁ
1627 1531 1791 1596 νοητὸς
1836 1534 1912 1582 καὶ

94 1628 205 1678 Leon
316 1612 535 1677 οἰκοδομὴ
581 1617 720 1675 Θεοῦ,
764 1614 884 1665 κατὰ
928 1614 1013 1679 τὴν
1053 1621 1135 1666 τοῦ
1186 1615 1383 1666 Παύλου
1426 1614 1604 1682 φωνην,
1650 1615 1777 1678 ἡμεῖς
1820 1636 1912 1665 που
1936 1636 1982 1673 15

93 1683 137 1704 ω’
158 1682 187 1713 9’
315 1694 505 1749 πάντως
537 1695 681 1758 ἐσμὲν
720 1699 761 1746 οἱ
795 1698 1179 1759 πεπιστευκότες,
1210 1697 1337 1763 εἴπερ
1376 1699 1507 1748 ἐστὶν
1545 1694 1730 1760 ἀληθὲς,
1764 1698 1826 1749 ὡς
1864 1697 1913 1745 ἐν

316 1782 417 1831 ταῖς
459 1778 667 1843 καρδίαις
713 1779 845 1842 ἡμῶν
887 1778 963 1830 διὰ
1001 1785 1084 1830 τοῦ
1123 1779 1399 1842 Πνεύματος
1443 1784 1656 1841 κατοικεῖ,
1703 1780 1779 1828 καὶ
1817 1781 1914 1830 τοῖς·

317 1861 573 1926 ἀγαπῶσιν
614 1859 757 1912 αὐτὸν
801 1861 1101 1928 ἐναυλίζεται.
1170 1862 1260 1930 ἐφη
1295 1860 1388 1928 γὰρ
1428 1861 1567 1914 αὐτὸς
1606 1860 1681 1912 διὰ
1715 1859 1910 1929 προφή-

94 1947 220 2023 &OQ-¹
317 1963 402 1993 του
441 1944 602 2010 φωνῆς
641 1940 795 1993 ““Orc
832 1942 1101 2007 κατοικήσω
1140 1946 1188 1995 ἐν
1226 1944 1381 1997 αὐτοῖς
1419 1945 1494 1994 καὶ
1532 1942 1913 2010 ἐμπεριπατήσω,

95 2036 243 2112 Ξᾷῗνη
320 2030 347 2053 “
372 2026 447 2074 καὶ
499 2023 667 2087 ε”σομαι
719 2026 873 2076 αὐτῶν
925 2024 1046 2079 Θεὸς
1087 2028 1163 2076 καὶ
1215 2026 1345 2076 αὐτοὶ
1395 2025 1588 2076 ἔσονταί
1627 2048 1705 2087 μοι
1751 2024 1911 2078 λαός.”
1934 2056 1984 2080 20

275 2105 560 2175 (Ῑοὶνοίστεμα.
604 2106 660 2171 δὴ
700 2108 781 2158 οῦν
821 2107 875 2158 τὸ
919 2107 1230 2174 ἐγηγερμένον
1271 2107 1344 2158 διὰ
1386 2111 1565 2172 βουλῆς
1600 2114 1683 2159 τοῦ
1724 2107 1914 2174 Πατρὸς

318 2193 377 2257 τῇ
419 2189 689 2258 Ἐκκλησία
733 2189 960 2256 Χριστὸς,
1002 2190 1078 2241 ἵνα
1119 2189 1293 2254 μηκέτι,
1339 2189 1460 2241 καθὰ
1499 2192 1574 2241 καὶ
1612 2189 1778 2248 πάλαι,
1820 2193 1914 2242 διο-

319 2270 497 2322 δεύωσί
527 2294 647 2325 τινες
683 2271 759 2323 καὶ
799 2271 1173 2335 ἀνακάμπτωσιν
1212 2274 1260 2323 ἐν
1299 2273 1421 2336 ἡμῖν,
1453 2273 1549 2324 ἄνω
1588 2296 1638 2324 τε
1677 2275 1752 2324 καὶ
1785 2272 1913 2324 κάτω

320 2359 576 2413 ποιοῦντες,
614 2356 690 2405 καὶ
733 2353 807 2405 οἶά
850 2377 955 2405 τινα
992 2355 1350 2421 κεχερσωμένην
1394 2360 1751 2418 συμπατοῦντες
1790 2354 1912 2418 ὁδὸν,

322 2436 398 2485 καὶ
423 2435 616 2500 βλάβης
640 2435 834 2501 ἁπάσης
860 2435 1248 2501 ἀναπιμπλάντες
1272 2436 1357 2491 τὰς
1383 2437 1607 2503 ἡμετερας
1634 2438 1837 2504 καρδίας.
1935 2464 1983 2502 25

373 2607 403 2631 1.
429 2596 512 2654 γὰρ]
537 2602 575 2638 -Ι-
596 2597 614 2641 ἡ
635 2598 715 2632 Edd
746 2598 855 2633 invito
875 2598 916 2633 C.
1235 2607 1267 2643 5.
1296 2601 1353 2633 νῦν
1370 2599 1457 2634 εἶσιν
1476 2598 1517 2634 C.
1536 2613 1690 2634 συνεισιν
1708 2598 1749 2633 Β.
1754 2599 1800 2633 D.
1819 2599 1912 2634 Edd.

324 2655 357 2689 9.
385 2643 557 2688 ἀνάστεμα
577 2644 618 2678 B.
625 2644 665 2678 C.
685 2646 801 2689 (AleX.
808 2645 855 2687 )'
836 2646 1012 2689 ανάστημα
1034 2646 1078 2680 D.
1099 2645 1191 2680 Edd.
1211 2646 1263 2690 (V
1267 2653 1312 2681 at.
1331 2646 1370 2690 N)
1650 2656 1704 2679 ΙΙ.
1730 2646 1851 2689 ἑόρακα
1870 2646 1912 2681 C.

324 2692 454 2748 ἑώρακα
473 2690 513 2724 Β.
533 2692 701 2734 ἑωράκασι
720 2691 811 2726 Edd.
830 2692 930 2738 (198.
935 2692 951 2737 )
1000 2694 1070 2728 τοῖς
1088 2705 1157 2726 om.
1179 2693 1216 2726 F.
1517 2703 1569 2726 Ι2.
1595 2691 1767 2734 ἀνάστεμα
1787 2692 1828 2726 Β.
1833 2692 1872 2726 C.
1877 2693 1912 2727 b.

325 2737 503 2780 ἀνάστημα
522 2737 614 2771 Edd.
942 2749 995 2784 13.
1025 2739 1157 2774 Haec’
1141 2755 1175 2773 εν
1191 2737 1218 2773 (3
1236 2744 1458 2773 accesserunt
1475 2750 1516 2773 ex
1536 2738 1577 2773 C.
1581 2738 1616 2772 b.
1665 2752 1812 2783 πεπυργ.
1831 2739 1872 2773 C.
1876 2739 1911 2774 b.

326 2783 514 2827 ἐμπεπυργ.
535 2784 626 2818 Edd.
820 2796 873 2827 14.
900 2787 918 2819 ὁ
936 2790 1161 2830 assumptum
1179 2798 1221 2820 ex
1235 2786 1276 2820 C.
1281 2786 1327 2820 D.
1331 2785 1366 2820 b.
1576 2793 1627 2829 15'.
1654 2785 1859 2829 οἰκοδόμημα
1877 2786 1912 2820 b.

328 2840 383 2864 21.
410 2830 582 2873 ἀνάστεμα
604 2831 644 2865 B.
663 2831 839 2876 ἀνάστημα
859 2831 899 2866 C.
904 2832 947 2865 D.
953 2832 987 2866 b.
1007 2832 1098 2866 Edd.
1447 2842 1502 2865 22.
1528 2831 1633 2866 πάλαι
1652 2830 1730 2865 C.b.
1747 2833 1852 2866 πάλιν
1869 2832 1913 2867 Β.

326 2875 419 2910 Edd.
468 2876 648 2912 διοδεύωσι
667 2878 706 2912 C.
710 2878 744 2912 b.
764 2877 970 2914 διοδεῦσωσί
989 2878 1081 2913 Edd.
1560 2888 1614 2919 24.
1640 2880 1815 2914 ποιοῦντες
1833 2877 1914 2914 C.b.

325 2924 499 2965 παριόντες
521 2924 561 2958 Β.
576 2926 758 3004 πῑεριόντες
776 2924 869 2961 Edd.
894 2927 1080 2970 περιιόντες
1099 2926 1233 2970 Migne.
1298 2926 1551 2969 συμπατοῦντες
1570 2923 1695 2959 B.C.b.
1721 2939 1800 2961 πατ.
1820 2925 1914 2960 Edd.

331 2978 385 3009 25.
412 2970 470 3003 τὰς
488 2981 557 3004 om.
575 2982 611 3005 ιιι
627 2998 633 3004 .
