2007 3366
119 299 195 335 517
216 301 269 337 Α.·

523 902 654 940 TOT
706 903 789 940 ΕΝ
842 903 1078 941 ΑΓΙΟΙΣ
1131 903 1403 942 ΠΑΤΡΟΣ
1459 904 1659 942 ΗΜΩΝ

790 1081 1394 1152 ΚΥΡΙΛΛΟΥ

370 1289 502 1342 ΕΙΣ
563 1288 733 1342 TON
788 1289 1248 1343 ΠΡΟΦΗΤΗΝ
1309 1290 1802 1344 ΑΜΒΑΚΟὙΜ.

704 1546 1021 1600 ΤΟΜΟΣ
1086 1548 1476 1600 ΠΡΩΤΟΣ.

258 1760 282 1784 a
373 1736 883 1784 ΔΙΕΣΚΕΥΑΣΤΑῙ
927 1733 1012 1796 μὲν
1055 1734 1164 1798 ἡμῖν
1204 1736 1254 1786 εὖ
1302 1736 1435 1799 μάλα
1478 1739 1644 1803 σοφῶς
1686 1736 1761 1785 καὶ
1804 1736 1916 1794 osb-5

297 1815 469 1883 τέχνως
509 1818 583 1866 καὶ
623 1818 705 1880 τῆς
739 1817 1042 1882 προκειμένης
1079 1819 1366 1886 προφητείας
1402 1819 1426 1868 ὁ
1461 1817 1647 1884 τρόπος,
1687 1817 1876 1880 ἕμπλεω

296 1898 445 1964 γεμὴν
469 1898 610 1949 αὐτὸν
641 1899 901 1961 οἰκονομίας
934 1900 1245 1966 ἁγιοπρεποῦς
1279 1900 1551 1966 εὑρήσομεν·
1593 1899 1757 1966 πρέπει
1783 1899 1876 1965 γὰρ

76 1994 237 2027 S.Matth.
298 1981 452 2034 αὐτοῖς
476 1986 571 2034 τοῖς
598 1980 745 2045 ἁγίοις
782 1982 1028 2049 ἐπιφωνεῖν
1061 2005 1109 2032 τε
1145 1983 1219 2033 καὶ
1258 1981 1412 2047 λέγειν
1440 1990 1465 2011 “
1483 1983 1592 2049 Οὐχ
1619 1983 1743 2044 ὑμεῖς
1768 1983 1875 2033 ἐστε

76 2049 108 2070 x.
127 2050 176 2072 ω’
297 2071 324 2093 “
350 2066 391 2114 οἱ
412 2069 682 2126 λαλοῦντες,
702 2062 833 2113 ἀλλὰ
858 2062 911 2114 τὸ
931 2067 1124 2127 Πνεῦμα
1149 2070 1231 2115 τοῦ
1255 2064 1445 2130 Πατρὸς
1474 2066 1602 2128 ὑμῶν
1621 2063 1674 2115 τὸ
1695 2069 1876 2115 λαλοῦν

296 2153 323 2175 “
348 2147 396 2196 ἐν
416 2146 567 2209 ὑμῖν.”
602 2149 673 2196 δεῖ
694 2144 741 2196 δὲ
768 2145 824 2209 δὴ
848 2150 943 2199 τοῖς
969 2145 1185 2196 ἐθέλουσι
1212 2151 1328 2197 νοεῖν
1353 2147 1591 2214 ἀγχινοίας
1616 2147 1669 2197 οὐ
1693 2150 1872 2212 μικρᾶς·
1897 2172 1945 2197 10

252 2238 278 2278 b
297 2229 397 2280 ἐπεί
437 2251 506 2279 τοι
544 2230 625 2291 τῆς
660 2227 948 2296 προφητείας
982 2227 1064 2279 τὸν
1102 2228 1287 2280 σκοπὸν
1325 2228 1483 2293 διττὴν
1520 2230 1567 2279 ἐν
1605 2229 1752 2297 ἑαυτῷ
1788 2227 1874 2293 τὴν

296 2310 490 2376 θεωρίαν
529 2311 753 2361 ὠδίνοντα
787 2311 962 2361 κατίδοι
999 2333 1068 2364 τις
1113 2309 1184 2373 ἀν,
1226 2310 1539 2375 πνευματικήν
1575 2332 1626 2361 τε
1664 2308 1760 2372 ἅμα
1798 2311 1874 2361 καὶ

294 2391 552 2459 ἱστορικήν·
593 2390 998 2460 προαφηγήσομαι
1033 2391 1081 2443 δὲ
1117 2395 1372 2460 χρησίμως,
1409 2416 1482 2443 και
1521 2394 1582 2445 ὡς
1620 2393 1668 2442 ἐν
1705 2397 1880 2460 βραχεῖ
1939 2394 1942 2398 ’

293 2474 596 2540 συνενεγκὼν,
632 2497 714 2538 της
746 2475 1033 2542 προφητειας
1068 2474 1127 2525 τὰ
1164 2476 1295 2540 με’ρη,
1331 2477 1405 2525 καὶ
1443 2474 1514 2542 ἐφ’
1551 2473 1644 2543 ὅτῳ
1681 2474 1872 2540 γέγονεν

292 2559 396 2622 ε’ρῶ.
465 2580 522 2608 ιοι
562 2556 654 2623 γὰρ
700 2555 757 2607 ἂν
795 2558 915 2607 οὕτω
953 2561 1048 2610 τοῖς
1089 2557 1427 2626 ἐντευξομενοις
1469 2557 1523 2606 δι’
1564 2556 1803 2621 εὐμαρειάς
1843 2557 1868 2607 ὁ
1893 2581 1939 2620 15

294 2645 412 2702 νοῦς,
453 2641 529 2690 καὶ
574 2638 705 2690 οὐδὲν
746 2638 930 2706 εὑρήσει
969 2638 1023 2690 τὸ
1064 2639 1269 2693 ἄναντες.
1343 2637 1676 2706 ἀσχάλλοντος
1717 2639 1871 2690 τοίνυν

339 2808 485 2843 Codices
505 2809 546 2843 Β.
552 2810 597 2843 D.
651 2821 727 2855 1—3.
756 2810 813 2844 Sic
833 2810 875 2844 B.
893 2825 953 2844 τοι
977 2810 1080 2844 αὐτοῦ
1104 2810 1201 2855 ἁγίου
1220 2809 1394 2855 Κυρίλλου
1416 2807 1571 2853 ἑρμήνεια
1588 2808 1634 2843 εἷς
1651 2810 1709 2843 τὸν
1726 2809 1870 2854 Προφή-

290 2870 349 2898 την
364 2855 465 2896 ’(Λββ
456 2871 560 2899 (ικουμ
581 2857 624 2890 D.
644 2860 703 2891 τοῦ
720 2858 755 2891 ἐν
771 2857 828 2902 ἁγί
831 2872 879 2892 ης
895 2859 1022 2901 πατρὸς
1043 2857 1133 2901 ἡμῶν
1152 2858 1323 2901 Κυρίλλου
1345 2856 1614 2900 (ἰρχιεπισκόπου
1630 2855 1867 2898 (ιλεξανδρείας

289 2901 479 2947 ἐξηγησις(
465 2917 714 2947 υπομνηματικη
733 2905 778 2939 εἷς
795 2906 853 2938 τὸν
871 2903 1081 2949 Προφήτην’
1089 2903 1270 2947 Αμβακοὺμ
1289 2902 1379 2936 Edd.
1685 2915 1718 2944 4.
1746 2903 1803 2936 Sic
1824 2903 1866 2938 B.

290 2960 322 2990 5.
350 2948 486 2994 σοφῶς]
506 2951 628 2994 σαφῶς
648 2951 692 2984 D.
714 2951 803 2984 Edd.
948 2960 979 2995 7.
1005 2952 1178 2996 οἰκονόμον
1194 2950 1408 3006 ἁγιοπρεπῶς
1425 2948 1515 2984 Edd.
1637 2961 1669 2992 9.
1695 2949 1802 2995 ὑμῶν]
1826 2954 1862 2991 4—

291 2998 378 3030 Θεοῦ
400 2996 445 3030 l).
592 3007 643 3029 10.
671 2997 710 3041 δὴ
729 3004 950 3043 assumptum
965 3010 1006 3031 ex
1025 2998 1071 3032 D.
1220 3007 1271 3042 15.
1296 2995 1358 3042 ἴοι]
1378 2994 1426 3039 εἵη
1445 2995 1504 3030 iid
1567 2994 1607 3030 ἂν
1624 3008 1693 3030 om.
1715 2996 1760 3031 D.
