2007 3366
297 163 353 201 20
671 163 719 203 B.
765 162 1041 203 CYRILLI
1094 161 1478 202 ALEXANDR.
1786 155 1813 194 i·
1838 168 1876 207 9·

296 271 713 336 προσδοκήσαντες
757 272 1024 339 εὐάφορμον
1073 271 1161 335 ἤδη
1204 277 1411 323 ποιοῖντο
1460 268 1545 334 τὴν
1586 264 1875 332 ἀποδρομὴν,

296 352 383 416 τὴν
425 355 474 404 ἐκ
511 357 594 418 τῆς
629 353 854 407 Ἰουδαίας
889 357 950 407 εἰς
988 352 1318 420 ἀλλοφύλους,
1360 354 1606 418 μονονουχὶ
1645 351 1718 401 καὶ
1757 349 1871 397 ἀνα-

297 435 579 486 πυνθάνεται
613 437 768 501 λέγων
801 439 846 486 τί
876 436 967 500 οἵρα
1001 436 1263 506 λογίζονται
1303 438 1378 486 καὶ
1417 439 1606 504 φρονεῖν
1643 429 1878 498 ἐγνώκασι

298 521 405 584 περὶ
430 525 513 570 τοῦ
544 523 706 587 Κυρίου·
739 517 954 584 σκληρὸν
977 515 1084 584 ἆρα,
1105 520 1241 585 φησὶ,
1262 519 1337 568 καὶ
1366 516 1629 584 βαρύμηνιν
1654 513 1879 579 ὑπάρχειν

299 601 453 652 οἴεσθε
491 601 574 651 τὸν
609 605 703 651 τῶν
738 600 864 650 ὅλων
896 599 1167 664 Δεσπότην,
1194 602 1255 653 ὡς
1295 598 1452 653 διττὰς
1488 600 1562 650 ἐπὶ
1600 602 1695 650 τοῖς
1724 596 1879 646 αὐτοῖς
1898 605 1921 643 5

299 683 682 746 πλημμελήμασι
707 682 790 736 τὰς
818 683 947 736 δίκας
974 686 1146 743 αἱτεῖν;
1186 681 1318 733 ἀλλὰ
1346 680 1472 733 πολὺ
1505 686 1588 732 τοῦ
1620 679 1880 745 πρέποντος

257 765 698 832 Βάποσφάλλεσθε.
765 766 1167 831 προστεθεικότων
1201 764 1294 831 γὰρ
1329 766 1458 827 ὑμῶν
1489 763 1619 814 οὐδὲν
1656 766 1750 813 τῶν
1787 759 1881 810 ὅσα

300 850 430 898 ἐστὶν
458 848 548 916 ἔξω
580 846 723 910 νόμου
757 850 832 898 καὶ
867 847 1138 914 κατερεθίζει
1172 845 1290 914 πρὸς
1325 845 1468 913 ὀργὰς
1502 851 1584 896 τοῦ
1618 844 1761 907 νόμον
1798 840 1881 893 τὸν

300 929 509 995 ὁριστὴν,
537 931 634 981 οὐδ’
656 929 715 980 ἂν
735 929 873 984 αὐτὸς
899 930 964 981 ε”τι
991 930 1206 996 δευτέραν
1226 930 1395 997 ἐποίσῃ
1422 926 1630 993 πληγήν.
1683 926 1881 992 ε”θλιψεν

300 1012 565 1078 ἀρκούντως
603 1011 676 1081 ἐφ’
715 1012 782 1066 οἷς
818 1012 906 1077 ἤδη
946 1015 1291 1074 δυσσεβοῦντες
1329 1013 1603 1076 ἡλίσκεσθε.
1668 1006 1881 1072 στήσατε
1906 1030 1953 1054 ιο

299 1094 385 1159 τὴν
424 1096 670 1161 ἁμαρτίαν,
705 1097 780 1146 καὶ
818 1095 904 1159 τὴν
942 1094 1089 1161 ὀργὴν
1119 1094 1362 1163 ἀνακόψει.
1430 1093 1732 1145 πεπαίδευκεν
1766 1092 1882 1141 ἀπο-

300 1177 534 1244 χρώντως,
562 1176 835 1242 κατελεήσει
861 1178 1029 1229 λοιπὸν
1054 1182 1320 1245 σωφρονεῖν
1346 1177 1615 1245 ᾑρημένους.
1669 1173 1883 1237 μέμικται

301 1261 456 1311 τοίνυν
491 1261 515 1310 ὁ
548 1259 704 1326 λόγος,
732 1262 806 1310 καὶ
837 1261 1219 1326 συγκεκραμένην
1249 1260 1340 1327 ἔχει
1373 1258 1459 1323 τὴν
1484 1258 1773 1324 παραίνεσιν.
1836 1256 1884 1304 ἐν

301 1347 456 1411 ταυτῷ
494 1342 588 1409 γὰρ
623 1344 857 1393 ἀναπείθει
892 1345 966 1393 καὶ
1004 1342 1062 1393 τὰ
1101 1342 1359 1393 ἁνδάνοντα
1394 1346 1460 1411 τῷ
1487 1343 1595 1410 Θεῷ
1628 1341 1884 1404 κατορθοῦν

304 1426 499 1475 ἑλέσθαι
532 1426 753 1490 γνησίως,
781 1427 855 1475 καὶ
891 1430 1029 1475 τοῦτο
1064 1427 1179 1490 δρᾶν
1214 1423 1447 1487 ἑλομένοις
1482 1424 1647 1473 δίδωσι
1685 1422 1884 1488 θαῤῥεῖν,
1908 1439 1955 1478 15

268 1507 377 1558 οὸτι
413 1507 621 1574 χρηστὸς
656 1507 789 1557 ε”σται
828 1509 932 1572 περὶ
969 1506 1147 1568 αὐτοὺς,
1173 1507 1254 1557 οὐκ
1293 1505 1519 1573 ἀχάλινον
1555 1505 1709 1557 αὐτοῖς
1745 1504 1886 1571 ε’φιεῖς

305 1589 391 1654 τὴν
424 1589 582 1655 ὀργὴν,
611 1589 819 1655 καθάπερ
855 1589 1003 1658 ᾤοντο
1037 1589 1154 1639 κατὰ
1193 1593 1341 1656 σφᾶς.
1404 1590 1534 1654 ἄθρει
1571 1586 1618 1638 δὲ
1658 1586 1784 1640 ὅπως
1814 1608 1887 1636 τε-

305 1672 474 1739 τήρηκε
506 1671 653 1723 πάλιν
679 1673 704 1722 ὁ
731 1671 876 1738 λόγος
902 1675 967 1741 τῷ
994 1672 1195 1738 Ἰσραὴλ
1221 1671 1275 1722 τὸ
1307 1671 1616 1733 κατάλειμμα.
1686 1668 1756 1719 ὅτι
1794 1667 1887 1734 γὰρ

306 1756 360 1806 οὐ
385 1755 659 1806 συντελέσει
687 1756 712 1805 ὁ
740 1755 860 1808 Θεὸς
893 1754 1072 1815 αὐτοὺς,
1097 1754 1556 1823 προαναπεφώνηκεν
1581 1754 1799 1818 ἐναργῶς,
1825 1753 1887 1804 ὡς

306 1839 355 1888 ἐν
388 1836 611 1903 ἐρωτήσει
656 1836 811 1903 λέγων
851 1840 907 1888 Τί
942 1836 1171 1906 λογιζεσθε
1212 1837 1284 1887 ἐπὶ
1325 1835 1391 1887 τον
1431 1835 1602 1906 Κύριονς
1644 1834 1888 1886 συντέλειαν
1909 1855 1960 1880 20

308 1920 436 1975 αὐτος
491 1921 754 1981 ποιήσεται,
817 1920 870 1969 οὐ
914 1917 1007 1984 γὰρ
1050 1920 1287 1979 ποιήσεταί
1335 1922 1459 1985 φησι
1507 1916 1594 1981 τὴν
1643 1916 1889 1968 συντέλειαν

307 2003 406 2053 οὐδ’
452 2001 509 2052 ἂν
563 2004 611 2052 ἐκ
652 2001 847 2067 βάθρων
896 2002 1049 2052 αὐτῶν
1095 2002 1384 2054 κατασείσας
1428 2000 1510 2050 τὸν
1560 1999 1776 2066 Ἰσραὴλ,
1828 2003 1891 2053 εἰς

307 2085 508 2151 ὄλεθρον
545 2084 818 2150 παραδώσει
859 2086 1086 2146 παντελῆ.
1155 2084 1367 2150 φείσεται
1409 2082 1456 2133 δὲ
1499 2081 1574 2133 διὰ
1612 2081 1718 2135 τοὺς
1751 2081 1892 2133 πατέ-

307 2191 407 2233 ρας,
439 2170 515 2218 καὶ
552 2166 858 2230 σωθήσονται
898 2164 1016 2216 κατὰ
1055 2162 1258 2231 καιροὺς,
1294 2163 1490 2215 κατόπιν
1528 2166 1675 2215 ἐθνῶν
1706 2164 1889 2224 εἰσβαί-

361 2392 389 2415 1.
416 2380 626 2426 καταδρομὴν
646 2379 736 2414 Edd.
926 2392 959 2422 4.
985 2380 1095 2425 φησιν
1112 2386 1190 2423 post
1208 2379 1372 2424 ὑπάρχειν
1388 2382 1521 2423 transp.
1543 2377 1589 2412 D.
1740 2386 1774 2421 5.
1801 2382 1891 2411 Δεσ-

309 2430 415 2472 πότην
436 2428 525 2461 D.b.
545 2429 631 2461 Θεὸν
650 2427 740 2461 Edd.
1026 2437 1056 2472 7.
1085 2426 1176 2470 ἡμῶν
1199 2426 1243 2460 D.
1525 2424 1557 2459 8.
1583 2424 1783 2468 κατερεθίζει
1799 2424 1841 2459 Β.
1854 2424 1888 2459 b.

311 2475 470 2517 κιιτεθίζει
491 2475 571 2518 (sic)
594 2475 637 2508 D.
658 2472 909 2517 κιιτερεθίζουσι
930 2473 1021 2507 Edd.
1367 2484 1400 2517 9.
1426 2487 1475 2506 ετι
1492 2477 1714 2516 assumptum
1732 2483 1774 2505 ex
1793 2471 1839 2505 D.
1853 2471 1887 2506 b.

310 2523 430 2566 ἐποίσῃ
452 2522 491 2555 B.
511 2522 642 2556 ε’ποισει
664 2521 706 2554 D.
721 2521 753 2555 b.
773 2521 911 2564 εποίησε
931 2520 1022 2554 Edd.
1087 2519 1229 2565 ἕθλιψε]
1254 2527 1290 2560 -†-
1311 2520 1375 2565 ’γὰρ
1396 2520 1440 2553 D.
1752 2529 1801 2551 11.
1828 2533 1888 2570 την

311 2569 414 2613 υργὴν
431 2576 509 2613 post
526 2569 691 2613 ιινιικόψει
709 2564 1483 2612 ῑ1“ὲ1118]).1).11.12.λοιπὸν]
1508 2570 1543 2606 4-
1565 2564 1641 2599 τοὺς
1660 2564 1750 2598 Edd.
1770 2565 1887 2599 invitis

311 2615 486 2649 omnibus.
659 2626 695 2649 1·
679 2638 710 2656 5.
738 2614 908 2658 ἑλομένοις
925 2614 1029 2659 δριιν
1023 2626 1081 2647 mv
1084 2626 1160 2648 erso
1178 2613 1298 2647 ordine
1317 2613 1362 2647 D.
1531 2611 1582 2646 16.
1609 2612 1716 2654 ἐφιεὶς
1735 2612 1776 2645 B.
1797 2612 1824 2645 E
1829 2611 1889 2646 (ld.

311 2662 423 2696 αυτοῖς
440 2663 501 2705 (ιφ.
521 2664 598 2706 (pro
616 2662 672 2707 ε“.φ
679 2663 690 2705 )
710 2663 756 2696 D.
963 2672 1014 2706 17.
1042 2660 1186 2705 ὅπως]“
1168 2676 1218 2694 οτι
1238 2661 1284 2694 D.
1486 2658 1537 2692 18.
1563 2659 1621 2692 τὸν
1636 2657 1776 2701 Ἰσραὴλ
1797 2658 1888 2692 Edd.

312 2708 430 2742 invitis
450 2709 541 2742 lm).
558 2709 591 2742 b.
833 2720 884 2753 ¹9-
912 2710 929 2741 ὁ
947 2715 1167 2752 assumptum
1186 2719 1226 2741 ex
1247 2707 1292 2741 D.
1306 2707 1340 2741 b.
1598 2716 1652 2739 20.
1678 2707 1736 2738 τὸν
1753 2717 1822 2738 om
1844 2705 1890 2763 D.

314 2766 369 2789 21.
400 2755 494 2788 Haec
512 2756 550 2788 οὐ
566 2756 632 2800 γὰρ
648 2756 826 2799 ποιήσεται
843 2763 1063 2790 accesserunt
1080 2767 1122 2789 ex
1143 2754 1184 2788 Β.
1190 2754 1235 2788 D.
1248 2754 1282 2788 b.
1349 2752 1475 2788 Statim
1496 2752 1595 2787 αυτὸς
1619 2751 1699 2785 add
1722 2751 1767 2785 D.
1831 2752 1892 2795 τὴν

313 2801 510 2835 συντέλειαν
527 2810 747 2836 accesserunt
764 2815 806 2836 ex
826 2803 867 2836 B.
880 2802 914 2836 b.
934 2802 1131 2836 συντελειαν
1149 2801 1195 2835 D.
1439 2810 1494 2844 23.
1520 2800 1665 2841 παντελῆ
1685 2798 1730 2832 D.
1744 2798 1777 2832 b.
1798 2798 1890 2832 Edd.

311 2850 483 2883 παντελῶς
503 2848 542 2881 Β.
789 2861 843 2892 24.
874 2849 1079 2892 συνθησεται
1097 2846 1325 2893 (συνθήσηται
1345 2846 1464 2880 Pont.
1451 2860 1467 2890 )
1486 2857 1548 2890 pro
1566 2845 1778 2888 σωθήσονται
1799 2845 1890 2879 Edd.

313 2895 428 2929 invuis
449 2895 489 2929 Β
496 2895 540 2929 D.
553 2895 587 2929 b.
638 2896 865 2935 εἷσΒαίνοντες
886 2896 925 2930 B.
933 2896 977 2929 l).
991 2896 1024 2930 b.
1043 2895 1287 2935 εἷο-βάλλοντες
1306 2892 1395 2927 Edd.
