2053 3382
327 229 412 269 358
717 231 765 271 B.
810 229 1095 270 CYRILLI
1146 228 1532 269 ALEXANDR.
1741 226 1909 268 vi.1-8.

104 330 159 360 Pa.

102 373 268 415 cxviii.9o.

326 343 354 366 ‘⁶
378 337 731 400 Ἐθεμελίωσας
757 335 843 400 τὴν
867 339 959 402 γῆν
993 339 1068 387 καὶ
1100 336 1342 400 διαμένει.”
1407 336 1542 386 αὗται
1576 333 1632 399 δὴ
1667 335 1747 385 οὖν
1773 338 1818 384 αἱ
1850 337 1912 387 ὡς

325 419 376 468 ἐκ
414 423 508 468 τῶν
546 419 778 486 τεσσάρων
811 418 987 486 ἀνέμων
1017 423 1272 480 βασιλεῖαι,
1300 422 1394 469 τῶν
1430 417 1608 479 ἄλλων,
1637 419 1698 470 ὡς
1723 415 1911 484 ἔφημεν,

325 500 651 565 ἀλκιμώτεραι,
681 502 755 550 καὶ
789 499 916 551 πολὺ
946 506 1185 568 λαχοῦσαι
1220 498 1273 551 τὸ
1309 500 1503 561 εὐκλεὲς,
1530 499 1734 567 ἐξῆλθον
1761 519 1913 564 παροι-

280 580 475 640 1)σ-τῆνάι
514 588 576 651 τῷ
618 587 753 652 Κυρίῳ
792 583 945 642 ποία-ης
982 581 1055 642 τῆς
1093 581 1194 648 γῆς.
1261 583 1288 645 ἡ
1321 582 1376 632 δέ
1407 604 1462 646 γε
1489 581 1793 645 παράστασις
1831 577 1913 629 τὸν

324 666 406 725 τῆς
433 665 646 717 δουλείας
682 665 789 727 ἡμῖν
826 665 1072 731 ὑποφαίνει
1104 662 1297 729 τρόπον·
1340 662 1672 713 δεδουλεύκασι
1697 661 1790 727 γὰρ
1816 666 1911 713 τοῖς
1933 677 1954 715 5

324 745 466 794 αὐτοῦ
507 745 718 808 νεύμασι,
752 749 826 796 καὶ
862 749 899 796 εἱ
941 745 1199 811 γεγόνασιν
1230 746 1426 812 ἰσχυραί
1443 763 1504 794 ’τε
1539 746 1614 794 καὶ
1655 744 1910 807 διαβόητοι,

325 824 381 875 δι’
410 828 551 878 αὑτοῦ
578 831 653 878 καὶ
683 834 821 879 τοῦτο
849 827 1196 894 κεκερδάκασιν.
1262 828 1373 877 ἀλλ’
1404 830 1439 877 εἷ
1475 827 1554 876 καί
1575 849 1620 876 τι
1647 824 1912 890 δεδράκασι,

326 911 400 958 καὶ
437 911 810 975 κατηνδρίσαντο
849 915 1017 977 χωρῶν
1060 908 1089 974 ἦ
1134 910 1335 970 πόλεων,
1381 909 1522 959 αὐτοῦ
1566 908 1912 967 κατανεύοντος,

325 993 386 1043 εὶς
413 997 550 1042 τοῦτο
577 991 633 1055 δὴ
667 991 813 1043 πάλιν
839 995 1086 1058 προῆλθον
1119 991 1299 1059 ἰσχύος·
1344 995 1379 1041 εὶ
1408 990 1500 1056 γάρ
1525 992 1656 1040 ἐστιν
1681 989 1862 1053 ἀληθὴς
1889 991 1914 1040 ὁ

102 1079 207 1152 fflngss
326 1073 576 1140 προφήτης
602 1074 758 1139 λέγων
786 1077 847 1127 ὡς
876 1081 901 1103 “
920 1075 1025 1124 Οὐκ
1052 1073 1186 1124 ἔσται
1213 1074 1351 1123 κακία
1389 1075 1436 1123 ἐν
1474 1073 1624 1134 πόλει,
1652 1070 1710 1136 ἢν
1744 1071 1913 1137 Κύριος
1940 1095 1985 1120 10

327 1162 354 1184 ‘⁴
381 1156 463 1206 οὐκ
502 1157 741 1220 ἐποίησε,”
780 1157 943 1206 κακίαν
981 1156 1034 1205 δέ
1069 1159 1224 1223 φαμεν
1263 1157 1310 1205 ἐν
1348 1155 1527 1208 τούτοις
1566 1153 1652 1218 τὴν
1686 1153 1910 1204 κάκωσιν·

287 1242 428 1290 οπῶς
473 1236 529 1287 ἂν
574 1240 737 1288 ἐκεῖναι
783 1238 1083 1305 κατίσχυσαν
1127 1240 1272 1288 ἐθνῶν
1308 1235 1336 1301 ἢ
1385 1241 1565 1304 χωρῶν,
1608 1235 1672 1299 μὴ
1718 1237 1820 1302 οὐχὶ
1859 1235 1915 1298 δὴ

327 1320 476 1370 πάλιν
510 1321 651 1371 αὐτοῦ
685 1319 739 1371 τὸ
774 1321 1062 1387 κατισχύσαι
1094 1319 1312 1383 νέμοντος
1344 1323 1674 1380 οἷκονομικῶςς

402 1401 538 1455 Τίνες
575 1402 623 1453 δὲ
658 1402 713 1465 δὴ
748 1404 823 1452 καὶ
859 1405 905 1452 αἱ
939 1407 1195 1464 βασιλεῖαι,
1224 1399 1380 1465 καιρὸς
1407 1402 1494 1465 ἤδη
1519 1401 1686 1465 λέγειν.
1751 1401 1916 1450 οὐκοῦν

329 1484 366 1534 ἐν
405 1483 488 1546 μὲν
523 1490 581 1553 τῷ
615 1483 782 1553 ἑίρμοιτι
821 1490 879 1553 τῷ
914 1483 1086 1553 πρώτῳ,
1116 1485 1280 1550 φησὶν,
1305 1484 1440 1533 Γίπποι
1480 1486 1637 1552 πυῤῥοὶ,
1670 1485 1752 1545 τῆς
1778 1485 1915 1531 Χαλ-
1940 1502 1985 1539 15

330 1566 471 1616 δαίων
514 1566 764 1626 βασιλείας
809 1568 1150 1619 ἀνατυποῦντες
1201 1566 1274 1632 ἐφ’
1321 1565 1497 1618 ἑαυτοῖς
1548 1563 1633 1628 τὴν
1678 1563 1910 1627 ὠμότητα.

329 1650 536 1717 πυῤῥότης
575 1646 668 1714 γὰρ
707 1648 815 1711 ἡμῖν
850 1647 936 1711 τὴν
974 1647 1168 1709 αἵματος
1200 1646 1342 1714 χύσιν
1375 1646 1685 1696 ὑπαινίττοιτο
1712 1643 1770 1695 ἂν
1797 1644 1916 1694 κατά

327 1751 381 1793 γε
408 1730 461 1779 τὸ
488 1729 621 1783 εἰκός·
667 1730 947 1797 φιλαίματοι
974 1728 1068 1794 γὰρ
1100 1729 1209 1779 λίαν
1245 1732 1285 1779 οἱ
1315 1728 1629 1789 Βαβυλώνιοι·
1671 1726 1798 1777 εἷλον
1823 1726 1917 1793 γὰρ

328 1812 457 1861 αὐτοὶ
489 1811 574 1875 τὴν
600 1812 831 1862 Ἰουδαίαν
863 1816 937 1862 καὶ
969 1811 1052 1864 τὰς
1086 1813 1133 1862 ἐν
1168 1815 1226 1878 τῇ
1255 1810 1496 1878 Σαμαρείᾳ
1527 1809 1703 1871 πόλεις,
1731 1811 1918 1877 φειδοῦς

284 1891 519 1956 (Ῑὰπάσης
568 1893 864 1962 ἐξῃρημένης.
931 1895 968 1945 ἐν
1018 1893 1065 1944 δὲ
1116 1899 1177 1963 τῷ
1228 1892 1398 1961 ἅρματι
1450 1897 1510 1961 τῷ
1561 1889 1732 1961 δευτέρῳ
1780 1891 1916 1942 ἵπποι
1938 1913 1987 1938 20

326 1974 532 2041 μέλανες.
597 1977 711 2026 ἔοικε
750 1976 797 2027 δὲ
835 1974 921 2039 τὴν
958 1980 1164 2041 Περσῶν
1202 1998 1250 2025 τε
1291 1978 1365 2024 καὶ
1404 1973 1588 2036 Μήδων
1622 1973 1707 2037 τὴν
1743 1973 1832 2024 ὑπό
1863 1995 1918 2038 γε

332 2057 474 2127 Κύρῳ
518 2059 639 2126 φημὶ
685 2058 938 2117 βασιλείαν
987 2060 1271 2122 ὑποδηλοῦν.
1339 2055 1484 2124 μέλαν
1529 2056 1577 2106 δὲ
1623 2058 1698 2106 καὶ
1739 2055 1918 2108 τούτοις

327 2139 603 2205 περιτέθεικε
641 2144 822 2207 χρῶμα,
850 2139 926 2190 διά
963 2162 1033 2190 τοι
1072 2139 1126 2190 τὸ
1166 2136 1292 2202 οἶμαι
1330 2138 1561 2189 πλεῖστόν
1599 2161 1647 2188 τε
1687 2137 1804 2188 ὅσον
1842 2140 1918 2189 καὶ

328 2220 586 2286 ἀμέτρητον
629 2227 725 2275 τοῖς
771 2223 1030 2272 Χαλδαίων
1076 2222 1260 2272 ἔθνεσιν
1303 2220 1547 2287 ἐπιῤῥίψαι
1588 2218 1803 2282 θάνατον,
1843 2221 1918 2270 καὶ

327 2301 447 2366 ὅλην
487 2305 640 2357 αὐτοῖς
679 2303 764 2367 τὴν
802 2303 962 2370 χώραν
1000 2305 1047 2354 ἐν
1085 2304 1242 2354 πένθει
1281 2301 1500 2366 γενέσθαι
1538 2301 1916 2366 παρασκευάσαι.
1938 2329 1985 2364 25

327 2384 523 2439 πένθους
556 2385 603 2436 δὲ
637 2387 712 2435 καὶ
745 2384 949 2436 θανάτου
974 2383 1028 2435 τὸ
1056 2384 1198 2452 φαιὸν
1224 2382 1282 2434 ἂν
1309 2383 1376 2446 ε’ίη
1401 2382 1668 2444 σύμβολον.
1728 2382 1919 2436 λευκοὺς

329 2466 377 2517 δὲ
415 2465 534 2517 εἶναι’
564 2473 688 2533 φησι
725 2466 833 2520 τοὺς
873 2468 910 2518 ἐν
950 2464 1120 2536 οἵρμοιτι
1160 2472 1219 2536 τῷ
1257 2469 1392 2534 τρίτῳ,
1427 2469 1512 2528 τὴν
1537 2464 1789 2528 “Ελλήνων
1826 2487 1918 2515 που

329 2548 452 2616 τάχα
491 2551 565 2599 καὶ
599 2547 889 2599 Μακεδόνων
922 2549 1198 2617 ὑποφαίνων
1230 2546 1393 2613 ἀρχὴν,
1422 2546 1497 2596 εἴτ’
1525 2547 1606 2596 οὖν
1634 2544 1719 2609 τὴν
1744 2545 1918 2613 Ἀλεξ-

384 2730 412 2752 Ι.
438 2718 601 2764 διαμένει]
627 2723 662 2759 -1-
684 2721 723 2763 τῇ
744 2719 892 2762 διατάξει
910 2733 974 2753 σου
994 2718 1086 2753 Edd.
1103 2718 1222 2752 invitis
1242 2717 1333 2751 C.D.
1712 2726 1743 2749 2.
1769 2716 1857 2761 ἕφην
1876 2715 1916 2750 C.

333 2764 367 2798 6.
394 2765 422 2798 εἷ
440 2767 584 2800 accessit
598 2779 638 2799 ex
659 2766 699 2799 C.
1102 2775 1133 2810 7.
1160 2765 1399 2807 κεκερδάκασιν
1418 2762 1463 2795 D.
1484 2760 1575 2795 Edd.
1595 2762 1856 2806 κεκερδάγκασιν
1876 2763 1917 2797 Β.

333 2812 571 2856 κεκερδήκασιν
590 2812 694 2846 hodie
717 2811 820 2846 habet
840 2812 880 2846 C.
907 2811 925 2855 ἡ
952 2824 1059 2846 manu
1086 2812 1275 2856 castigante
1294 2810 1431 2852 scripta.
1481 2807 1559 2841 ἀλλ’
1579 2808 1606 2841 εἰ
1625 2809 1678 2842 καί
1695 2824 1726 2842 τι
1746 2809 1785 2842 Οί
1806 2809 1834 2842 εἰ
1851 2811 1917 2854 γάρ

332 2872 364 2890 τι
382 2860 434 2891 καὶ
454 2859 544 2892 Edd.
685 2870 737 2893 10.
763 2860 807 2894 ὡς
824 2862 1045 2903 assumptum
1065 2870 1106 2892 ex
1128 2858 1168 2892 C.
1217 2858 1312 2890 ἔσται
1332 2855 1372 2889 C.
1391 2855 1466 2888 ἔστι
1488 2854 1578 2888 Edd.
1712 2866 1763 2889 12.
1790 2855 1808 2899 ἢ
1830 2856 1916 2890 B.C.

333 2905 385 2937 καὶ
406 2904 497 2938 Edd.
645 2915 697 2947 15.
722 2905 845 2951 πυῤῥοὶ
864 2906 942 2939 C.b.
961 2904 1084 2949 πυῤῥοὶ
1107 2905 1146 2938 Β.
1164 2904 1269 2948 πυρὸς
1287 2901 1378 2936 Edd.
1398 2907 1477 2934 ante
1496 2901 1629 2945 Migne.
1777 2913 1829 2947 17.
1856 2903 1917 2947 χὺ-

333 2990 390 3009 σιν
408 2976 500 3010 C.D.
521 2976 612 3010 Edd.
630 2977 740 3020 φύσιν
756 2977 790 3011 b.
948 2989 999 3022 19.
1027 2978 1121 3010 αὐτοὶ
1140 2977 1186 3010 D.
1206 2975 1297 3010 Edd.
1315 2975 1405 3009 οὗτοι
1426 2974 1466 3009 C.
1485 2972 1571 3008 οὕτω
1590 2973 1624 3008 b.
1785 2985 1839 3019 23.
1866 2989 1917 3008 τοι

334 3028 556 3066 assumptum
575 3035 614 3056 ex
635 3024 675 3058 C.
822 3034 875 3067 27.
902 3023 953 3068 ἐν]
978 3029 1010 3063 -μ
1037 3025 1082 3068 τῷ
1101 3023 1135 3057 b.
1279 3022 1332 3055 28.
1360 3025 1458 3065 ἤτουν
1478 3021 1518 3055 C.
1537 3023 1639 3065 ἤγουν
1657 3021 1691 3055 b.
