2053 3382
61 463 84 492 S
88 462 222 495 Mam„

63 507 178 536 ill-11.

283 185 368 223 484
672 184 720 222 B.
766 182 1047 222 CYRILLI
1100 182 1482 223 ALEXANDR.
1732 184 1802 224 xii.
1828 183 1867 223 6.

283 291 417 359 ἔφην,
463 293 802 342 ἀποτελοῦνται
848 293 914 359 τῷ
964 291 1206 354 πνεύματι,
1257 295 1417 357 θερμοὶ
1463 291 1580 356 πρὸς
1626 292 1866 342 δικαιοσύ-

287 392 383 437 νην·
429 373 792 436 βεβαπτίσμεθα
827 372 922 438 γὰρ
961 372 1083 423 καθά
1122 377 1274 441 φησιν
1310 374 1335 423 ὁ
1370 374 1622 426 θεσπέσιος
1654 372 1873 436 Ἰωάννης

287 463 313 484 “
340 454 578 517 Πνεύματι
628 454 778 522 “Αγίω
836 456 911 504 καὶ
962 454 1109 519 πυρὶ”
1161 458 1228 504 τῶ
1289 458 1452 522 νοητῷ,
1511 454 1719 520 καθάπερ
1770 453 1874 504 τινὰ

63 553 215 590 778Α.
249 535 543 603 εῑσυρφετὸν,
579 537 792 586 δαπανᾶν
826 535 1005 586 εἰωθότι
1038 559 1123 599 την
1157 540 1258 589 ταῖς
1297 535 1534 601 ημετέραις
1571 539 1749 634 ψυχαῖς
1784 536 1874 586 ε’νι-

65 799 120 830 Es.
134 798 225 830 xlvii.

70 853 117 881 14,
142 851 186 881 15.

67 962 118 992 Ib.
138 962 181 993 vi.

66 1005 96 1041 6,
115 1014 141 1045 7.

247 1207 319 1247 bac
370 1199 389 1207 ⁶

82 2202 247 2232 Pscxviii.

86 2255 156 2284 140.

86 2451 179 2481 Hier.

87 2495 178 2524 xxiii.
198 2503 247 2534 29.

289 616 506 684 ζησασαν
558 617 789 683 ἁμαρτίαν
840 641 914 668 και
967 616 1072 670 τοὺς
1130 620 1213 680 τῆς
1270 618 1587 685 φιλοσαρκίας
1640 617 1918 682 ἐκτήκοντι5

288 699 475 766 ῥύπους.
541 699 714 765 ε’ίρηται
758 705 874 765 γοῦν
918 698 1036 765 πρός
1081 722 1184 749 τινα
1231 702 1306 750 καὶ
1351 699 1426 750 διὰ
1472 702 1632 767 φωνῆς
1669 699 1878 750 εΗσαίου

290 779 451 832 ί(“’()τι
500 782 617 849 ε”χεις
670 781 905 848 ἄνθρακας
949 780 1109 847 πυρὸς,
1155 779 1361 845 κάθησαι
1413 782 1481 832 ἐπ’
1527 781 1706 844 αὐτοὺς,
1753 783 1878 832 οῦτοι

308 863 538 914 ζἔσονταί
584 887 664 914 σοι
708 864 948 928 βοήθεια·”
1009 866 1083 913 καὶ
1127 861 1221 926 μὴν
1264 865 1338 914 καὶ
1384 861 1521 916 αὐτὸς
1566 866 1670 929 περὶ
1715 864 1880 914 ἑαυτοῦ

292 950 415 1012 φησι
467 953 494 975 “
516 948 609 996 Καὶ
668 945 920 1009 ἀπεστάλη
978 944 1096 1011 πρὸς
1154 945 1211 1008 μὲ
1267 944 1316 995 ἓν
1366 950 1459 996 τῶν
1515 948 1745 1012 Σεραφὶμ,
1805 948 1880 996 καὶ

292 1035 318 1057 “
344 1029 393 1078 ἐν
433 1032 491 1096 τῇ
536 1031 653 1095 χειρὶ
699 1026 818 1095 εἶχεν
861 1028 1071 1093 ἄνθρακα
1113 1026 1271 1092 πυρὸς,
1313 1025 1366 1077 ὃν
1408 1032 1465 1094 τῇ
1507 1029 1669 1088 λαβίδι
1711 1028 1881 1089 ἔλαβεν
1906 1053 1952 1079 10

293 1125 319 1147 ‘⁴
346 1118 439 1170 ἀπὸ
477 1124 560 1170 τοῦ
600 1119 956 1185 θυσιαστηρίου,
993 1119 1066 1168 καὶ
1102 1118 1263 1183 ἥψατο
1291 1123 1372 1168 τοῦ
1406 1116 1645 1181 στόματός
1679 1141 1770 1181 μου
1808 1122 1883 1169 καὶ

347 1206 472 1251 εἶπεν
513 1200 636 1252 Ἰδοὺ
680 1201 841 1269 ἥψατο
886 1206 1026 1251 τοῦτο
1070 1204 1165 1250 τῶν
1210 1199 1405 1267 χειλέων
1445 1223 1551 1262 σου,
1597 1202 1670 1251 καὶ
1717 1202 1889 1268 ἀφελεῖ

293 1291 320 1313 “
344 1283 427 1336 τὰς
466 1284 658 1346 ἀνομίας
703 1306 811 1343 σου,
858 1285 933 1333 καὶ
979 1281 1063 1336 τὰς
1108 1283 1335 1348 ἁμαρτίας
1381 1305 1473 1333 σου
1519 1282 1881 1348 περικαθαριεῖ.”

293 1364 505 1430 ἄνθρακά
541 1387 644 1426 που,
678 1364 798 1415 κατά
828 1387 881 1429 γε
915 1363 969 1414 τὸ
1004 1362 1135 1425 εἰκὸς,
1170 1362 1252 1413 τὸν
1289 1362 1411 1414 θεῖόν
1442 1386 1490 1414 τε
1526 1366 1600 1414 καὶ
1637 1364 1886 1430 ἱερώτατον

295 1448 372 1496 καὶ
399 1447 626 1512 ἁμαρτίας
654 1445 907 1509 ἐκτήκοντα
934 1444 1150 1510 Χριστὸν
1175 1443 1287 1495 εἶναι
1323 1445 1495 1510 λέγων.
1548 1446 1714 1496 οὐκοῦν
1740 1445 1878 1511 γεγό-
1909 1460 1955 1498 15

297 1551 408 1578 νασι
446 1526 531 1591 μὲν
566 1531 622 1583 ὡς
663 1524 803 1582 ὃσιλός
841 1531 973 1595 πυρὸς
1009 1528 1046 1578 ἐν
1082 1526 1230 1595 ξύλοις
1268 1532 1344 1578 καὶ
1383 1529 1437 1581 ὡς
1473 1524 1729 1593 λαμπάδες
1755 1527 1886 1595 πυρός

297 1613 359 1663 εἷς
401 1612 630 1677 καλάμην
669 1612 710 1660 οἱ
750 1608 995 1660 θεσπέσιοι
1035 1610 1238 1671 μαθηταὶ
1298 1613 1373 1659 καὶ
1414 1609 1679 1677 κατέφαγον
1711 1608 1794 1671 μὲν
1827 1608 1887 1659 τὰ

297 1691 407 1754 ε”θνη
447 1691 666 1743 κυκλόθεν·
709 1690 838 1755 πλὴν
871 1691 925 1741 οὐ
963 1693 1260 1743 δαπανῶντες
1295 1694 1357 1743 εἷς
1392 1689 1602 1755 ὄλεθρον,
1639 1691 1880 1758 καταφλέ-

297 1795 459 1838 γοντες
498 1772 546 1823 δὲ
585 1777 774 1835 μᾶλλον
811 1775 893 1835 τῆς
935 1773 983 1822 ἐν
1023 1772 1177 1824 αὐτοῖς
1215 1771 1525 1838 ψευδωνύμου
1565 1771 1785 1836 γνώσεως
1829 1771 1887 1822 τὰ

299 1854 445 1921 μιαρά
488 1878 537 1906 τε
582 1856 657 1906 καὶ
702 1855 891 1918 βέβηλα
938 1852 1168 1918 δόγματα,
1218 1855 1291 1903 καὶ
1339 1855 1421 1916 τῆς
1464 1853 1659 1920 ἀρχαίας
1706 1851 1888 1917 ἀπάτης
1910 1872 1960 1897 20

300 1936 383 1986 τὸν
420 1936 569 2003 ῥύπον
603 1936 884 2001 ἐκτήκοντες,
924 1934 1264 2002 ἀποψύγεσθαι
1301 1933 1349 1985 δὲ
1382 1935 1465 1984 οὐκ
1502 1936 1663 1988 ἐῶντες
1696 1933 1760 1985 ε”τι
1795 1939 1889 1986 τῶν

303 2016 437 2086 ἅπαξ
458 2016 838 2069 πεπιστευκότων
865 2017 947 2068 τὸν
973 2022 1081 2067 νοῦν
1107 2015 1224 2082 πρὸς
1252 2016 1504 2079 ἀνονήτους
1531 2017 1887 2077 εἷκαιοβουλίας,

303 2102 366 2152 ὡς
405 2101 483 2151 ἐπί
517 2123 569 2165 γε
614 2101 788 2168 σφίσιν
827 2100 980 2152 αὐτοῖς
1019 2100 1402 2163 ἀνασκιρτῶντας
1447 2098 1602 2163 λέγειν
1645 2096 1762 2162 πρὸς
1807 2096 1891 2148 τὸν

304 2186 399 2233 τῶν
435 2182 561 2232 ὅλων
602 2185 800 2247 Σωτῆρα
838 2180 1054 2245 Χριστόν
1082 2178 1472 2245 “Πεπυρωμε’νον
1510 2178 1564 2229 τὸ
1603 2178 1768 2243 λόγιόν
1800 2202 1891 2229 σου

308 2270 334 2293 “
358 2263 552 2332 σφόδρα
590 2266 662 2314 καὶ
702 2265 726 2313 ὁ
759 2261 928 2316 δοῦλός
963 2285 1054 2312 σου
1089 2260 1337 2326 ἠγάπησεν
1364 2259 1516 2312 αὐτό.”
1567 2260 1637 2311 ὅτι
1666 2259 1757 2326 γάρ
1789 2262 1890 2312 ἐστι
1914 2279 1961 2318 25

308 2345 478 2411 θερμὸς
515 2348 590 2396 καὶ
621 2345 889 2408 τομώτατος
919 2345 944 2394 ὁ
969 2349 1051 2394 τοῦ
1078 2347 1202 2393 Θεοῦ
1230 2342 1387 2407 λόγος,
1415 2341 1569 2410 σαφὲς
1605 2340 1662 2392 ἂν
1688 2342 1887 2407 γένοιτο,

309 2427 426 2493 πρὸς
459 2428 684 2492 Ἰερεμίαν
723 2426 945 2491 λε’γοντος
983 2426 1125 2475 αὐτοῦ
1159 2425 1311 2490 ίίΟὐχ
1343 2427 1384 2474 οἱ
1424 2423 1560 2489 λόγοι
1599 2446 1691 2486 μου
1728 2423 1892 2488 ὥσπερ

310 2515 337 2537 “
363 2515 457 2575 πῦρ
493 2509 674 2578 φλέγον
706 2508 832 2573 λέγει
863 2507 1051 2573 Κύριος,
1082 2509 1154 2556 καὶ
1187 2507 1248 2559 ὡς
1274 2504 1433 2573 πέλυξ
1455 2503 1644 2556 κόπτων
1669 2505 1889 2570 πε’τραν.”

358 2670 389 2699 2,
405 2670 437 2703 3.
455 2658 717 2701 βεβαπτίσμεθα
729 2672 795 2703 γαρ
809 2658 988 2705 καθά-τῷ
1002 2660 1107 2704 νοητῷ
1124 2657 1164 2691 C.
1180 2671 1232 2690 και
1250 2656 1428 2704 καθά-τῷ
1444 2658 1549 2700 νοητῶ
1566 2655 1783 2698 βαπτίζονται
1799 2655 1891 2691 Edd.

310 2706 342 2744 6,
364 2715 395 2749 7.
421 2706 505 2749 πρός
523 2720 594 2739 τινα
611 2711 644 2739 et
655 2704 733 2738 Οτι
751 2710 931 2749 assumpta
948 2717 989 2739 ex
1008 2704 1048 2738 C.
1106 2704 1253 2747 -Ἰνθρακα
1271 2715 1378 2737 manu
1396 2693 1507 2748 prima
1750 2702 1782 2735 8.
1809 2702 1892 2745 βοή-

310 2752 382 2786 θεια
402 2751 442 2785 C.
459 2751 580 2795 βοηθοί
597 2751 656 2785 iid.
1016 2762 1067 2785 10.
1095 2752 1200 2795 πυρὸς
1217 2750 1344 2784 retinui
1362 2762 1401 2784 ex
1422 2748 1511 2783 Edd.
1532 2748 1664 2791 (Alex.)
1683 2747 1803 2781 deest
1797 2760 1831 2782 ln
1851 2749 1892 2783 C.

316 2809 367 2831 12.
394 2799 508 2843 ἥψατο
527 2800 586 2831 τοῦ
589 2813 626 2832 το
645 2798 711 2831 hoc
729 2797 850 2831 ordine
869 2795 1532 2840 C.13.⁷rfpu<a3apte‘i
1551 2793 1591 2828 C.
1608 2808 1687 2839 πυρι
1707 2795 1779 2828 καθ.
1800 2794 1892 2829 Edd.

316 2855 368 2886 14.
396 2859 430 2878 τε
449 2856 518 2878 om.
539 2844 579 2878 C.
773 2844 825 2878 16.
856 2844 986 2879 Haec‘
970 2860 1003 2879 εν
1020 2843 1136 2888 ξύλοις
1154 2858 1207 2877 και
1224 2844 1267 2878 ὡς
1285 2842 1457 2886 λαμπάδες
1474 2841 1579 2884 πυρὸς
1595 2847 1777 2885 assumpta
1794 2853 1834 2874 ex
1851 2841 1893 2876 C.

318 2891 369 2924 18.
396 2891 565 2924 κυκλωθεν
585 2890 624 2924 C.
909 2902 964 2927 21.
992 2891 1027 2926 δέ
1048 2890 1086 2925 C.
1093 2891 1138 2924 D.
1157 2905 1192 2924 τε
1212 2888 1303 2923 Edd.
1574 2897 1629 2920 22.
1655 2886 1834 2931 ἀνονητους
1853 2888 1894 2922 C.

313 2936 485 2978 ἐννοὴτους
503 2937 591 2981 (sic)
613 2938 656 2970 D.
675 2937 833 2980 ἀνοήτους
852 2936 944 2972 Edd.
1138 2945 1192 2981 27.
1220 2935 1292 2980 Οὐχ
1311 2938 1531 2978 assumptum
1550 2944 1590 2967 ex
1610 2932 1650 2968 C.
1715 2935 1832 2977 ὥσπερ
1852 2933 1893 2967 C.

315 2981 358 3015 cf.
377 2994 481 3026 supra
501 2984 567 3017 668
580 2996 609 3018 a.
628 2983 670 3018 ὡς
691 2983 780 3017 Edd.
