2001 3361
274 194 348 228 706

325 312 496 359 precibus
544 312 618 346 suis
668 313 716 347 27
756 311 801 355 b;
851 310 1028 344 virtutem

326 388 429 411 suam
487 387 554 422 pro
614 380 834 410 ornamento
891 373 1030 409 habent

327 442 376 475 35
399 451 429 474 e.

272 503 438 543 Justitia,
471 502 508 538 in
543 503 708 544 Christo,
744 502 913 539 fidelibus
944 502 1030 537 data

326 568 375 602 96
400 566 423 602 b
436 578 445 612 ;
477 579 569 613 quos
595 568 709 604 habet
733 568 887 611 fructus,
909 579 930 601 a
948 566 1029 602 Deo

325 630 436 666 habet
461 633 533 667 152
556 631 601 677 d;
632 631 794 679 optimus
819 631 1029 671 thesaurus,

325 707 346 729 a
377 701 497 730 morte
530 695 663 731 liberat
697 698 770 732 173
802 708 843 739 e;
880 696 955 731 287
987 705 1028 738 a;

327 761 404 796 303
425 771 467 804 a;
503 760 573 796 Dei
603 760 717 795 solius
743 766 799 795 est
829 761 905 795 520
930 759 975 803 b;
1010 770 1031 793 a

325 822 480 859 Judaeis
526 831 701 872 corrupta
742 825 819 860 520
867 835 908 869 e;
958 822 1031 858 Dei

325 887 513 924 vindicata
559 894 616 924 est
652 888 806 924 Judaeis
853 886 1031 923 caecitate

326 951 484 988 obtectis
525 954 600 989 528
644 953 725 997 cd;
773 952 875 988 luctu
913 951 1031 987 carior

325 1015 409 1052 Deo
441 1017 516 1052 712
547 1029 587 1062 c;
622 1017 739 1065 ipsius
770 1016 910 1053 Christi
942 1028 1031 1064 cog-

325 1092 462 1116 nomen
499 1082 574 1117 799
611 1093 650 1127 e;
695 1082 914 1118 sacrificium
950 1081 1031 1117 Deo

325 1144 579 1191 gratissimum
601 1148 677 1182 854
700 1158 732 1182 a.

271 1208 486 1250 Justificati,
527 1222 655 1246 secure
694 1216 792 1246 stare
832 1216 868 1246 et
908 1209 1032 1245 omnia

327 1273 364 1308 in
441 1274 593 1310 Christo

329 1340 405 1374 577
428 1350 459 1373 a.

272 1401 294 1437 J
300 1402 509 1443 ustificatio‚
530 1415 596 1450 per
625 1403 736 1439 fidem
767 1402 920 1444 Christi,
947 1413 1030 1448 pro-

328 1465 440 1501 missa
480 1469 528 1502 54
564 1467 611 1512 b;
662 1469 738 1504 470
779 1467 823 1511 d;
874 1468 950 1502 533
985 1465 1030 1509 b;

329 1530 472 1575 534b;
508 1532 584 1567 618
610 1531 656 1575 b;
692 1532 766 1567 621
800 1531 845 1575 d;
881 1531 958 1566 622
989 1541 1030 1573 e;

330 1596 406 1630 736
445 1594 489 1639 b;
532 1597 607 1631 854
643 1595 688 1640 d;
728 1601 765 1630 et
797 1594 962 1635 Judaeis,
996 1599 1032 1628 et

329 1658 500 1694 omnibus
526 1661 599 1695 187
621 1671 662 1703 c;
686 1662 759 1696 351
784 1671 824 1704 e3
847 1657 1030 1693 carnalem

328 1728 498 1758 naturam
520 1723 639 1759 elevat
660 1726 736 1759 424
760 1735 799 1767 c;
826 1735 871 1758 ex
892 1722 1034 1757 miseri-

328 1787 455 1822 cordia
492 1787 561 1823 Dei
604 1794 660 1824 est
700 1790 776 1824 553
816 1800 855 1832 c;

327 1858 437 1894 stare,
458 1858 495 1888 et
524 1853 648 1889 omnia
676 1865 784 1901 posse
814 1852 851 1887 in
881 1851 1033 1887 Christo

326 1915 415 1952 facit
439 1922 479 1952 ut
504 1917 689 1964 possimus
721 1919 796 1953 577
818 1929 859 1961 a;
895 1922 1033 1963 quanta

329 1981 388 2022 sit,
420 1994 512 2028 quos
544 1982 688 2018 fructus
717 1982 853 2018 habeat
883 1983 959 2017 669
990 1993 1031 2024 e;

328 2051 504 2092 quantam
534 2047 713 2083 laetitiam
743 2047 873 2082 afferre
900 2045 1032 2081 debeat

331 2111 407 2145 736
429 2110 496 2147 ab.

275 2173 421 2215 -Justus,
457 2175 518 2223 qui
553 2176 612 2219 sit,
647 2175 779 2223 quibus
813 2175 944 2223 gratiis
975 2185 1033 2208 or-

329 2244 448 2285 netur,
476 2240 564 2287 quid
593 2239 786 2276 habiturus
816 2239 863 2274 sit
892 2238 1031 2286 stipen-

330 2303 430 2338 dium
464 2306 540 2340 534
572 2304 616 2350 b;
663 2304 725 2352 qui
763 2304 822 2344 sit,
859 2303 919 2351 qui
957 2315 1033 2338 non

330 2367 389 2408 sit,
426 2369 614 2404 conversis
651 2369 763 2404 corde
795 2367 1033 2403 manifestum

331 2432 408 2467 864
429 2445 460 2468 a.

276 2494 454 2538 Juvenes‚

671 1287 779 1323 posse
860 1274 1033 1309 dicuntur

905 1798 1032 1822 secure

517 2497 714 2544 prudentia
773 2496 1034 2533 eminentiores

329 2561 601 2602 describuntur,
651 2566 779 2608 utpote
832 2560 1034 2596 Nazaritae

331 2628 406 2662 272
431 2626 474 2670 b;
514 2638 626 2673 quare
655 2625 842 2661 frumento
872 2625 1034 2661 donandi

330 2690 403 2725 sint
425 2692 501 2726 744
523 2702 552 2726 a.

639 2807 671 2842 L

277 2881 474 2917 LABORUM
496 2882 580 2917 finis
601 2882 753 2918 deliciae
775 2884 847 2919 401
872 2894 905 2919 c.

281 2945 369 2985 Lac,
393 2946 438 2980 de
465 2947 621 2982 collibus
648 2945 878 2983 Judaeorum
903 2947 1035 2988 fluens,

800 189 1011 227 INDEX
1070 187 1299 225 RERUM

1733 202 1853 226 JUSTL

1153 307 1258 344 lactis
1324 309 1534 356 spiritualis,
1591 308 1856 344 infirmioribus

1154 372 1276 414 dandi,
1297 378 1409 421 typus
1430 375 1506 410 243
1529 373 1552 408 d
1568 385 1599 409 e.

1100 437 1249 478 Lachis,
1291 437 1377 473 urbs
1423 437 1460 473 in
1507 437 1643 473 finibus
1689 435 1713 472 J
1719 436 1855 472 udaeae

1155 503 1231 537 405
1253 501 1298 547 b;
1331 502 1564 537 occasionem
1585 501 1689 537 dedit
1702 499 1726 537 J
1731 500 1856 536 udaeis

1154 565 1392 601 Idololatriae
1413 568 1489 602 403
1511 566 1534 601 d
1546 578 1555 611 ;
1585 565 1666 613 ipsa
1690 565 1770 612 regi
1791 563 1855 600 Se-

1154 629 1330 665 nacherib
1350 630 1387 665 in
1409 629 1535 677 primis
1555 629 1713 665 traditur
1729 630 1805 665 403
1820 640 1839 664 e
1847 640 1855 672 ;

1156 693 1301 729 Israelis
1334 693 1547 741 iniquitates
1575 693 1719 729 imitata
1746 692 1855 741 puni-

1154 764 1214 794 tur
1236 760 1312 794 404
1334 770 1365 793 c.

1100 822 1344 870 Lachrymae,
1389 822 1427 857 in
1473 821 1614 857 laetitia
1660 820 1857 868 aliquando

1154 886 1327 933 profusae
1349 887 1422 923 261
1447 898 1488 931 e;
1517 886 1595 922 sine
1615 884 1857 921 conversione

1155 950 1277 986 cordis
1304 963 1379 986 non
1400 950 1524 986 valent
1545 952 1620 987 408
1644 950 1688 995 d3
1719 950 1858 997 templo

1156 1014 1227 1050 Dei
1282 1027 1357 1050 non
1409 1015 1635 1051 conveniunt
1688 1016 1764 1051 408
1813 1026 1857 1059 e;

1155 1079 1302 1127 quando
1323 1078 1406 1115 Deo
1427 1079 1501 1115 sint
1520 1079 1658 1115 invisae
1680 1081 1757 1115 844
1779 1091 1843 1114 ac.

1101 1144 1234 1184 Lacus,
1260 1156 1335 1179 non
1361 1143 1503 1179 habens
1529 1156 1676 1191 aquam,
1699 1143 1786 1191 quid
1813 1142 1858 1177 sit

1157 1210 1231 1244 738
1254 1221 1294 1253 e;
1328 1210 1403 1244 739
1425 1220 1458 1244 c,

1101 1273 1295 1308 Laetificat
1318 1272 1621 1319 Redemptorem‚
1643 1271 1796 1319 quisque
1817 1283 1860 1307 ea

1155 1349 1249 1385 quae
1290 1336 1346 1372 Illi
1382 1337 1528 1383 placent
1566 1336 1688 1372 facere
1727 1341 1860 1384 optans

1157 1403 1233 1437 695
1267 1401 1314 1446 d;
1357 1402 1433 1437 819
1464 1413 1507 1446 c;
1558 1399 1742 1436 Sacerdos
1781 1399 1861 1435 dili-

1155 1465 1283 1511 gentia
1304 1465 1405 1500 omni
1425 1465 1640 1500 ministrans
1662 1466 1737 1501 825
1759 1476 1792 1500 e⁴

1103 1529 1346 1565 Laetificatur
1380 1528 1484 1565 Deus
1522 1529 1660 1576 pietate
1699 1530 1775 1565 208
1815 1540 1859 1572 e;

1157 1593 1294 1640 pietate
1342 1599 1379 1628 et
1425 1593 1597 1629 laudibus
1646 1599 1683 1628 et
1729 1592 1860 1640 gratiis

1159 1660 1235 1694 270
1257 1670 1296 1702 c;
1327 1657 1499 1693 laudibus
1520 1662 1556 1692 et
1577 1656 1706 1705 gratiis
1730 1659 1801 1693 321
1819 1668 1859 1703 e3

1157 1722 1399 1757 retributione
1428 1734 1495 1768 pro
1525 1721 1715 1756 beneficiis
1747 1721 1862 1768 digna

1159 1789 1233 1822 347
1256 1799 1288 1821 e.

1104 1850 1277 1890 Laetitia,
1321 1850 1452 1885 ablatis
1500 1849 1702 1893 sacrificiis,
1739 1849 1862 1886 ablata

1159 1915 1284 1950 Israeli
1325 1917 1398 1950 211
1442 1914 1485 1959 d;
1531 1913 1753 1951 Sanctorum
1799 1913 1860 1949 de-

1156 1979 1294 2026 scripta
1315 1980 1390 2015 868
1412 1991 1432 2014 c
1446 1979 1482 2014 d.

1102 2044 1224 2085 Laisa,
1246 2056 1318 2091 quo
1340 2043 1451 2079 modo
1471 2055 1492 2079 a
1513 2043 1659 2079 Danitis
1682 2047 1861 2090 occupata

1156 2108 1265 2144 fuerit
1291 2110 1363 2144 135
1385 2108 1419 2144 b.

1104 2173 1352 2213 Lamentatio‚
1379 2171 1596 2208 ebrietatem
1626 2183 1776 2207 necesse
1805 2176 1862 2207 est

1156 2242 1404 2284 consequatur
1452 2238 1528 2272 203
1571 2248 1614 2277 a;
1663 2235 1861 2283 aliquando

1158 2301 1335 2337 naturalis
1384 2302 1460 2337 203
1508 2300 1532 2336 b
1547 2315 1555 2342 ;
1603 2299 1860 2347 peccatoribus

1158 2366 1332 2403 convenit
1366 2367 1442 2402 204
1477 2365 1522 2406 b;
1568 2376 1685 2400 novae
1724 2368 1860 2411 nuptae

1158 2430 1378 2479 gravissima
1412 2431 1488 2466 205
1519 2429 1565 2470 b;
1607 2428 1860 2464 sacerdotibus

1157 2496 1359 2543 imperatur
1384 2507 1406 2530 a
1430 2493 1536 2530 Joele
1564 2494 1640 2529 206
1660 2492 1706 2534 b;
1746 2491 1860 2539 vulgi,

1158 2566 1214 2596 est
1248 2565 1400 2607 propter
1438 2557 1674 2594 afflictionem
1708 2557 1784 2592 206
1816 2568 1858 2597 e;

1158 2625 1317 2673 piorum,
1332 2629 1482 2671 propter
1494 2621 1726 2669 iniquitatem
1737 2622 1812 2656 207
1821 2631 1859 2664 a;

1158 2695 1290 2730 terrae,
1312 2700 1380 2736 pro
1405 2687 1506 2723 luctu
1531 2685 1735 2721 incolarum
1762 2683 1862 2719 dicta

1159 2755 1235 2790 207
1284 2765 1304 2788 e
1319 2764 1328 2798 ;
1387 2750 1652 2790 sacerdotibus,
1700 2747 1862 2795 exempli

1159 2829 1280 2858 causa,
1312 2816 1514 2863 imperatur
1549 2815 1624 2850 209
1659 2812 1704 2858 b3
1744 2812 1862 2860 qualis

1159 2894 1240 2918 esse
1260 2881 1395 2917 debeat
1415 2881 1491 2916 209
1512 2878 1546 2914 d.

1106 2945 1282 2993 Lampas,
1305 2943 1456 2988 Christi,
1476 2942 1552 2978 veri
1572 2941 1731 2987 luminis,
1752 2946 1862 2989 typus
