1997 3361
86 160 110 200 i.
136 176 171 212 Ι,
196 177 231 204 2.
644 164 710 203 IN
758 162 1113 203 AGGAEUM.
1587 164 1667 202 245

85 272 320 339 τοιγάρτοι
353 275 427 323 καὶ
461 272 877 337 ὑπονοστήσαντος
911 279 994 323 τοῦ
1018 270 1221 336 Ἰσραὴλ
1259 273 1307 322 ἐν
1346 275 1441 324 τοῖς
1465 272 1673 337 Ἰεροσο-

86 354 264 418 λύμοις,
285 352 364 405 ἅτε
391 354 446 419 δὴ
467 358 542 406 καὶ
566 355 621 424 ἐξ
639 355 831 418 αἵματος
858 354 926 405 ὧν
945 359 1027 419 τῆς
1053 354 1107 405 τὸ
1133 353 1405 415 βασιλεύειν
1426 353 1674 420 λαχούσης

86 439 257 505 φυλῆς,
301 438 642 499 βεβασίλευκεν
683 439 757 488 ἐπὶ
802 437 883 488 τὸν
925 437 1120 488 Ἰούδαν.
1193 438 1381 500 Ἰησοῦς
1432 434 1581 499 γεμὴν
1625 437 1675 486 ἐκ

88 521 244 587 φυλῆς
286 542 336 570 τε
381 523 455 569 καὶ
491 520 683 582 αἵματος
722 518 787 569 ὧν
828 525 910 570 τοῦ
954 521 1078 582 Λευι,
1121 542 1196 569 και
1240 521 1302 572 ὡς
1341 519 1390 569 ἐκ
1428 517 1553 585 ῥίζης
1592 523 1715 568 τοῦτι
1741 535 1826 568 629
1848 533 1897 566 A.

49 611 69 649 5
87 599 289 697 Ἀαρων,
316 624 401 664 την
436 601 723 670 ἐξῃρημενην
759 606 852 652 τῶν
892 602 1059 652 ἀλλων
1097 604 1171 651 καὶ
1205 600 1469 651 ἀπόλεκτον
1496 602 1677 664 ἀνῆπτο

89 682 240 746 τιμὴν,
268 686 342 733 καὶ
368 707 522 751 pce->fag
547 683 603 748 ἦν
629 683 769 753 ἱερευς.
833 685 953 734 οὕτω
980 683 1073 749 γὰρ
1101 685 1124 732 ὁ
1152 681 1291 746 νόμος
1317 683 1400 733 τὸν
1423 687 1517 732 τῶν
1545 686 1678 748 ἱερῶν

89 787 344 829 ταγματων
392 767 609 831 ἡγεῖσθαι
660 765 875 833 λαχόντα
924 764 1216 830 κατωνόμαζε
1259 765 1427 830 λεγων,
1468 764 1532 828 μὴ
1584 766 1678 814 δεῖν

91 849 303 898 ἀνεῖσθαι
346 851 501 916 φυγῆς
544 846 652 901 τοὺς
691 850 738 898 ἐν
779 853 878 900 ταῖς
918 848 1092 898 πόλεσι
1132 852 1226 897 τῶν
1273 847 1672 916 φυγαδευτηρίων·

92 931 201 980 ἀλλ’
221 930 420 997 ἔνθαπερ
445 929 501 981 ἂν
527 928 615 981 εἶεν
637 931 841 991 ἕκαστοι,
868 931 1020 992 με’νειν
1046 931 1201 990 αὐτοῦ,
1229 936 1255 958 “
1272 930 1355 982 ἕως
1383 929 1437 979 οὗ
1464 928 1679 997 ἀποθάνῃ

29 1019 120 1051 ιο“
147 1012 171 1062 ὁ
208 1011 350 1078 ἱερεὺς
385 1014 410 1063 ὁ
445 1012 630 1079 με’γας,”
664 1013 921 1074 τουτέστιν,
949 1013 974 1062 ὁ
1007 1011 1256 1079 ἀρχιερεύς.
1325 1011 1487 1077 γε’γονε
1526 1011 1680 1062 τοίνυν

94 1097 119 1147 ὁ
149 1096 292 1162 λόγος
317 1097 434 1163 πρὸς
461 1099 619 1166 ἄμφω,
646 1098 728 1148 τόν
753 1120 803 1148 τε
829 1096 1036 1158 βασιλέα
1063 1097 1184 1163 φημὶ
1210 1097 1285 1146 καὶ
1319 1096 1401 1146 τὸν
1427 1101 1520 1146 τῶν
1548 1099 1681 1162 ἱερῶν

94 1181 349 1247 ταγμάτων
381 1182 722 1248 προεστηκότα.
785 1181 949 1235 αὐτοὺς
985 1181 1078 1247 γὰρ
1116 1180 1174 1245 ἧν
1209 1183 1284 1231 καὶ
1319 1180 1436 1234 εἰκὸς
1471 1186 1567 1235 τοῖς
1594 1181 1682 1232 ἅλ-

96 1271 198 1317 λοις
225 1264 376 1315 ἅπασι
402 1269 727 1330 περιαγγεῖλαι
754 1264 807 1314 τὸ
834 1262 1277 1331 χρησμῳδούμενον.
1324 1264 1405 1313 οὐκ
1425 1263 1682 1328 ἠγνοηκόσι

98 1345 160 1409 δὲ,
189 1345 328 1410 οἶμαι,
360 1345 443 1400 τὰς
475 1351 570 1396 τῶν
607 1350 738 1396 λαῶν
775 1345 995 1414 σκήψεις,
1034 1347 1322 1411 ἀπαγγεῖλαι
1359 1345 1725 1413 προστέταχενῑ)

32 1430 125 1479 156
164 1433 257 1479 τῶν
295 1429 422 1479 ὅλων
461 1428 598 1482 Θεός·
640 1427 750 1478 ἀλλ’
788 1427 885 1479 οἷον
922 1430 1185 1491 ἐπιμειδιῶν
1223 1428 1568 1478 ἀναπίπτουσιν
1599 1428 1681 1478 οὐκ

98 1512 146 1561 ἐν
185 1514 328 1580 καιρῷ
365 1509 483 1577 πρὸς
517 1509 570 1561 τὸ
605 1510 830 1579 ῥᾴθυμον,
856 1513 932 1561 καὶ
966 1508 1030 1560 ὧν
1063 1508 1121 1573 ἧν
1146 1509 1265 1563 εἰκὸς
1292 1509 1683 1574 ἐσπουδασμένην

98 1601 334 1648 ποιεῖσθαι
361 1598 608 1665 φροντίδα,
637 1596 815 1647 τούτων
849 1597 1004 1647 αὐτῶν
1036 1596 1089 1647 οὐ
1125 1596 1321 1661 μετρίως
1358 1593 1681 1662 ἠφειδηκόσιν.

99 1677 157 1742 ἦν
181 1678 275 1745 γὰρ
301 1678 487 1742 ἄμεινον
511 1680 679 1729 ἐννοεῖν
704 1681 780 1740 ὡς,
806 1678 932 1745 ε’ίπερ
968 1677 1024 1742 ἧν
1058 1679 1213 1731 αὐτοῖς
1245 1679 1293 1728 ἐν
1317 1677 1684 1747 προύργιαιτέρῳ

101 1761 232 1831 λόγῳ
269 1760 328 1811 τὰ
366 1767 448 1812 τοῦ
487 1765 631 1824 Θεοῦ,
668 1760 855 1814 πάντως
880 1784 973 1812 που
1004 1763 1079 1811 καὶ
1117 1764 1174 1827 τῇ
1208 1761 1315 1827 παρ’
1353 1761 1495 1811 αὑτοῦ
1534 1763 1690 1827 φειδοῖ

35 1862 84 1887 20
103 1846 177 1894 καὶ
211 1843 365 1911 χάριτι
402 1842 520 1909 πρὸς
550 1841 604 1894 τὸ
642 1844 690 1894 εὖ
727 1843 847 1912 ἔχειν
882 1843 1274 1909 διακρατούμενοι,
1299 1842 1525 1908 διήγαγον
1552 1841 1610 1893 ἂν
1636 1844 1684 1893 ἐν

103 1926 359 1992 εὐημερίαις
398 1927 473 1976 καὶ
507 1924 714 1994 πλούτῳ,
741 1927 816 1975 καὶ
851 1926 1145 1993 ἀμφιλαφῶς
1179 1925 1362 1992 ἔχοντες
1388 1923 1447 1974 τὰ
1480 1924 1678 1990 ζωαρκῆ.
1701 1947 1723 1972 ο

105 2009 268 2059 οὐκοῦν
319 2007 458 2058 οἱονεί
500 2030 600 2061 πως
649 2006 1006 2073 ἐπιμαρτύρεται
1054 2006 1129 2058 διὰ
1172 2009 1254 2071 τῆς
1298 2011 1380 2057 τοῦ
1423 2005 1684 2074 Προφήτου

106 2093 280 2158 φωνῆς,
307 2092 368 2143 ὡς
394 2089 593 2142 ἀνοσίως
618 2088 887 2153 ἠμεληκότα
914 2088 996 2140 τὸν
1021 2087 1222 2155 Ἰσραὴλ
1246 2093 1340 2140 τῶν
1367 2087 1436 2139 ὅτι
1470 2088 1686 2152 μάλιστα

107 2173 353 2239 χρησίμων
387 2172 511 2239 αὐτῷ
546 2173 621 2221 καὶ
661 2175 723 2224 εἷς
769 2170 914 2240 δόξαν
955 2172 1171 2236 ὁρώντων
1217 2175 1358 2222 Θεοῦ.
1427 2170 1680 2236 περιστέλ-

41 2267 89 2305 25
109 2261 269 2308 λοντες
295 2253 400 2320 γὰρ,
424 2252 634 2319 καθάπερ
661 2253 834 2303 οἴονται
860 2253 978 2304 κατὰ
1006 2258 1137 2321 σφᾶς
1165 2252 1342 2315 αὐτοὺς,
1364 2252 1688 2317 εὐπροσώποις

109 2338 448 2402 εὑρεσιλογιάις
478 2335 536 2386 τὰ
569 2335 854 2401 ἐγκλήματα,
880 2337 1009 2386 οὔπω
1041 2337 1257 2400 παρεῖναί
1285 2341 1408 2402 φασι
1434 2335 1515 2385 τὸν
1546 2334 1688 2403 καιρὲν

110 2424 192 2469 τοῦ
212 2419 551 2481 ἀναδείμασθαι
573 2416 655 2468 τὸν
676 2416 787 2467 ναὸν
810 2418 969 2485 Κυρίου·
1010 2417 1123 2467 ἀλλ’
1146 2417 1170 2468 ὅ
1191 2440 1243 2482 γε
1270 2423 1352 2467 τοῦ
1379 2420 1493 2482 δρᾶν
1513 2416 1688 2467 ἐθέλειν

163 2617 192 2640 1
217 2608 293 2641 τοῖς
303 2607 524 2649 assumptum
542 2617 583 2639 ex
603 2604 644 2639 B.
652 2604 695 2638 D.
826 2615 859 2648 3.
885 2602 1006 2648 γεμὴν]
1031 2608 1067 2643 ÷
1089 2605 1106 2637 ὁ
1126 2603 1167 2637 Β.
1189 2602 1280 2636 Edd.
1298 2603 1408 2636 invito
1429 2602 1471 2636 D.
1591 2615 1624 2644 4.
1651 2615 1685 2636 τε

114 2660 334 2697 assumptum
352 2664 392 2685 ex
413 2652 454 2685 Β.
461 2652 505 2685 D.
809 2660 841 2693 5.
868 2650 1013 2694 ἀνῆπτον
1031 2651 1110 2693 (sio)
1131 2649 1221 2683 Edd.
1241 2650 1364 2693 ἀνῆπτε
1383 2648 1532 2683 correxit
1551 2649 1686 2693 Migne.

115 2700 148 2732 8.
166 2700 279 2744 φυγὴν
294 2699 338 2732 D.
391 2698 515 2732 Statim
533 2699 603 2732 τοῖς
620 2709 683 2742 pro
699 2712 776 2733 τους
792 2698 836 2731 D.
948 2709 980 2741 9.
999 2696 1038 2730 ἂν
1052 2697 1195 2731 accessit
1209 2709 1250 2730 ex
1265 2696 1305 2730 B.
1311 2697 1356 2729 D.
1409 2695 1534 2729 Statim
1551 2695 1688 2729 ἕκαστοι

116 2760 180 2780 ειεν
196 2761 303 2789 μενειν
319 2746 438 2780 αυτοὺς
455 2745 515 2780 ἕως
531 2744 571 2778 ἂν
588 2745 634 2778 D.
828 2755 880 2778 10.
907 2745 925 2777 ὁ
941 2744 1017 2789 με’γ.
1036 2744 1057 2777 ἶ.
1077 2744 1122 2777 D.
1320 2754 1332 2776 Ι
1344 2754 1371 2776 1.
1398 2743 1454 2775 τὸν
1474 2743 1619 2775 alt.01n.
1641 2742 1687 2776 D.

122 2803 173 2826 12.
199 2793 251 2825 καὶ
267 2799 487 2837 assumptum
506 2804 547 2825 ex
567 2791 608 2826 Β.
614 2792 660 2826 D.
979 2800 1030 2834 15.
1055 2789 1122 2833 ἅμα
1139 2790 1322 2824 πίπτουσιν
1339 2801 1401 2833 pro
1418 2788 1573 2822 ἀνοπιπτ.
1594 2788 1687 2822 Edd.

122 2838 174 2872 16.
200 2839 482 2882 ἐσπουδασμενως
500 2838 558 2873 lid.
714 2848 764 2882 17.
791 2836 1011 2882 ἢφειδηκόσιν
1030 2837 1075 2870 D.
1094 2835 1317 2882 ἠφειδηκότας
1334 2835 1392 2870 lid.
1545 2847 1597 2878 19.
1623 2850 1688 2869 που

117 2891 338 2934 assumptum
356 2897 396 2919 ex
419 2885 457 2919 Β.
464 2885 509 2919 D.
809 2896 863 2928 25.
890 2882 1055 2928 καθάπερ]
1079 2888 1116 2924 -Ι-
1137 2888 1194 2917 οὐν
1213 2882 1303 2917 Edd.
1323 2883 1430 2917 invito
1451 2881 1496 2915 D.
1563 2882 1688 2916 Statim

118 2933 223 2965 οἷόντε
242 2944 304 2976 pro
322 2931 445 2966 οἴονται
466 2932 510 2965 D.
703 2931 756 2965 26.
781 2933 933 2975 παρεῖναι
949 2931 1040 2975 φασι
1058 2930 1123 2965 hoc
1141 2942 1180 2964 Ol
1183 2929 1262 2964 dlne
1282 2929 1322 2964 Β.
1530 2939 1583 2973 27.
1610 2930 1691 2963 νεὼν

122 2989 181 3020 pro
199 2980 274 3012 ναὸν
292 2978 383 3012 Edd.
402 2979 517 3012 invitis
537 2978 576 3012 B.
584 2978 629 3012 D.

1741 938 1843 969 Num.

1742 993 1840 1014 xxxv.
1851 984 1900 1012 28.
