2053 3382
261 201 338 236 646

316 319 577 368 praevalebant
596 320 671 354 274
691 329 731 362 c;
759 316 851 364 igni,
869 320 1021 364 propter

315 385 492 426 furorem,
531 381 736 429 comparati
776 383 851 418 324
890 393 934 426 ος
985 386 1022 416 et

316 461 454 497 magna
482 452 519 483 et
554 459 679 494 parva,
714 447 738 482 i.
765 459 796 482 e.
832 451 869 482 et
901 445 1020 481 Israe-

316 514 388 549 lem
409 517 447 548 et
464 512 616 552 Judam,
639 511 868 547 devorabant
891 512 966 546 324
982 510 1021 555 d;

315 577 339 613 ,J
347 577 500 612 udaeam
529 576 852 624 depopulabantur
877 577 953 611 359
974 574 1020 615 b;

318 644 391 678 361
440 641 462 676 d
483 654 491 686 ;

316 707 394 742 sive
421 718 625 754 regnorum
652 704 885 741 terrestrium
916 715 1022 751 prae-

555 640 802 688 principatum
846 638 1022 687 primurn,

315 771 478 819 cipuum‚
494 770 689 811 habentes,
706 770 744 805 in
764 775 945 805 terrorem
967 768 1024 803 Is-

315 835 455 872 raelitis
472 835 698 882 objiciuntur
715 836 792 870 430
810 846 829 869 c
846 846 856 879 3
885 835 960 869 431
981 845 1022 878 a;

318 913 386 948 pro
410 901 504 948 jugo
533 899 707 942 Satanae,
735 904 772 934 et
792 898 1023 941 confusione,

317 964 551 1013 intelligendi
568 965 644 1001 432
664 976 702 1007 ος
730 966 805 999 514
823 975 860 1005 c;
889 965 965 999 530
982 962 1024 1004 b;

319 1033 395 1067 535
421 1043 463 1071 c;
502 1031 579 1066 536
602 1029 650 1073 b;
686 1041 759 1064 una
784 1040 869 1064 cum
896 1027 1026 1062 incolis

318 1096 429 1131 urbes
455 1094 704 1130 incendebant
731 1095 807 1129 443
834 1092 878 1137 d,
909 1091 1025 1127 victo-

319 1161 372 1196 ria
408 1171 519 1207 super
553 1158 722 1195 Judaeos
756 1156 1026 1205 superbientes,

319 1225 492 1261 universa
532 1229 634 1260 terra
675 1222 860 1270 potituros
899 1220 1026 1256 crede-

317 1289 409 1325 bant
431 1291 507 1326 462
532 1288 609 1333 de3
640 1287 678 1323 in
704 1287 869 1324 Judaeos
896 1285 1027 1321 crude-

319 1354 404 1390 liter
431 1353 652 1395 saevientcs,
680 1365 702 1388 a
727 1353 809 1388 Deo
840 1351 962 1388 Persis
991 1356 1028 1387 et

321 1418 422 1467 Cyro
450 1419 649 1454 traduntur
675 1419 751 1454 463
775 1417 855 1462 ab;
887 1419 962 1453 537
985 1428 1026 1461 a;

320 1483 488 1519 Judaeos
501 1483 677 1518 remissos
691 1482 871 1521 videntes,
886 1481 1028 1528 pudore

320 1548 444 1584 affecti
478 1549 555 1584 463
585 1559 625 1591 c;
664 1546 831 1594 captivos
862 1544 1029 1580 Judaeos

321 1619 502 1649 vexantes
536 1624 557 1648 a
587 1611 672 1647 Deo
704 1609 1030 1658 reprehenduntur

322 1680 398 1714 478
435 1690 476 1723 c;
519 1676 675 1712 Judaeis
709 1675 864 1723 captivis
902 1674 1030 1709 invicti

321 1742 544 1778 videbantur
560 1743 636 1777 479
655 1741 732 1785 ab;
761 1739 858 1788 quali
880 1739 1030 1787 ingenio

321 1807 459 1843 fuerint
481 1808 556 1843 523
579 1819 620 1851 a;
653 1818 725 1853 quo
746 1804 907 1841 bellandi
926 1816 1030 1840 more

322 1877 516 1908 uterentur
545 1873 620 1907 523
648 1871 693 1915 b;
728 1868 1030 1905 interfectoribus

324 1936 465 1974 Christi
491 1940 757 1983 comparantur
785 1936 861 1971 523
890 1946 930 1978 c;
966 1945 1031 1981 ag-

323 2001 476 2049 geribus
508 2001 628 2043 factis,
665 2000 776 2036 urbes
809 1998 1031 2034 obsidebant

325 2068 403 2102 526
437 2065 482 2111 d;
525 2065 625 2113 quod
656 2064 693 2100 in
720 2063 888 2100 Judaeos
919 2063 1029 2099 facie-

324 2131 426 2172 bant,
457 2130 661 2171 Divinitus,
688 2142 764 2164 non
794 2141 893 2170 casu,
922 2127 1033 2163 facie—

322 2196 415 2231 bant
436 2197 511 2231 528
528 2195 572 2240 d;
599 2194 638 2230 in
657 2194 815 2230 Judaico
835 2193 933 2229 bello
954 2205 1032 2229 sae-

323 2260 466 2296 vissimi
498 2261 575 2296 529
605 2259 652 2305 b;
692 2258 874 2306 templum
904 2258 1029 2294 incen-

325 2326 471 2367 dentes,
500 2323 751 2372 profanissimi
778 2325 854 2360 529
877 2335 917 2367 c;
952 2322 1027 2358 vic-

325 2390 421 2426 toria
440 2389 562 2437 potiti,
583 2388 863 2424 insolentissimi
888 2390 964 2424 529
987 2388 1030 2433 d3

325 2455 488 2503 piscibus
517 2454 691 2501 ferisque,
719 2453 908 2489 tenuiores
937 2453 1030 2501 deg-

324 2519 556 2559 lutientibus,
605 2518 810 2566 comparati
857 2520 934 2554 530
983 2530 1031 2563 a3

327 2584 417 2619 item
458 2583 630 2625 Diabolo,
674 2582 798 2618 Deum
844 2583 1034 2630 spernenti

329 2651 406 2685 530
427 2648 473 2694 b;
505 2648 640 2684 iterum
665 2653 819 2695 propter
841 2647 1031 2683 insatiabi-

328 2713 402 2748 lem
430 2713 672 2760 cupiditatem
695 2711 856 2748 Satanae
882 2724 1032 2760 compa-

328 2782 458 2813 rantur
486 2780 562 2814 535
590 2789 632 2822 03
668 2779 744 2814 536
771 2776 853 2822 bd;
884 2777 1031 2825 imperi-

330 2854 393 2876 um
420 2854 527 2877 suum
549 2841 718 2889 spoliatis
738 2841 896 2877 aliorum
916 2841 1033 2889 impe-

330 2905 394 2941 riis
425 2906 679 2942 extendebant
715 2908 792 2943 539
825 2919 869 2951 a;
911 2907 1035 2954 copias

332 2970 493 3016 majores
531 2970 654 3013 solito,
693 2981 731 3008 et
769 2971 882 3008 duces
925 2984 1035 3018 quam

791 195 1007 231 INDEX
1068 194 1311 230 RERUM.

1616 206 1846 229 BABYLONII.

1144 314 1325 363 plurimos
1362 313 1511 350 alebant
1551 315 1627 350 539
1665 313 1713 358 b3
1766 313 1849 348 ideo

1146 379 1321 420 Satanae,
1343 384 1380 415 et
1408 378 1621 415 Haereticis
1646 378 1850 426 comparati

1148 447 1223 482 539
1251 445 1328 488 cd;
1364 445 1497 480 domos
1523 443 1800 483 comburentes,
1830 455 1852 478 a

1146 510 1249 558 ligno
1270 510 1362 557 ipso,
1384 515 1421 545 et
1442 509 1487 544 ab
1507 508 1670 548 insectis,
1692 507 1850 544 crudeli-

1146 575 1234 610 tatis
1261 574 1423 610 accusati
1452 576 1529 610 540
1557 573 1634 618 ab;
1671 578 1850 620 quantum

1147 639 1289 687 gloriae
1323 639 1497 686 primum,
1534 643 1712 685 quantum
1747 637 1851 672 dein-

1147 717 1234 752 ceps
1255 703 1476 740 calamitatis
1495 703 1693 738 habuerint
1716 704 1788 738 541
1810 714 1850 746 e;

1149 772 1224 806 542
1260 769 1308 814 b3
1355 768 1469 804 nimia
1506 767 1641 803 fiducia
1678 773 1715 803 et
1749 779 1854 802 secu-

1146 835 1256 870 ritate
1290 834 1462 881 peribant
1497 836 1573 869 544
1609 832 1653 876 b3
1698 834 1773 867 545
1807 831 1851 876 d;

1149 899 1273 936 stolidi
1303 899 1563 934 describuntur
1594 899 1671 933 580
1701 896 1747 941 d;
1786 908 1851 931 ne-

1148 965 1238 1000 mini
1265 963 1469 1012 parcebant
1497 965 1573 999 587
1601 975 1643 1007 e3
1682 960 1854 1008 reliquias

1149 1029 1331 1070 Judaeae,
1349 1029 1444 1064 sicut
1464 1040 1633 1068 uvarum,
1655 1026 1855 1074 diligenter

1149 1094 1344 1142 rapiebant
1383 1095 1459 1129 613
1501 1105 1542 1136 a;
1591 1104 1657 1139 per
1695 1091 1854 1138 figuram

1151 1171 1333 1207 equorum
1361 1157 1537 1205 descripti
1564 1158 1640 1193 659
1666 1155 1742 1200 de;
1774 1167 1856 1190 cor-

1151 1224 1260 1260 nibus
1286 1227 1550 1270 comparantur
1572 1223 1648 1257 665
1670 1233 1711 1265 a;
1743 1231 1856 1267 quare

1151 1288 1233 1324 acui
1264 1288 1435 1324 dicantur
1467 1289 1543 1323 665
1577 1286 1653 1330 cd;
1702 1284 1857 1320 ulterius

1151 1366 1261 1400 quam
1292 1353 1394 1388 Deus
1424 1352 1593 1387 voluerat
1623 1351 1660 1386 in
1689 1349 1713 1386 J
1719 1349 1857 1385 udaeos

1152 1418 1367 1454 saeviebant
1407 1419 1482 1453 714
1522 1429 1565 1461 c;
1614 1415 1783 1451 curribus
1820 1418 1858 1449 et

1151 1483 1254 1530 equis
1275 1481 1442 1518 Judaeos
1463 1480 1650 1516 vexabant
1671 1482 1745 1516 737
1769 1491 1801 1514 e.

1098 1547 1225 1589 Balac,
1266 1546 1351 1582 Rex
1397 1545 1598 1585 Moabites,
1639 1542 1857 1579 execrabilis

1154 1615 1202 1649 75
1231 1624 1272 1657 a;
1309 1610 1397 1658 quid
1427 1609 1556 1646 fecerit
1581 1614 1711 1645 contra
1738 1607 1858 1643 Israe-

1152 1677 1235 1713 litas
1278 1678 1354 1712 447
1396 1676 1418 1711 b
1443 1675 1487 1721 d;
1541 1673 1689 1722 magica
1727 1671 1858 1707 uteba-

1154 1748 1226 1784 tur,
1258 1740 1488 1789 Babylonios
1514 1739 1681 1775 imitatus
1709 1738 1785 1774 506
1814 1748 1856 1781 c;

1157 1809 1233 1844 524
1255 1819 1286 1843 c.

1103 1872 1269 1918 Balaam,
1304 1870 1504 1918 Propheta,
1544 1867 1676 1905 Israeli
1710 1867 1859 1914 ingrato

1156 1937 1383 1985 exprobatur
1405 1938 1480 1971 447
1502 1934 1526 1970 b
1542 1934 1578 1969 d.

1104 2002 1299 2050 Baptisma
1309 2000 1508 2047 sanctum‚j
1515 2011 1610 2035 anua
1618 1996 1861 2045 ingressionis

1156 2067 1203 2103 ad
1233 2066 1424 2102 Christum
1455 2067 1503 2101 85
1527 2076 1566 2108 c;
1607 2063 1782 2102 salutare,
1813 2060 1860 2096 ab

1157 2131 1367 2167 Haereticis
1405 2135 1662 2176 contemptum
1704 2129 1778 2163 124
1810 2125 1859 2170 b;

1157 2209 1290 2244 aquam
1339 2195 1526 2230 viventem
1575 2193 1638 2228 dat
1686 2193 1762 2228 224
1811 2202 1859 2235 e3

1156 2260 1299 2309 peccati
1324 2259 1489 2301 abolitio,
1516 2256 1783 2306 purificationis
1809 2254 1861 2291 ef-

1156 2325 1287 2362 fectrix
1333 2327 1410 2361 465
1450 2324 1498 2368 b;
1547 2322 1780 2358 Judaeorum
1822 2319 1862 2355 in

1157 2391 1257 2426 Mari
1277 2395 1315 2426 et
1328 2389 1454 2430 Nube,
1469 2388 1588 2424 nostri
1604 2394 1716 2435 typus
1730 2387 1807 2422 469
1822 2385 1860 2429 b;

1158 2468 1285 2496 unum,
1314 2459 1351 2490 et
1380 2454 1527 2489 unionis
1556 2452 1653 2488 inter
1683 2450 1861 2487 Christia-

1157 2532 1227 2556 nos
1257 2519 1444 2555 vinculum
1477 2519 1551 2554 491
1580 2517 1628 2562 d3
1671 2515 1862 2563 Baptisma

1159 2583 1322 2632 Spiritus
1370 2583 1497 2619 Sancti
1545 2588 1582 2618 et
1629 2580 1726 2628 ignis
1773 2578 1863 2626 quid

1161 2651 1235 2685 778
1285 2661 1329 2693 a;
1388 2645 1690 2685 Catechurnenis,
1739 2642 1862 2679 oneris

1158 2713 1302 2762 peccati
1331 2712 1468 2749 levatio
1502 2717 1560 2748 est
1594 2711 1669 2746 780
1702 2721 1742 2753 e;
1777 2707 1862 2742 fons

1157 2777 1391 2826 purgationis
1411 2775 1635 2824 praedicitur
1655 2774 1730 2808 786
1752 2784 1785 2808 e.

1107 2842 1284 2891 Baptista
1313 2842 1368 2876 vir
1396 2840 1539 2881 unicus,
1571 2851 1643 2886 quo
1672 2850 1748 2873 non
1782 2848 1863 2872 sur-

1160 2906 1259 2942 rexit
1292 2906 1424 2953 major,
1461 2905 1537 2940 242
1575 2902 1621 2948 b;
1670 2901 1863 2939 Christum

1162 2970 1391 3019 praedicans,
1439 2980 1505 3015 per
1557 2966 1646 3014 Cyri
1700 2966 1862 3008 nuntios,
