1997 3361
13 610 35 648 5

0 1189 39 1214 [0

0 1634 38 1671 15

0 2050 41 2075 ΞΟ

57 161 114 201 iii.
139 173 178 215 5,
202 163 240 203 6.
504 164 576 204 IN
623 164 887 206 NAIIUM.
948 164 1098 204 TOM.
1132 163 1169 204 Ι.
1574 159 1627 197 53

55 292 149 320 τειν
174 270 339 335 ἤθελεν
363 273 387 321 ὁ
416 272 595 335 Βαλὰκ,
623 274 648 323 ὁ
676 277 948 334 Μωαβιτῶν
982 270 1223 333 βασιλεύς.
1291 271 1630 331 κατεμισθοῦτο
1649 294 1669 320 c

56 351 148 419 γὰρ
189 353 271 403 τὸν
309 353 550 421 ἀλιτήριον
594 354 798 418 Βαλαὰμ
835 357 909 405 καὶ
952 355 1008 418 δὴ
1043 356 1117 405 καὶ
1155 358 1216 406 εἱς·
1254 351 1360 418 ὅρος
1397 347 1629 414 ἀνεκόμιζὲ

55 441 82 462 “
103 435 256 501 λέγων
281 440 434 502 Δεῦρο
460 437 727 503 κατάρασαί
749 461 826 500 μοι
850 437 931 488 τὸν
956 436 1201 503 Ἰσραήλ.”
1249 433 1397 504 ᾤοντο
1427 431 1533 498 γὰρ,
1560 431 1630 481 ὅτι

54 522 154 571 ταῖς
181 523 274 568 τῶν
299 518 465 584 μάγων
497 521 628 585 ἀραῖς
661 519 974 583 ἀκολουθήσει
1009 519 1067 569 τὰ
1103 516 1373 584 πράγματα.
1440 516 1631 584 πορνείαν

56 598 111 663 δὴ
133 600 212 650 οὖν
237 602 284 651 ἐν
309 600 487 654 τούτοις
513 600 598 665 τὴν
617 601 838 667 γοητικήν
864 625 911 652 τε
939 604 1013 652 καὶ
1038 600 1193 665 μάγον
1216 596 1427 662 ὀνομάζει
1452 596 1632 664 τέχνην,

56 682 110 731 δι’
147 681 201 746 ἧς
242 683 534 734 κατεπῶλουν
573 682 654 744 ἔθνη
697 691 773 735 καὶ
815 683 970 753 φυλας
1010 685 1050 733 οἱ
1089 687 1234 733 ταῦτα
1273 682 1433 747 σοφοὶ,
1473 680 1541 729 ἀεὶ
1579 677 1633 729 τὸ

56 763 305 829 κρατήσειν
332 766 691 834 ὑπισχνούμενοι
717 771 811 819 τοῖς
835 763 1138 832 προσάγουσι
1161 762 1374 827 μισθούς.

52 1005 163 1046 Ἰδοὺ
201 1005 286 1053 {tl-d)
322 1006 392 1047 ἐπὶ
429 1007 488 1057 σὲ,
516 1007 627 1053 λὲι-ει
664 1005 811 1062 Κύριος
837 1006 859 1047 ὁ
887 1004 994 1047 Θεὸς
1020 1005 1042 1045 ὁ
1070 1004 1394 1060 Παντοκράτωρ,
1422 1002 1487 1042 καὶ
1526 1001 1631 1042 dno·
1653 1010 1674 1047 5

126 1089 305 1138 καλύψω
330 1088 379 1130 τὰ
407 1089 545 1130 ὀπίσω
572 1103 646 1129 σου
676 1089 745 1129 ἐπὶ
778 1087 825 1129 τὸ
857 1086 1089 1144 Πρὸσωτῐόν
1117 1101 1203 1137 σου,
1236 1086 1303 1126 καὶ
1335 1084 1462 1127 δείξω
1494 1085 1631 1128 ἔθνεσι
1652 1082 1679 1122 (l

124 1173 199 1214 τέιν
239 1171 436 1229 αἷσχύνΗν
474 1188 548 1215 σου
590 1173 657 1214 καὶ
695 1171 926 1223 βασιλείαις
963 1170 1039 1213 τιὶν
1077 1170 1248 1219 ἀτιμίαν
1286 1184 1371 1211 σου·
1412 1170 1479 1209 καὶ
1516 1169 1675 1225 &sup-6

125 1255 236 1312 ῥίψω
262 1257 331 1298 ἐπὶ
363 1256 407 1298 σὲ
436 1255 666 1307 βδελιη-μὸν
694 1256 800 1298 κατὰ
833 1256 908 1297 τὰς
943 1253 1206 1311 ἀκαθαρσίας
1237 1268 1323 1303 σου,
1352 1252 1419 1293 καὶ
1452 1252 1634 1301 Οὲιοομαί

126 1355 171 1381 σε
198 1337 257 1380 e'tc
283 1339 562 1397 Παρὰὃειι-μα.

123 1456 238 1509 ‘'Orc
272 1457 338 1522 μὴ
372 1457 489 1525 πρὸς
524 1458 771 1525 ἄνθρωπον
806 1459 831 1509 ὁ
867 1456 1011 1523 λόγος
1050 1457 1166 1523 αὐτῇ
1203 1455 1317 1520 μήτε
1355 1454 1448 1518 μὴν
1480 1455 1505 1505 ὁ
1542 1453 1631 1505 πό-

59 1547 214 1605 λεμος,
248 1541 496 1605 ἐπεμήνισε
532 1540 579 1592 δὲ
619 1545 808 1604 μᾶλλον
849 1541 874 1591 ὁ
913 1543 1007 1590 τῶν
1051 1537 1289 1601 δυνάμεων
1330 1537 1519 1603 Κύριος,
1562 1537 1637 1587 καὶ

60 1623 452 1692 κατεξανίστησιν
478 1624 618 1687 αὐτῆς
647 1623 839 1689 Πέρσας
873 1645 921 1672 τε
956 1624 1030 1672 καὶ
1064 1620 1274 1684 Μήδους,
1301 1620 1637 1684 κατασημαῖνει

59 1704 222 1756 πάλιν.
288 1709 354 1774 τῷ
380 1704 427 1756 δὲ
463 1705 519 1769 δὴ
553 1704 742 1756 πάντων
773 1701 1179 1773 κατεξουσιάζοντι
1204 1706 1312 1772 Θεῷ
1338 1704 1413 1753 καὶ
1446 1705 1512 1771 τῷ
1543 1706 1674 1752 τῶνο

60 1787 187 1838 ὅλων
227 1787 378 1855 ἔχοντι
422 1788 605 1854 κράτος,
645 1787 713 1841 τίς
752 1788 776 1837 ὁ
820 1786 1104 1855 ἀντεξάγων,
1145 1789 1183 1836 εἰ
1222 1789 1444 1848 πολεμεῖν
1483 1783 1637 1835 ἕλοιτό

59 1891 214 1931 τισιν;
254 1867 352 1920 εἶτά
387 1874 538 1938 φησιν
582 1869 652 1920 ὅτι
702 1874 778 1921 καὶ
819 1864 1126 1938 ἀποκαλύψω
1166 1865 1226 1918 τα
1270 1869 1410 1918 ὀπίσω
1449 1891 1526 1917 σου
1563 1867 1637 1917 ἐπὶ

60 1951 107 2004 το
142 1952 370 2021 πρόσωπόν
408 1977 498 2004 σου.
564 1953 727 2018 γε’γονε
761 1950 809 2002 δὲ
834 1949 980 2002 πάλιν
1007 1952 1031 2001 ὁ
1060 1948 1204 2016 λόγος
1236 1952 1297 2003 ὡς
1324 1951 1397 2000 ἐπὶ
1426 1947 1640 2015 γυναικὸς

61 2034 411 2101 ἑταιριζομένης,
441 2033 470 2098 ἢ
497 2033 613 2085 ὅσον
643 2033 728 2098 μὲν
760 2033 869 2098 ἧκεν
904 2038 966 2087 εἰς
1003 2031 1264 2099 πρόσωπον
1302 2033 1377 2082 καὶ
1409 2031 1490 2081 τὸν
1524 2030 1639 2098 ε”ξω-

61 2120 139 2167 θεν
166 2115 421 2183 ὡραϊσμὸν,
449 2117 726 2184 ἀξιέραστος
761 2114 874 2166 εἶναι
907 2120 1004 2169 τοῖς
1039 2116 1188 2181 ὁρῶσι
1227 2115 1365 2163 δοκεῖ·
1433 2116 1469 2163 εὶ
1499 2111 1547 2162 δὲ
1582 2111 1638 2175 δὴ

59 2199 201 2250 πάθοι
234 2198 318 2262 τὴν
352 2199 645 2266 ἀπαμφίεσιν
670 2202 745 2249 καὶ
776 2204 859 2249 τοῦ
890 2198 1073 2261 κόσμου
1098 2194 1184 2260 τὴν
1212 2195 1452 2256 ἀπόθεσιν,
1477 2197 1639 2262 γυμνῷ

61 2281 118 2345 δὴ
148 2279 333 2334 πάντως
365 2278 692 2348 ἀσχημονήσει
718 2283 783 2349 τῷ
808 2280 1010 2343 σώματι,
1036 2283 1130 2329 τῶν
1155 2278 1328 2343 μορίων
1353 2274 1406 2327 τὸ
1433 2275 1638 2328 ἀκαλλὲς

61 2363 306 2430 ἀκρύπτως
330 2363 634 2431 ἐκφαίνουσα.
701 2357 1007 2431 ἀποκαλύψω
1045 2359 1102 2424 δὴ
1141 2360 1223 2410 οὖν
1248 2363 1372 2427 φησι
1403 2356 1462 2409 τα
1496 2360 1638 2408 ὀπίσω

112 2522 141 2545 1.
168 2512 186 2544 ὁ
203 2510 300 2556 prius
318 2522 388 2544 om.
408 2510 451 2543 B.
704 2518 736 2541 2.
761 2506 843 2552 γὰρ]
868 2511 904 2547 -l-
925 2507 964 2550 δὴ
985 2506 1076 2541 Edd.
1093 2506 1203 2540 invito
1222 2506 1266 2539 D.
1519 2514 1552 2549 5.
1579 2505 1637 2540 οὖν

60 2563 283 2602 assumptum
300 2569 341 2590 ex
360 2557 407 2591 D.
455 2556 515 2600 τὴν
530 2553 688 2601 γοητικήν
704 2569 739 2587 τε
760 2553 812 2599 [τε
829 2566 899 2588 om.
920 2553 980 2599 B]
1000 2554 1052 2587 καὶ
1076 2554 1184 2598 μάγον
1200 2552 1353 2596 ὀνομάζει
1373 2551 1464 2585 Β.Ι).
1484 2551 1637 2594 ὀνομάζει

60 2605 120 2648 τὴν
135 2604 291 2650 γοητικὴν
308 2603 399 2638 Edd.
557 2602 588 2636 6.
615 2601 691 2643 ἔθνη
710 2607 930 2644 assumptum
947 2613 988 2634 ex
1008 2600 1101 2634 B.D.
1264 2599 1297 2632 8.
1324 2600 1342 2631 ὁ
1361 2599 1444 2633 Θεὸς
1462 2600 1480 2631 ὁ
1497 2610 1567 2632 om.
1587 2599 1635 2634 D.

61 2651 138 2696 (87.
158 2650 222 2695 al.)
578 2661 611 2694 9.
638 2648 735 2690 δείξω
753 2647 866 2681 ἔθνεσι
883 2647 942 2690 τὴν
958 2646 1121 2692 αἰσχύνην
1141 2644 1400 2691 [ἀσχημοσύνην
1419 2645 1456 2678 F.
1476 2644 1633 2691 (Alex.)]

61 2712 127 2731 σου
144 2697 190 2731 D.
212 2696 302 2731 Edd.
320 2696 379 2741 τὴν
396 2695 560 2741 αἰσχύνην
577 2710 641 2730 σου
658 2695 756 2737 δείξω
774 2694 886 2727 ἔθνεσι
906 2693 947 2726 Β.
966 2694 1078 2738 (153.)
1434 2703 1485 2725 11.
1512 2690 1570 2737 σε]
1595 2696 1632 2732 -1-

60 2745 119 2778 τὸν
137 2744 179 2778 Β.
198 2744 309 2788 (153.)
423 2754 476 2787 15.
502 2741 759 2785 κατασημαίνειν
777 2739 868 2774 Edd.
887 2746 965 2773 ante
985 2740 1116 2784 Migne.
1246 2737 1299 2771 16.
1325 2737 1553 2780 ἐξουσιάζοντι
1571 2751 1634 2783 pro

61 2791 172 2833 κατεξ.
193 2790 284 2824 Edd.
576 2789 628 2823 18.
655 2790 763 2833 φησιν
780 2785 850 2820 εἶτα
869 2798 931 2830 pro
947 2801 1061 2827 τισιν;
1088 2783 1157 2819 εἶτα
1175 2785 1283 2827 φησιν
1300 2790 1332 2817 et
1349 2786 1457 2828 φησιν
1475 2791 1553 2829 post
1570 2800 1635 2820 σου

60 2837 141 2871 add.
160 2837 209 2872 D.
259 2836 384 2871 Statim
403 2836 449 2872 εἷς
465 2847 529 2881 pro
546 2836 600 2870 ἐπὶ
618 2836 655 2869 τὸ
674 2835 720 2868 D.
739 2834 782 2868 cf.
801 2833 901 2866 infra.
1101 2843 1154 2875 19.
1183 2831 1279 2865 Haec
1298 2832 1316 2864 ὁ
1333 2832 1436 2875 λόγος
1454 2838 1636 2877 assumpta

60 2895 102 2917 ex
122 2883 214 2917 B.D.
372 2894 427 2917 20.
452 2883 521 2927 ἥκει
540 2882 632 2916 Edd.
793 2891 847 2913 21.
877 2876 975 2923 εἶναι]
1000 2881 1036 2918 -Ι-
1057 2892 1107 2913 τις
1123 2877 1183 2911 iid.
1233 2879 1302 2912 τοῖς
1321 2879 1446 2920 ὁρῶσιν
1463 2876 1544 2912 εἶναι
1562 2879 1634 2913 inv.

61 2930 181 2964 ordine
200 2930 246 2965 D.
459 2940 514 2963 22.
539 2929 628 2972 πάθῃ
646 2927 704 2961 iid.
755 2926 851 2959 Haec
869 2926 921 2959 καὶ
938 2927 996 2958 τοῦ
1013 2925 1142 2969 κόσμου
1159 2924 1217 2968 τὴν
1234 2924 1398 2959 ἀπόθεσιν
1415 2931 1635 2960 accesserunt

62 2987 103 3009 ex
120 2976 213 3012 B.D.
374 2987 428 3020 23.
455 2977 649 3020 Assumpta
666 2974 704 3016 δὴ
723 2986 764 3008 ex
784 2972 876 3006 B.D.
895 2973 940 3018 τῷ
959 2983 1000 3005 ex
1020 2971 1066 3004 D.

1692 279 1792 309 Num.

1691 323 1769 352 xxii.

1691 366 1782 396 xxiii.

1691 441 1742 471 ῘΙ».
1760 441 1851 472 xxiii.

1694 494 1721 524 7.
