<?xml version="1.0" encoding="UTF-8"?>
<!DOCTYPE html PUBLIC "-//W3C//DTD XHTML 1.0 Transitional//EN"
    "http://www.w3.org/TR/xhtml1/DTD/xhtml1-transitional.dtd">
<html xmlns="http://www.w3.org/1999/xhtml" xml:lang="en" lang="en">
 <head>
  <title>
</title>
<meta http-equiv="Content-Type" content="text/html;charset=utf-8" />
  <meta name='ocr-system' content='tesseract 3.04.00' />
  <meta name='ocr-capabilities' content='ocr_page ocr_carea ocr_par ocr_line ocrx_word'/>
</head>
<body>
  <div class='ocr_page' id='page_1' title='image "./operacyrilli02cyriuoft/operacyrilli02cyriuoft_0100.png"; bbox 0 0 2007 3366; ppageno 0'>
   <div class='ocr_carea' id='block_1_1' title="bbox 268 141 1847 195">
    <p class='ocr_par' dir='ltr' id='par_1_1' title="bbox 268 141 1847 195">
     <span class='ocr_line' id='line_1_1' title="bbox 268 141 1847 195; baseline 0.009 -14"><span class='ocrx_word' id='word_1_1' title='bbox 268 141 324 181; x_wconf 78' lang='lat'>92</span> <span class='ocrx_word' id='word_1_2' title='bbox 672 145 720 185; x_wconf 86' lang='lat' dir='ltr'>B.</span> <span class='ocrx_word' id='word_1_3' title='bbox 764 145 1037 185; x_wconf 82' lang='lat' dir='ltr'>CYRILLI</span> <span class='ocrx_word' id='word_1_4' title='bbox 1080 144 1456 186; x_wconf 87' lang='lat' dir='ltr'>ALEXANDR.</span> <span class='ocrx_word' id='word_1_5' title='bbox 1697 141 1738 182; x_wconf 85' lang='lat' dir='ltr'>ii·</span> <span class='ocrx_word' id='word_1_6' title='bbox 1755 153 1847 195; x_wconf 85' lang='lat'>2,3.</span> 
     </span>
    </p>
   </div>
   <div class='ocr_carea' id='block_1_2' title="bbox 49 250 1923 1228">
    <p class='ocr_par' dir='ltr' id='par_1_2' title="bbox 49 250 1923 1228">
     <span class='ocr_line' id='line_1_2' title="bbox 273 250 1851 321; baseline 0 -21"><span class='ocrx_word' id='word_1_7' title='bbox 273 257 299 279; x_wconf 76' lang='lat'>‘⁴</span> <span class='ocrx_word' id='word_1_8' title='bbox 323 253 364 301; x_wconf 81' lang='grc' dir='ltr'>οἱ</span> <span class='ocrx_word' id='word_1_9' title='bbox 416 256 623 317; x_wconf 78' lang='grc' dir='ltr'>κραταιοὶ</span> <span class='ocrx_word' id='word_1_10' title='bbox 671 256 754 317; x_wconf 78' lang='grc' dir='ltr'>τῆς</span> <span class='ocrx_word' id='word_1_11' title='bbox 803 256 891 318; x_wconf 85' lang='grc' dir='ltr'>γῆς</span> <span class='ocrx_word' id='word_1_12' title='bbox 939 253 1133 321; x_wconf 86' lang='grc' dir='ltr'>σφόδρα</span> <span class='ocrx_word' id='word_1_13' title='bbox 1183 255 1503 321; x_wconf 85' lang='grc' dir='ltr'>ἐπήρθησαν.”</span> <span class='ocrx_word' id='word_1_14' title='bbox 1582 254 1655 303; x_wconf 76' lang='grc' dir='ltr'>καὶ</span> <span class='ocrx_word' id='word_1_15' title='bbox 1705 250 1851 302; x_wconf 83' lang='grc' dir='ltr'>πάλιν</span> 
     </span>
     <span class='ocr_line' id='line_1_3' title="bbox 50 321 1852 406; baseline -0.001 -23"><span class='ocrx_word' id='word_1_16' title='bbox 50 321 141 406; x_wconf 40' lang='grc' dir='ltr'><strong><em>ἕλοι)</em></strong></span> <span class='ocrx_word' id='word_1_17' title='bbox 159 330 188 351; x_wconf 88' lang='lat' dir='ltr'>v.</span> <span class='ocrx_word' id='word_1_18' title='bbox 275 339 301 361; x_wconf 88' lang='lat'>“</span> <span class='ocrx_word' id='word_1_19' title='bbox 329 336 525 385; x_wconf 77' lang='grc' dir='ltr'>Νεοττοὶ</span> <span class='ocrx_word' id='word_1_20' title='bbox 566 334 614 386; x_wconf 79' lang='grc' dir='ltr'>δὲ</span> <span class='ocrx_word' id='word_1_21' title='bbox 657 334 806 400; x_wconf 78' lang='grc' dir='ltr'>γυπὸς</span> <span class='ocrx_word' id='word_1_22' title='bbox 844 335 902 385; x_wconf 81' lang='grc' dir='ltr'>τὰ</span> <span class='ocrx_word' id='word_1_23' title='bbox 944 336 1111 403; x_wconf 78' lang='grc' dir='ltr'>ὑψηλὰ</span> <span class='ocrx_word' id='word_1_24' title='bbox 1149 337 1408 388; x_wconf 77' lang='grc' dir='ltr'>πε’τανται.”</span> <span class='ocrx_word' id='word_1_25' title='bbox 1473 337 1590 387; x_wconf 82' lang='grc' dir='ltr'>ἐθῶν</span> <span class='ocrx_word' id='word_1_26' title='bbox 1627 332 1721 400; x_wconf 81' lang='grc' dir='ltr'>γὰρ</span> <span class='ocrx_word' id='word_1_27' title='bbox 1756 336 1852 383; x_wconf 85' lang='grc' dir='ltr'>τῶν</span> 
     </span>
     <span class='ocr_line' id='line_1_4' title="bbox 272 413 1851 487; baseline -0.001 -22"><span class='ocrx_word' id='word_1_28' title='bbox 272 415 485 481; x_wconf 80' lang='grc' dir='ltr'>ἐπιγείων</span> <span class='ocrx_word' id='word_1_29' title='bbox 515 419 590 467; x_wconf 79' lang='grc' dir='ltr'>καὶ</span> <span class='ocrx_word' id='word_1_30' title='bbox 620 414 914 482; x_wconf 77' lang='grc' dir='ltr'>πραγμάτων</span> <span class='ocrx_word' id='word_1_31' title='bbox 945 422 1039 468; x_wconf 84' lang='grc' dir='ltr'>τῶν</span> <span class='ocrx_word' id='word_1_32' title='bbox 1072 421 1399 485; x_wconf 75' lang='grc' dir='ltr'>γεωδεστέρων</span> <span class='ocrx_word' id='word_1_33' title='bbox 1429 417 1692 487; x_wconf 72' lang='grc' dir='ltr'>ἀπῴκισται</span> <span class='ocrx_word' id='word_1_34' title='bbox 1725 413 1851 466; x_wconf 75' lang='grc' dir='ltr'>πολὺ</span> 
     </span>
     <span class='ocr_line' id='line_1_5' title="bbox 271 498 1848 570; baseline 0 -23"><span class='ocrx_word' id='word_1_35' title='bbox 271 501 366 548; x_wconf 82' lang='grc' dir='ltr'>τῶν</span> <span class='ocrx_word' id='word_1_36' title='bbox 400 499 547 563; x_wconf 83' lang='grc' dir='ltr'>ἁγίων</span> <span class='ocrx_word' id='word_1_37' title='bbox 583 500 608 549; x_wconf 86' lang='grc' dir='ltr'>ὁ</span> <span class='ocrx_word' id='word_1_38' title='bbox 643 504 761 552; x_wconf 80' lang='grc' dir='ltr'><strong>νοῦς.</strong></span> <span class='ocrx_word' id='word_1_39' title='bbox 827 501 1046 568; x_wconf 71' lang='grc' dir='ltr'>στήσομαι</span> <span class='ocrx_word' id='word_1_40' title='bbox 1079 500 1136 565; x_wconf 85' lang='grc' dir='ltr'>δὴ</span> <span class='ocrx_word' id='word_1_41' title='bbox 1170 502 1251 552; x_wconf 78' lang='grc' dir='ltr'>οὖν</span> <span class='ocrx_word' id='word_1_42' title='bbox 1289 503 1361 553; x_wconf 65' lang='grc' dir='ltr'>ἐπὶ</span> <span class='ocrx_word' id='word_1_43' title='bbox 1394 501 1468 561; x_wconf 60' lang='grc' dir='ltr'>τῆς</span> <span class='ocrx_word' id='word_1_44' title='bbox 1505 498 1718 570; x_wconf 67' lang='grc' dir='ltr'>φυλακῆς</span> <span class='ocrx_word' id='word_1_45' title='bbox 1744 522 1848 566; x_wconf 81' lang='grc' dir='ltr'>μου,</span> 
     </span>
     <span class='ocr_line' id='line_1_6' title="bbox 272 579 1894 651; baseline 0 -21"><span class='ocrx_word' id='word_1_46' title='bbox 272 581 438 647; x_wconf 78' lang='grc' dir='ltr'>φησὶν,</span> <span class='ocrx_word' id='word_1_47' title='bbox 461 581 677 632; x_wconf 80' lang='grc' dir='ltr'>τουτέστι</span> <span class='ocrx_word' id='word_1_48' title='bbox 702 580 788 645; x_wconf 85' lang='grc' dir='ltr'>τὴν</span> <span class='ocrx_word' id='word_1_49' title='bbox 812 583 998 648; x_wconf 79' lang='grc' dir='ltr'>ἐντριβῆ</span> <span class='ocrx_word' id='word_1_50' title='bbox 1024 585 1098 634; x_wconf 74' lang='grc' dir='ltr'>καὶ</span> <span class='ocrx_word' id='word_1_51' title='bbox 1122 582 1304 648; x_wconf 87' lang='grc' dir='ltr'>συνήθη</span> <span class='ocrx_word' id='word_1_52' title='bbox 1333 586 1477 651; x_wconf 78' lang='grc' dir='ltr'>νῆψιν</span> <span class='ocrx_word' id='word_1_53' title='bbox 1501 584 1684 650; x_wconf 71' lang='grc' dir='ltr'>ἐμαυτῷ</span> <span class='ocrx_word' id='word_1_54' title='bbox 1709 579 1845 643; x_wconf 86' lang='grc' dir='ltr'>ποιή-</span> <span class='ocrx_word' id='word_1_55' title='bbox 1871 593 1894 631; x_wconf 90' lang='grc'><strong>5</strong></span> 
     </span>
     <span class='ocr_line' id='line_1_7' title="bbox 271 661 1847 736; baseline 0 -24"><span class='ocrx_word' id='word_1_56' title='bbox 271 685 420 725; x_wconf 91' lang='grc' dir='ltr'>σομαι</span> <span class='ocrx_word' id='word_1_57' title='bbox 445 661 605 726; x_wconf 81' lang='grc' dir='ltr'>πάλιν,</span> <span class='ocrx_word' id='word_1_58' title='bbox 633 668 838 730; x_wconf 85' lang='grc' dir='ltr'>καθαριῶ</span> <span class='ocrx_word' id='word_1_59' title='bbox 870 664 953 715; x_wconf 82' lang='grc' dir='ltr'>τὸν</span> <span class='ocrx_word' id='word_1_60' title='bbox 985 671 1108 724; x_wconf 87' lang='grc' dir='ltr'>νοῦν,</span> <span class='ocrx_word' id='word_1_61' title='bbox 1134 665 1403 736; x_wconf 77' lang='grc' dir='ltr'>ἀπαλλάξω</span> <span class='ocrx_word' id='word_1_62' title='bbox 1442 666 1690 733; x_wconf 73' lang='grc' dir='ltr'>φροντίδος·</span> <span class='ocrx_word' id='word_1_63' title='bbox 1728 685 1847 714; x_wconf 88' lang='grc' dir='ltr'>κοσ-</span> 
     </span>
     <span class='ocr_line' id='line_1_8' title="bbox 271 744 1853 815; baseline 0.001 -21"><span class='ocrx_word' id='word_1_64' title='bbox 271 747 421 808; x_wconf 81' lang='grc' dir='ltr'>μικῆς,</span> <span class='ocrx_word' id='word_1_65' title='bbox 472 744 806 811; x_wconf 83' lang='grc' dir='ltr'>ἀναπτήσομαι</span> <span class='ocrx_word' id='word_1_66' title='bbox 854 745 900 798; x_wconf 78' lang='grc' dir='ltr'>δὲ</span> <span class='ocrx_word' id='word_1_67' title='bbox 955 745 1116 812; x_wconf 75' lang='grc' dir='ltr'>ὥσπερ</span> <span class='ocrx_word' id='word_1_68' title='bbox 1166 753 1224 803; x_wconf 79' lang='grc' dir='ltr'>εἷς</span> <span class='ocrx_word' id='word_1_69' title='bbox 1274 748 1447 815; x_wconf 66' lang='grc' dir='ltr'>πέτραν,</span> <span class='ocrx_word' id='word_1_70' title='bbox 1498 747 1740 798; x_wconf 81' lang='grc' dir='ltr'>τουτέστιν</span> <span class='ocrx_word' id='word_1_71' title='bbox 1790 748 1853 799; x_wconf 79' lang='grc' dir='ltr'>εἷς</span> 
     </span>
     <span class='ocr_line' id='line_1_9' title="bbox 226 826 1851 899; baseline 0.001 -24"><span class='ocrx_word' id='word_1_72' title='bbox 226 834 253 875; x_wconf 92' lang='lat' dir='ltr'><strong>d</strong></span> <span class='ocrx_word' id='word_1_73' title='bbox 272 826 572 892; x_wconf 83' lang='grc' dir='ltr'>ἐδραιοτάτην</span> <span class='ocrx_word' id='word_1_74' title='bbox 596 827 699 879; x_wconf 77' lang='grc' dir='ltr'>τινὰ</span> <span class='ocrx_word' id='word_1_75' title='bbox 725 832 800 880; x_wconf 78' lang='grc' dir='ltr'>καὶ</span> <span class='ocrx_word' id='word_1_76' title='bbox 827 828 925 880; x_wconf 76' lang='grc' dir='ltr'>οἷον</span> <span class='ocrx_word' id='word_1_77' title='bbox 952 831 1078 898; x_wconf 76' lang='grc' dir='ltr'>ὑψοῦ</span> <span class='ocrx_word' id='word_1_78' title='bbox 1107 832 1314 895; x_wconf 75' lang='grc' dir='ltr'>κειμένην</span> <span class='ocrx_word' id='word_1_79' title='bbox 1345 833 1530 881; x_wconf 84' lang='grc' dir='ltr'>ἐννοιῶν</span> <span class='ocrx_word' id='word_1_80' title='bbox 1565 827 1851 899; x_wconf 82' lang='grc' dir='ltr'>ἀσφάλειαν·</span> 
     </span>
     <span class='ocr_line' id='line_1_10' title="bbox 271 909 1852 982; baseline 0.002 -22"><span class='ocrx_word' id='word_1_81' title='bbox 271 911 365 961; x_wconf 83' lang='grc' dir='ltr'>ἐκεῖ</span> <span class='ocrx_word' id='word_1_82' title='bbox 393 909 613 976; x_wconf 80' lang='grc' dir='ltr'>γεγονὼς,</span> <span class='ocrx_word' id='word_1_83' title='bbox 639 911 849 979; x_wconf 79' lang='grc' dir='ltr'>καθάπερ</span> <span class='ocrx_word' id='word_1_84' title='bbox 887 913 944 982; x_wconf 77' lang='grc' dir='ltr'>ἐξ</span> <span class='ocrx_word' id='word_1_85' title='bbox 976 915 1226 980; x_wconf 79' lang='grc' dir='ltr'>ἀκρωρείας</span> <span class='ocrx_word' id='word_1_86' title='bbox 1265 912 1627 981; x_wconf 77' lang='grc' dir='ltr'>κατασκέψομαι</span> <span class='ocrx_word' id='word_1_87' title='bbox 1665 915 1852 974; x_wconf 80' lang='grc' dir='ltr'>νοητῶς,</span> 
     </span>
     <span class='ocr_line' id='line_1_11' title="bbox 271 991 1923 1062; baseline -0.001 -18"><span class='ocrx_word' id='word_1_88' title='bbox 271 994 402 1058; x_wconf 81' lang='grc' dir='ltr'>οἵπερ</span> <span class='ocrx_word' id='word_1_89' title='bbox 444 994 502 1044; x_wconf 81' lang='grc' dir='ltr'>ἂν</span> <span class='ocrx_word' id='word_1_90' title='bbox 546 994 665 1060; x_wconf 77' lang='grc' dir='ltr'>πρὸς</span> <span class='ocrx_word' id='word_1_91' title='bbox 709 995 764 1057; x_wconf 59' lang='grc' dir='ltr'>με’</span> <span class='ocrx_word' id='word_1_92' title='bbox 811 997 1019 1061; x_wconf 75' lang='grc' dir='ltr'>γε’νοιντο</span> <span class='ocrx_word' id='word_1_93' title='bbox 1063 997 1197 1062; x_wconf 86' lang='grc' dir='ltr'>λόγοι</span> <span class='ocrx_word' id='word_1_94' title='bbox 1241 996 1371 1062; x_wconf 81' lang='grc' dir='ltr'>παρὰ</span> <span class='ocrx_word' id='word_1_95' title='bbox 1417 1000 1554 1058; x_wconf 79' lang='grc' dir='ltr'>Θεοῦ,</span> <span class='ocrx_word' id='word_1_96' title='bbox 1600 998 1675 1045; x_wconf 78' lang='grc' dir='ltr'>καὶ</span> <span class='ocrx_word' id='word_1_97' title='bbox 1713 995 1761 1044; x_wconf 89' lang='grc' dir='ltr'>τί</span> <span class='ocrx_word' id='word_1_98' title='bbox 1795 991 1853 1043; x_wconf 79' lang='grc' dir='ltr'>ἂν</span> <span class='ocrx_word' id='word_1_99' title='bbox 1876 1011 1923 1037; x_wconf 88' lang='lat'>10</span> 
     </span>
     <span class='ocr_line' id='line_1_12' title="bbox 270 1075 1853 1145; baseline 0 -19"><span class='ocrx_word' id='word_1_100' title='bbox 270 1075 495 1140; x_wconf 75' lang='grc' dir='ltr'>μέλλοιμι</span> <span class='ocrx_word' id='word_1_101' title='bbox 537 1078 694 1143; x_wconf 89' lang='grc' dir='ltr'>λέγειν</span> <span class='ocrx_word' id='word_1_102' title='bbox 734 1077 886 1141; x_wconf 80' lang='grc' dir='ltr'>αὐτὸς,</span> <span class='ocrx_word' id='word_1_103' title='bbox 922 1083 959 1130; x_wconf 86' lang='grc' dir='ltr'>εὶ</span> <span class='ocrx_word' id='word_1_104' title='bbox 998 1080 1199 1145; x_wconf 69' lang='grc' dir='ltr'>ἐλέγχειν</span> <span class='ocrx_word' id='word_1_105' title='bbox 1237 1079 1459 1139; x_wconf 77' lang='grc' dir='ltr'>βούλοιτο</span> <span class='ocrx_word' id='word_1_106' title='bbox 1499 1077 1633 1140; x_wconf 72' lang='grc' dir='ltr'>Θεὸς,</span> <span class='ocrx_word' id='word_1_107' title='bbox 1671 1079 1732 1130; x_wconf 78' lang='grc' dir='ltr'>ὡς</span> <span class='ocrx_word' id='word_1_108' title='bbox 1771 1076 1853 1126; x_wconf 80' lang='grc' dir='ltr'>οὐκ</span> 
     </span>
     <span class='ocr_line' id='line_1_13' title="bbox 49 1159 1849 1228; baseline -0.001 -17"><span class='ocrx_word' id='word_1_109' title='bbox 49 1172 156 1211; x_wconf 63' lang='lat' dir='ltr'><strong>Supra</strong></span> <span class='ocrx_word' id='word_1_110' title='bbox 271 1160 509 1228; x_wconf 73' lang='grc' dir='ltr'>ἀσφαλῶς</span> <span class='ocrx_word' id='word_1_111' title='bbox 533 1159 746 1226; x_wconf 75' lang='grc' dir='ltr'>εἰρηκότα</span> <span class='ocrx_word' id='word_1_112' title='bbox 773 1161 827 1212; x_wconf 89' lang='grc' dir='ltr'>τό</span> <span class='ocrx_word' id='word_1_113' title='bbox 855 1168 881 1191; x_wconf 86' lang='grc'><strong>“</strong></span> <span class='ocrx_word' id='word_1_114' title='bbox 902 1165 984 1216; x_wconf 81' lang='grc' dir='ltr'>Εἰς</span> <span class='ocrx_word' id='word_1_115' title='bbox 1019 1161 1068 1212; x_wconf 81' lang='grc' dir='ltr'>τί</span> <span class='ocrx_word' id='word_1_116' title='bbox 1097 1161 1362 1223; x_wconf 72' lang='grc' dir='ltr'>ἐπιβλέπεις</span> <span class='ocrx_word' id='word_1_117' title='bbox 1388 1163 1461 1213; x_wconf 77' lang='grc' dir='ltr'>ἐπὶ</span> <span class='ocrx_word' id='word_1_118' title='bbox 1495 1164 1849 1228; x_wconf 84' lang='grc' dir='ltr'>καταφρονοῦν-</span> 
     </span>
    </p>
   </div>
   <div class='ocr_carea' id='block_1_3' title="bbox 44 1225 1811 1313">
    <p class='ocr_par' dir='ltr' id='par_1_3' title="bbox 44 1225 1811 1313">
     <span class='ocr_line' id='line_1_14' title="bbox 44 1225 1811 1313; baseline 0.01 -28"><span class='ocrx_word' id='word_1_119' title='bbox 44 1227 65 1247; x_wconf 57' lang='lat'>¹⁴</span> <span class='ocrx_word' id='word_1_120' title='bbox 87 1225 133 1255; x_wconf 65' lang='lat'>13&#39;</span> <span class='ocrx_word' id='word_1_121' title='bbox 272 1248 298 1271; x_wconf 75' lang='lat'>‘⁴‘</span> <span class='ocrx_word' id='word_1_122' title='bbox 324 1264 437 1302; x_wconf 75' lang='grc' dir='ltr'>τας-ς</span> <span class='ocrx_word' id='word_1_123' title='bbox 478 1243 835 1312; x_wconf 87' lang='grc' dir='ltr'>παρασιωπήσῃ</span> <span class='ocrx_word' id='word_1_124' title='bbox 861 1245 909 1294; x_wconf 87' lang='grc' dir='ltr'>ἐν</span> <span class='ocrx_word' id='word_1_125' title='bbox 933 1247 998 1313; x_wconf 75' lang='grc' dir='ltr'>τῷ</span> <span class='ocrx_word' id='word_1_126' title='bbox 1025 1244 1290 1296; x_wconf 82' lang='grc' dir='ltr'>καταπίνειν</span> <span class='ocrx_word' id='word_1_127' title='bbox 1316 1246 1469 1308; x_wconf 80' lang='grc' dir='ltr'>ἀσεβῆ</span> <span class='ocrx_word' id='word_1_128' title='bbox 1495 1242 1577 1295; x_wconf 76' lang='grc' dir='ltr'>τὸν</span> <span class='ocrx_word' id='word_1_129' title='bbox 1604 1242 1780 1294; x_wconf 69' lang='grc' dir='ltr'>δίκαιον</span> <span class='ocrx_word' id='word_1_130' title='bbox 1800 1265 1811 1302; x_wconf 82' lang='grc'><strong>;</strong></span> 
     </span>
    </p>
   </div>
   <div class='ocr_carea' id='block_1_4' title="bbox 157 1502 1923 1647">
    <p class='ocr_par' dir='ltr' id='par_1_4' title="bbox 157 1502 1923 1647">
     <span class='ocr_line' id='line_1_15' title="bbox 157 1502 1851 1563; baseline 0.001 -20"><span class='ocrx_word' id='word_1_131' title='bbox 157 1511 177 1534; x_wconf 70' lang='lat'>0</span> <span class='ocrx_word' id='word_1_132' title='bbox 232 1509 251 1533; x_wconf 90' lang='lat'><strong>2</strong></span> <span class='ocrx_word' id='word_1_133' title='bbox 276 1502 349 1544; x_wconf 78' lang='grc' dir='ltr'>Καὶ</span> <span class='ocrx_word' id='word_1_134' title='bbox 376 1503 585 1561; x_wconf 62' lang='grc' dir='ltr'>ἀπεκρίθη</span> <span class='ocrx_word' id='word_1_135' title='bbox 615 1504 764 1562; x_wconf 70' lang='grc' dir='ltr'>Κύριος</span> <span class='ocrx_word' id='word_1_136' title='bbox 796 1506 902 1562; x_wconf 70' lang='grc' dir='ltr'>Πρὸς</span> <span class='ocrx_word' id='word_1_137' title='bbox 940 1507 990 1554; x_wconf 83' lang='grc' dir='ltr'>μὲ</span> <span class='ocrx_word' id='word_1_138' title='bbox 1024 1506 1091 1547; x_wconf 80' lang='grc' dir='ltr'>καὶ</span> <span class='ocrx_word' id='word_1_139' title='bbox 1122 1502 1214 1547; x_wconf 78' lang='grc' dir='ltr'>εἶπε</span> <span class='ocrx_word' id='word_1_140' title='bbox 1244 1505 1411 1563; x_wconf 78' lang='grc' dir='ltr'>Γράψον</span> <span class='ocrx_word' id='word_1_141' title='bbox 1438 1508 1585 1563; x_wconf 84' lang='grc' dir='ltr'>ὅρασιν</span> <span class='ocrx_word' id='word_1_142' title='bbox 1613 1505 1764 1561; x_wconf 72' lang='grc' dir='ltr'>σαφῶς</span> <span class='ocrx_word' id='word_1_143' title='bbox 1791 1503 1851 1546; x_wconf 70' lang='grc' dir='ltr'>εἰς</span> 
     </span>
     <span class='ocr_line' id='line_1_16' title="bbox 233 1587 1923 1647; baseline 0.002 -21"><span class='ocrx_word' id='word_1_144' title='bbox 233 1590 254 1626; x_wconf 90' lang='grc'>3</span> <span class='ocrx_word' id='word_1_145' title='bbox 340 1587 501 1639; x_wconf 75' lang='grc' dir='ltr'>Πυὲίον,</span> <span class='ocrx_word' id='word_1_146' title='bbox 526 1590 646 1630; x_wconf 73' lang='grc' dir='ltr'>ὅπως</span> <span class='ocrx_word' id='word_1_147' title='bbox 678 1588 813 1647; x_wconf 58' lang='grc' dir='ltr'>διώκῃ</span> <span class='ocrx_word' id='word_1_148' title='bbox 847 1590 869 1631; x_wconf 88' lang='grc' dir='ltr'>ὁ</span> <span class='ocrx_word' id='word_1_149' title='bbox 907 1589 1211 1637; x_wconf 79' lang='grc' dir='ltr'>ἀναΓινὼσκων</span> <span class='ocrx_word' id='word_1_150' title='bbox 1239 1590 1361 1632; x_wconf 83' lang='grc' dir='ltr'>αὐτά.</span> <span class='ocrx_word' id='word_1_151' title='bbox 1398 1590 1505 1632; x_wconf 74' lang='grc' dir='ltr'>διότι</span> <span class='ocrx_word' id='word_1_152' title='bbox 1531 1590 1593 1631; x_wconf 80' lang='grc' dir='ltr'>ἔτι</span> <span class='ocrx_word' id='word_1_153' title='bbox 1618 1591 1766 1646; x_wconf 69' lang='grc' dir='ltr'>ὅρασις</span> <span class='ocrx_word' id='word_1_154' title='bbox 1792 1588 1851 1630; x_wconf 71' lang='grc' dir='ltr'>εἰς</span> <span class='ocrx_word' id='word_1_155' title='bbox 1877 1597 1923 1636; x_wconf 90' lang='lat'>15</span> 
     </span>
    </p>
   </div>
   <div class='ocr_carea' id='block_1_5' title="bbox 341 1670 1515 1730">
    <p class='ocr_par' dir='ltr' id='par_1_5' title="bbox 341 1670 1515 1730">
     <span class='ocr_line' id='line_1_17' title="bbox 341 1670 1515 1730; baseline 0.003 -18"><span class='ocrx_word' id='word_1_156' title='bbox 341 1671 502 1727; x_wconf 85' lang='grc' dir='ltr'>καιρὸν,</span> <span class='ocrx_word' id='word_1_157' title='bbox 530 1674 597 1714; x_wconf 79' lang='grc' dir='ltr'><strong>καί</strong></span> <span class='ocrx_word' id='word_1_158' title='bbox 624 1670 823 1714; x_wconf 81' lang='grc' dir='ltr'>ἀνατελεῖ</span> <span class='ocrx_word' id='word_1_159' title='bbox 850 1671 908 1714; x_wconf 70' lang='grc' dir='ltr'>εἰς</span> <span class='ocrx_word' id='word_1_160' title='bbox 935 1675 1070 1730; x_wconf 73' lang='grc' dir='ltr'>Πέρας</span> <span class='ocrx_word' id='word_1_161' title='bbox 1098 1673 1166 1715; x_wconf 86' lang='grc' dir='ltr'>καὶ</span> <span class='ocrx_word' id='word_1_162' title='bbox 1192 1674 1267 1715; x_wconf 83' lang='grc' dir='ltr'>οὐκ</span> <span class='ocrx_word' id='word_1_163' title='bbox 1294 1672 1353 1716; x_wconf 73' lang='grc' dir='ltr'>εἰς</span> <span class='ocrx_word' id='word_1_164' title='bbox 1381 1674 1515 1717; x_wconf 84' lang='grc' dir='ltr'>κενόν.</span> 
     </span>
    </p>
   </div>
   <div class='ocr_carea' id='block_1_6' title="bbox 273 1813 1854 2049">
    <p class='ocr_par' dir='ltr' id='par_1_6' title="bbox 273 1813 1854 2049">
     <span class='ocr_line' id='line_1_18' title="bbox 348 1813 1854 1887; baseline 0.002 -24"><span class='ocrx_word' id='word_1_165' title='bbox 348 1815 501 1887; x_wconf 69' lang='grc' dir='ltr'>Γραφῇ</span> <span class='ocrx_word' id='word_1_166' title='bbox 528 1813 701 1864; x_wconf 83' lang='grc' dir='ltr'>κελεύει</span> <span class='ocrx_word' id='word_1_167' title='bbox 734 1816 1022 1879; x_wconf 85' lang='grc' dir='ltr'>παραδοῦναι</span> <span class='ocrx_word' id='word_1_168' title='bbox 1061 1813 1130 1874; x_wconf 62' lang='grc' dir='ltr'>τὴν</span> <span class='ocrx_word' id='word_1_169' title='bbox 1167 1815 1321 1884; x_wconf 51' lang='lat' dir='ltr'>&#39;aspona-w,</span> <span class='ocrx_word' id='word_1_170' title='bbox 1349 1815 1449 1879; x_wconf 78' lang='grc' dir='ltr'>η’τοι</span> <span class='ocrx_word' id='word_1_171' title='bbox 1486 1819 1580 1866; x_wconf 84' lang='grc' dir='ltr'>τῶν</span> <span class='ocrx_word' id='word_1_172' title='bbox 1618 1816 1854 1878; x_wconf 80' lang='grc' dir='ltr'>ἐσομένων</span> 
     </span>
     <span class='ocr_line' id='line_1_19' title="bbox 273 1892 1854 1966; baseline 0.003 -21"><span class='ocrx_word' id='word_1_173' title='bbox 273 1892 358 1958; x_wconf 84' lang='grc' dir='ltr'>τὴν</span> <span class='ocrx_word' id='word_1_174' title='bbox 382 1895 706 1964; x_wconf 77' lang='grc' dir='ltr'>ἀποκάλυψιν·</span> <span class='ocrx_word' id='word_1_175' title='bbox 750 1896 1065 1966; x_wconf 74' lang='grc' dir='ltr'>άξιάκουστον</span> <span class='ocrx_word' id='word_1_176' title='bbox 1095 1896 1189 1964; x_wconf 80' lang='grc' dir='ltr'>γὰρ</span> <span class='ocrx_word' id='word_1_177' title='bbox 1226 1896 1280 1948; x_wconf 81' lang='grc' dir='ltr'>τὸ</span> <span class='ocrx_word' id='word_1_178' title='bbox 1318 1897 1478 1964; x_wconf 80' lang='grc' dir='ltr'>χρῆμά</span> <span class='ocrx_word' id='word_1_179' title='bbox 1509 1899 1625 1960; x_wconf 80' lang='grc' dir='ltr'>ἐστι,</span> <span class='ocrx_word' id='word_1_180' title='bbox 1652 1899 1727 1949; x_wconf 84' lang='grc' dir='ltr'>καὶ</span> <span class='ocrx_word' id='word_1_181' title='bbox 1759 1903 1854 1949; x_wconf 83' lang='grc' dir='ltr'>τῶν</span> 
     </span>
     <span class='ocr_line' id='line_1_20' title="bbox 273 1976 1850 2049; baseline 0.002 -20"><span class='ocrx_word' id='word_1_182' title='bbox 273 1977 344 2029; x_wconf 79' lang='grc' dir='ltr'>ὅτι</span> <span class='ocrx_word' id='word_1_183' title='bbox 378 1976 593 2042; x_wconf 78' lang='grc' dir='ltr'>μάλιστα</span> <span class='ocrx_word' id='word_1_184' title='bbox 624 1981 1036 2044; x_wconf 73' lang='grc' dir='ltr'>τεθαυμασμένων·</span> <span class='ocrx_word' id='word_1_185' title='bbox 1079 1984 1212 2048; x_wconf 85' lang='grc' dir='ltr'>φιλεῖ</span> <span class='ocrx_word' id='word_1_186' title='bbox 1246 1981 1300 2031; x_wconf 78' lang='grc' dir='ltr'>δέ</span> <span class='ocrx_word' id='word_1_187' title='bbox 1331 2004 1429 2034; x_wconf 77' lang='grc' dir='ltr'>πως</span> <span class='ocrx_word' id='word_1_188' title='bbox 1460 1982 1529 2031; x_wconf 78' lang='grc' dir='ltr'>ἀεὶ</span> <span class='ocrx_word' id='word_1_189' title='bbox 1566 1985 1659 2032; x_wconf 84' lang='grc' dir='ltr'>τῶν</span> <span class='ocrx_word' id='word_1_190' title='bbox 1696 2004 1850 2049; x_wconf 89' lang='grc' dir='ltr'>γραμ-</span> 
     </span>
    </p>
   </div>
   <div class='ocr_carea' id='block_1_7' title="bbox 273 2183 1854 2326">
    <p class='ocr_par' dir='ltr' id='par_1_7' title="bbox 273 2183 1854 2326">
     <span class='ocr_line' id='line_1_21' title="bbox 321 2183 1852 2232; baseline 0.002 -13"><span class='ocrx_word' id='word_1_191' title='bbox 321 2196 353 2220; x_wconf 86' lang='grc'>2.</span> <span class='ocrx_word' id='word_1_192' title='bbox 378 2183 502 2231; x_wconf 81' lang='grc' dir='ltr'>γυπὸς]</span> <span class='ocrx_word' id='word_1_193' title='bbox 522 2185 626 2219; x_wconf 83' lang='grc' dir='ltr'>ἀετῶν</span> <span class='ocrx_word' id='word_1_194' title='bbox 645 2185 691 2219; x_wconf 90' lang='lat' dir='ltr'>D.</span> <span class='ocrx_word' id='word_1_195' title='bbox 711 2186 783 2230; x_wconf 88' lang='lat'>(55.</span> <span class='ocrx_word' id='word_1_196' title='bbox 801 2186 843 2220; x_wconf 85' lang='lat' dir='ltr'>al.</span> <span class='ocrx_word' id='word_1_197' title='bbox 850 2187 861 2229; x_wconf 98' lang='lat'>)</span> <span class='ocrx_word' id='word_1_198' title='bbox 922 2187 962 2220; x_wconf 85' lang='grc' dir='ltr'>τὰ</span> <span class='ocrx_word' id='word_1_199' title='bbox 980 2198 1049 2220; x_wconf 90' lang='lat' dir='ltr'>om.</span> <span class='ocrx_word' id='word_1_200' title='bbox 1071 2187 1117 2221; x_wconf 89' lang='lat' dir='ltr'>D.</span> <span class='ocrx_word' id='word_1_201' title='bbox 1181 2186 1338 2221; x_wconf 79' lang='grc' dir='ltr'>πέτανται</span> <span class='ocrx_word' id='word_1_202' title='bbox 1359 2187 1399 2221; x_wconf 81' lang='lat' dir='ltr'>B.</span> <span class='ocrx_word' id='word_1_203' title='bbox 1419 2188 1514 2231; x_wconf 84' lang='lat'>(110.</span> <span class='ocrx_word' id='word_1_204' title='bbox 1533 2187 1593 2232; x_wconf 86' lang='lat' dir='ltr'>al.)</span> <span class='ocrx_word' id='word_1_205' title='bbox 1612 2187 1654 2222; x_wconf 86' lang='lat' dir='ltr'>de</span> <span class='ocrx_word' id='word_1_206' title='bbox 1672 2187 1740 2222; x_wconf 85' lang='lat' dir='ltr'>Ad.</span> <span class='ocrx_word' id='word_1_207' title='bbox 1760 2188 1802 2222; x_wconf 87' lang='lat'>28</span> <span class='ocrx_word' id='word_1_208' title='bbox 1821 2200 1852 2223; x_wconf 86' lang='lat' dir='ltr'>a.</span> 
     </span>
     <span class='ocr_line' id='line_1_22' title="bbox 273 2231 1854 2279; baseline 0.002 -13"><span class='ocrx_word' id='word_1_209' title='bbox 273 2231 384 2277; x_wconf 85' lang='lat' dir='ltr'>(Cod.</span> <span class='ocrx_word' id='word_1_210' title='bbox 404 2232 517 2276; x_wconf 85' lang='lat' dir='ltr'>unus)</span> <span class='ocrx_word' id='word_1_211' title='bbox 538 2243 603 2277; x_wconf 81' lang='lat'>223</span> <span class='ocrx_word' id='word_1_212' title='bbox 621 2244 651 2266; x_wconf 82' lang='lat' dir='ltr'>a.</span> <span class='ocrx_word' id='word_1_213' title='bbox 669 2247 824 2267; x_wconf 88' lang='grc' dir='ltr'>πετονται</span> <span class='ocrx_word' id='word_1_214' title='bbox 843 2234 889 2267; x_wconf 89' lang='lat' dir='ltr'>D.</span> <span class='ocrx_word' id='word_1_215' title='bbox 910 2233 1001 2268; x_wconf 87' lang='lat' dir='ltr'>Edd.</span> <span class='ocrx_word' id='word_1_216' title='bbox 1050 2233 1135 2268; x_wconf 83' lang='grc' dir='ltr'>ε’θῶν</span> <span class='ocrx_word' id='word_1_217' title='bbox 1155 2234 1200 2269; x_wconf 89' lang='lat' dir='ltr'>D.</span> <span class='ocrx_word' id='word_1_218' title='bbox 1218 2235 1285 2268; x_wconf 74' lang='grc' dir='ltr'>ι’ίνω</span> <span class='ocrx_word' id='word_1_219' title='bbox 1304 2234 1396 2269; x_wconf 85' lang='lat' dir='ltr'>Edd.</span> <span class='ocrx_word' id='word_1_220' title='bbox 1523 2244 1555 2278; x_wconf 88' lang='grc'>5.</span> <span class='ocrx_word' id='word_1_221' title='bbox 1575 2235 1684 2279; x_wconf 82' lang='grc' dir='ltr'>φησὶν</span> <span class='ocrx_word' id='word_1_222' title='bbox 1702 2241 1780 2269; x_wconf 85' lang='lat' dir='ltr'><strong>ante</strong></span> <span class='ocrx_word' id='word_1_223' title='bbox 1799 2235 1854 2270; x_wconf 78' lang='grc' dir='ltr'>ε’πὶ</span> 
     </span>
     <span class='ocr_line' id='line_1_23' title="bbox 273 2279 1852 2326; baseline 0.003 -13"><span class='ocrx_word' id='word_1_224' title='bbox 273 2286 316 2314; x_wconf 78' lang='lat' dir='ltr'>tr.</span> <span class='ocrx_word' id='word_1_225' title='bbox 336 2279 428 2314; x_wconf 85' lang='lat' dir='ltr'>Edd.</span> <span class='ocrx_word' id='word_1_226' title='bbox 446 2280 564 2314; x_wconf 83' lang='lat' dir='ltr'>invitis</span> <span class='ocrx_word' id='word_1_227' title='bbox 583 2280 628 2313; x_wconf 91' lang='lat' dir='ltr'>D.</span> <span class='ocrx_word' id='word_1_228' title='bbox 633 2279 667 2314; x_wconf 89' lang='lat' dir='ltr'>b.</span> <span class='ocrx_word' id='word_1_229' title='bbox 716 2280 775 2324; x_wconf 84' lang='grc' dir='ltr'>τὴν</span> <span class='ocrx_word' id='word_1_230' title='bbox 792 2287 1015 2325; x_wconf 78' lang='lat' dir='ltr'><strong>assumptum</strong></span> <span class='ocrx_word' id='word_1_231' title='bbox 1032 2293 1074 2315; x_wconf 83' lang='lat' dir='ltr'>ex</span> <span class='ocrx_word' id='word_1_232' title='bbox 1093 2281 1138 2315; x_wconf 89' lang='lat' dir='ltr'>D.</span> <span class='ocrx_word' id='word_1_233' title='bbox 1143 2281 1177 2316; x_wconf 91' lang='lat' dir='ltr'>b.</span> <span class='ocrx_word' id='word_1_234' title='bbox 1228 2282 1263 2316; x_wconf 80' lang='grc' dir='ltr'>ἐν</span> <span class='ocrx_word' id='word_1_235' title='bbox 1283 2283 1381 2326; x_wconf 80' lang='grc' dir='ltr'>τριβῇ</span> <span class='ocrx_word' id='word_1_236' title='bbox 1401 2281 1492 2316; x_wconf 82' lang='lat' dir='ltr'>Edd.</span> <span class='ocrx_word' id='word_1_237' title='bbox 1542 2281 1668 2326; x_wconf 81' lang='grc' dir='ltr'>συνήθη</span> <span class='ocrx_word' id='word_1_238' title='bbox 1688 2282 1731 2317; x_wconf 85' lang='grc' dir='ltr'>Β.</span> <span class='ocrx_word' id='word_1_239' title='bbox 1750 2283 1852 2326; x_wconf 76' lang='grc' dir='ltr'>συνή-</span> 
     </span>
    </p>
   </div>
   <div class='ocr_carea' id='block_1_8' title="bbox 274 2359 1854 3014">
    <p class='ocr_par' dir='ltr' id='par_1_8' title="bbox 274 2359 1854 3014">
     <span class='ocr_line' id='line_1_24' title="bbox 274 2359 1853 2407; baseline 0.003 -14"><span class='ocrx_word' id='word_1_240' title='bbox 274 2360 340 2394; x_wconf 79' lang='grc' dir='ltr'>θως</span> <span class='ocrx_word' id='word_1_241' title='bbox 357 2360 392 2394; x_wconf 88' lang='lat' dir='ltr'>b.</span> <span class='ocrx_word' id='word_1_242' title='bbox 411 2373 495 2401; x_wconf 88' lang='grc' dir='ltr'>συνη</span> <span class='ocrx_word' id='word_1_243' title='bbox 516 2359 562 2393; x_wconf 88' lang='lat' dir='ltr'>D.</span> <span class='ocrx_word' id='word_1_244' title='bbox 578 2360 737 2405; x_wconf 83' lang='grc' dir='ltr'>συνηθείᾳ</span> <span class='ocrx_word' id='word_1_245' title='bbox 757 2359 849 2395; x_wconf 85' lang='lat' dir='ltr'>Edd.</span> <span class='ocrx_word' id='word_1_246' title='bbox 899 2362 1002 2406; x_wconf 76' lang='grc' dir='ltr'>νῆψιν</span> <span class='ocrx_word' id='word_1_247' title='bbox 1020 2368 1098 2406; x_wconf 82' lang='lat' dir='ltr'>post</span> <span class='ocrx_word' id='word_1_248' title='bbox 1115 2361 1166 2405; x_wconf 81' lang='grc' dir='ltr'>ε’μ.</span> <span class='ocrx_word' id='word_1_249' title='bbox 1185 2368 1228 2396; x_wconf 75' lang='lat' dir='ltr'>tr.</span> <span class='ocrx_word' id='word_1_250' title='bbox 1248 2361 1293 2396; x_wconf 91' lang='lat' dir='ltr'>D.</span> <span class='ocrx_word' id='word_1_251' title='bbox 1298 2361 1332 2397; x_wconf 87' lang='lat' dir='ltr'>b.</span> <span class='ocrx_word' id='word_1_252' title='bbox 1478 2362 1511 2396; x_wconf 85' lang='lat'>8.</span> <span class='ocrx_word' id='word_1_253' title='bbox 1537 2362 1753 2407; x_wconf 81' lang='grc' dir='ltr'>ἑδραιοτάτην</span> <span class='ocrx_word' id='word_1_254' title='bbox 1772 2363 1853 2398; x_wconf 88' lang='lat' dir='ltr'>B.b.</span> 
     </span>
     <span class='ocr_line' id='line_1_25' title="bbox 274 2406 1854 2455; baseline 0.003 -15"><span class='ocrx_word' id='word_1_255' title='bbox 274 2407 471 2451; x_wconf 74' lang='grc' dir='ltr'>ἑδραιότητα</span> <span class='ocrx_word' id='word_1_256' title='bbox 491 2407 536 2441; x_wconf 92' lang='lat' dir='ltr'>D.</span> <span class='ocrx_word' id='word_1_257' title='bbox 557 2406 648 2441; x_wconf 85' lang='lat' dir='ltr'>Edd.</span> <span class='ocrx_word' id='word_1_258' title='bbox 850 2419 883 2453; x_wconf 89' lang='lat'>9.</span> <span class='ocrx_word' id='word_1_259' title='bbox 909 2412 1033 2451; x_wconf 79' lang='grc' dir='ltr'>νοητῶς</span> <span class='ocrx_word' id='word_1_260' title='bbox 1050 2420 1120 2443; x_wconf 89' lang='lat' dir='ltr'>om.</span> <span class='ocrx_word' id='word_1_261' title='bbox 1140 2409 1187 2444; x_wconf 88' lang='lat' dir='ltr'>D.</span> <span class='ocrx_word' id='word_1_262' title='bbox 1393 2420 1447 2444; x_wconf 91' lang='lat'>10.</span> <span class='ocrx_word' id='word_1_263' title='bbox 1474 2410 1585 2443; x_wconf 80' lang='grc' dir='ltr'>ὁποῖοί</span> <span class='ocrx_word' id='word_1_264' title='bbox 1601 2424 1664 2455; x_wconf 89' lang='grc' dir='ltr'>περ</span> <span class='ocrx_word' id='word_1_265' title='bbox 1686 2411 1731 2445; x_wconf 93' lang='lat' dir='ltr'>D.</span> <span class='ocrx_word' id='word_1_266' title='bbox 1748 2410 1854 2445; x_wconf 86' lang='lat' dir='ltr'>habet</span> 
     </span>
     <span class='ocr_line' id='line_1_26' title="bbox 276 2453 1852 2500; baseline 0.003 -13"><span class='ocrx_word' id='word_1_267' title='bbox 276 2457 399 2497; x_wconf 78' lang='grc' dir='ltr'>νιιητῶς</span> <span class='ocrx_word' id='word_1_268' title='bbox 416 2468 512 2499; x_wconf 86' lang='grc' dir='ltr'>οιπερ</span> <span class='ocrx_word' id='word_1_269' title='bbox 531 2453 564 2488; x_wconf 92' lang='lat' dir='ltr'>b.</span> <span class='ocrx_word' id='word_1_270' title='bbox 628 2455 719 2498; x_wconf 85' lang='grc' dir='ltr'>παρὰ</span> <span class='ocrx_word' id='word_1_271' title='bbox 737 2457 824 2488; x_wconf 82' lang='grc' dir='ltr'>Θεοῦ</span> <span class='ocrx_word' id='word_1_272' title='bbox 840 2456 938 2500; x_wconf 83' lang='grc' dir='ltr'>λόγοι</span> <span class='ocrx_word' id='word_1_273' title='bbox 964 2455 1101 2489; x_wconf 82' lang='lat' dir='ltr'>inverso</span> <span class='ocrx_word' id='word_1_274' title='bbox 1128 2455 1249 2490; x_wconf 83' lang='lat' dir='ltr'>ordine</span> <span class='ocrx_word' id='word_1_275' title='bbox 1274 2455 1319 2491; x_wconf 90' lang='lat' dir='ltr'>D.</span> <span class='ocrx_word' id='word_1_276' title='bbox 1323 2455 1357 2490; x_wconf 91' lang='lat' dir='ltr'>b.</span> <span class='ocrx_word' id='word_1_277' title='bbox 1422 2471 1494 2489; x_wconf 91' lang='grc' dir='ltr'>τινα</span> <span class='ocrx_word' id='word_1_278' title='bbox 1519 2468 1582 2500; x_wconf 85' lang='lat' dir='ltr'>pro</span> <span class='ocrx_word' id='word_1_279' title='bbox 1607 2456 1642 2491; x_wconf 81' lang='grc' dir='ltr'>τί</span> <span class='ocrx_word' id='word_1_280' title='bbox 1663 2457 1709 2491; x_wconf 92' lang='lat' dir='ltr'>D.</span> <span class='ocrx_word' id='word_1_281' title='bbox 1728 2458 1798 2491; x_wconf 86' lang='lat' dir='ltr'>inv.</span> <span class='ocrx_word' id='word_1_282' title='bbox 1817 2458 1852 2493; x_wconf 93' lang='lat' dir='ltr'>b.</span> 
     </span>
     <span class='ocr_line' id='line_1_27' title="bbox 280 2470 1849 2550; baseline 0.003 -16"><span class='ocrx_word' id='word_1_283' title='bbox 280 2512 332 2542; x_wconf 81' lang='lat'>14.</span> <span class='ocrx_word' id='word_1_284' title='bbox 361 2500 481 2546; x_wconf 82' lang='grc' dir='ltr'>Κυριος</span> <span class='ocrx_word' id='word_1_285' title='bbox 498 2502 582 2546; x_wconf 85' lang='grc' dir='ltr'>πρὸς</span> <span class='ocrx_word' id='word_1_286' title='bbox 598 2501 637 2545; x_wconf 83' lang='grc' dir='ltr'>μὲ</span> <span class='ocrx_word' id='word_1_287' title='bbox 658 2501 700 2535; x_wconf 84' lang='lat' dir='ltr'>B.</span> <span class='ocrx_word' id='word_1_288' title='bbox 705 2502 751 2536; x_wconf 90' lang='lat' dir='ltr'>D.</span> <span class='ocrx_word' id='word_1_289' title='bbox 771 2502 887 2543; x_wconf 84' lang='lat' dir='ltr'>(Alex.</span> <span class='ocrx_word' id='word_1_290' title='bbox 886 2470 991 2536; x_wconf 59' lang='lat' dir='ltr'>yXII.</span> <span class='ocrx_word' id='word_1_291' title='bbox 997 2503 1009 2546; x_wconf 93' lang='lat'>)</span> <span class='ocrx_word' id='word_1_292' title='bbox 1025 2517 1071 2547; x_wconf 85' lang='grc' dir='ltr'>πρ</span> <span class='ocrx_word' id='word_1_293' title='bbox 1074 2504 1110 2538; x_wconf 76' lang='grc' dir='ltr'>ὸς</span> <span class='ocrx_word' id='word_1_294' title='bbox 1126 2504 1166 2547; x_wconf 81' lang='grc' dir='ltr'>μέ</span> <span class='ocrx_word' id='word_1_295' title='bbox 1186 2503 1307 2548; x_wconf 77' lang='grc' dir='ltr'>Κύριος</span> <span class='ocrx_word' id='word_1_296' title='bbox 1326 2502 1415 2537; x_wconf 83' lang='lat' dir='ltr'>Edd.</span> <span class='ocrx_word' id='word_1_297' title='bbox 1434 2502 1485 2547; x_wconf 83' lang='lat' dir='ltr'>(V</span> <span class='ocrx_word' id='word_1_298' title='bbox 1489 2510 1534 2537; x_wconf 84' lang='lat' dir='ltr'>at.</span> <span class='ocrx_word' id='word_1_299' title='bbox 1549 2503 1590 2547; x_wconf 62' lang='lat' dir='ltr'>N)</span> <span class='ocrx_word' id='word_1_300' title='bbox 1649 2503 1787 2550; x_wconf 83' lang='grc' dir='ltr'>ὅρασιν]</span> <span class='ocrx_word' id='word_1_301' title='bbox 1812 2509 1849 2546; x_wconf 77' lang='lat'>-†—</span> 
     </span>
     <span class='ocr_line' id='line_1_28' title="bbox 277 2547 1853 2595; baseline 0.002 -15"><span class='ocrx_word' id='word_1_302' title='bbox 277 2548 329 2580; x_wconf 81' lang='grc' dir='ltr'>κιιὶ</span> <span class='ocrx_word' id='word_1_303' title='bbox 356 2548 404 2582; x_wconf 91' lang='lat' dir='ltr'>D.</span> <span class='ocrx_word' id='word_1_304' title='bbox 431 2547 521 2582; x_wconf 86' lang='lat' dir='ltr'>Edd.</span> <span class='ocrx_word' id='word_1_305' title='bbox 546 2563 599 2582; x_wconf 87' lang='grc' dir='ltr'>και</span> <span class='ocrx_word' id='word_1_306' title='bbox 625 2560 695 2582; x_wconf 88' lang='lat' dir='ltr'>om.</span> <span class='ocrx_word' id='word_1_307' title='bbox 722 2548 764 2583; x_wconf 86' lang='lat' dir='ltr'>B.</span> <span class='ocrx_word' id='word_1_308' title='bbox 777 2549 814 2583; x_wconf 87' lang='lat' dir='ltr'>F.</span> <span class='ocrx_word' id='word_1_309' title='bbox 834 2548 910 2593; x_wconf 88' lang='lat'>(22.</span> <span class='ocrx_word' id='word_1_310' title='bbox 929 2549 993 2593; x_wconf 85' lang='lat' dir='ltr'>al.)</span> <span class='ocrx_word' id='word_1_311' title='bbox 1057 2550 1111 2584; x_wconf 77' lang='grc' dir='ltr'>ἐπὶ</span> <span class='ocrx_word' id='word_1_312' title='bbox 1133 2550 1175 2585; x_wconf 85' lang='grc' dir='ltr'>Β.</span> <span class='ocrx_word' id='word_1_313' title='bbox 1190 2550 1236 2584; x_wconf 88' lang='lat' dir='ltr'>D.</span> <span class='ocrx_word' id='word_1_314' title='bbox 1255 2549 1374 2594; x_wconf 82' lang='lat' dir='ltr'>(Alex.</span> <span class='ocrx_word' id='word_1_315' title='bbox 1394 2549 1564 2594; x_wconf 69' lang='lat' dir='ltr'>XII.)c29</span> <span class='ocrx_word' id='word_1_316' title='bbox 1590 2550 1682 2585; x_wconf 84' lang='lat' dir='ltr'>Edd.</span> <span class='ocrx_word' id='word_1_317' title='bbox 1702 2552 1798 2595; x_wconf 87' lang='lat' dir='ltr'>(Vat.</span> <span class='ocrx_word' id='word_1_318' title='bbox 1817 2553 1853 2595; x_wconf 62' lang='grc' dir='ltr'>Ν)</span> 
     </span>
     <span class='ocr_line' id='line_1_29' title="bbox 280 2594 1853 2642; baseline 0.003 -15"><span class='ocrx_word' id='word_1_319' title='bbox 280 2603 333 2639; x_wconf 86' lang='lat'>15.</span> <span class='ocrx_word' id='word_1_320' title='bbox 357 2595 478 2639; x_wconf 78' lang='grc' dir='ltr'>πυξιου</span> <span class='ocrx_word' id='word_1_321' title='bbox 497 2594 540 2629; x_wconf 90' lang='grc' dir='ltr'>Β.</span> <span class='ocrx_word' id='word_1_322' title='bbox 589 2597 607 2629; x_wconf 87' lang='grc' dir='ltr'>ὁ</span> <span class='ocrx_word' id='word_1_323' title='bbox 625 2606 695 2630; x_wconf 90' lang='lat' dir='ltr'>om.</span> <span class='ocrx_word' id='word_1_324' title='bbox 714 2596 760 2629; x_wconf 89' lang='lat' dir='ltr'>D.</span> <span class='ocrx_word' id='word_1_325' title='bbox 1207 2597 1260 2631; x_wconf 88' lang='lat'>16.</span> <span class='ocrx_word' id='word_1_326' title='bbox 1286 2594 1416 2641; x_wconf 87' lang='grc' dir='ltr'>καιρὸν]</span> <span class='ocrx_word' id='word_1_327' title='bbox 1440 2600 1476 2637; x_wconf 75' lang='lat'>-†-</span> <span class='ocrx_word' id='word_1_328' title='bbox 1497 2598 1624 2641; x_wconf 87' lang='grc' dir='ltr'>μακρὸν</span> <span class='ocrx_word' id='word_1_329' title='bbox 1642 2597 1684 2632; x_wconf 87' lang='grc' dir='ltr'>Β.</span> <span class='ocrx_word' id='word_1_330' title='bbox 1702 2599 1774 2641; x_wconf 88' lang='lat'>(22.</span> <span class='ocrx_word' id='word_1_331' title='bbox 1792 2599 1853 2642; x_wconf 83' lang='lat' dir='ltr'>al.)</span> 
     </span>
     <span class='ocr_line' id='line_1_30' title="bbox 280 2641 1854 2690; baseline 0.004 -16"><span class='ocrx_word' id='word_1_332' title='bbox 280 2651 334 2685; x_wconf 88' lang='lat'>17.</span> <span class='ocrx_word' id='word_1_333' title='bbox 359 2656 427 2686; x_wconf 87' lang='grc' dir='ltr'>παρ</span> <span class='ocrx_word' id='word_1_334' title='bbox 430 2642 483 2676; x_wconf 85' lang='grc' dir='ltr'>αδ.</span> <span class='ocrx_word' id='word_1_335' title='bbox 501 2643 572 2676; x_wconf 85' lang='grc' dir='ltr'><strong>κελ.</strong></span> <span class='ocrx_word' id='word_1_336' title='bbox 590 2642 661 2676; x_wconf 87' lang='lat' dir='ltr'>inv.</span> <span class='ocrx_word' id='word_1_337' title='bbox 680 2641 755 2676; x_wconf 90' lang='lat' dir='ltr'>ord.</span> <span class='ocrx_word' id='word_1_338' title='bbox 776 2642 824 2676; x_wconf 93' lang='lat' dir='ltr'>D.</span> <span class='ocrx_word' id='word_1_339' title='bbox 1231 2644 1284 2678; x_wconf 89' lang='lat'>18.</span> <span class='ocrx_word' id='word_1_340' title='bbox 1313 2643 1603 2687; x_wconf 82' lang='grc' dir='ltr'>ἀξιακουστὸν-ἡ</span> <span class='ocrx_word' id='word_1_341' title='bbox 1620 2646 1854 2690; x_wconf 75' lang='grc' dir='ltr'>προάγγελσις</span> 
     </span>
     <span class='ocr_line' id='line_1_31' title="bbox 277 2688 1853 2736; baseline 0.004 -16"><span class='ocrx_word' id='word_1_342' title='bbox 277 2698 348 2722; x_wconf 88' lang='lat' dir='ltr'>om.</span> <span class='ocrx_word' id='word_1_343' title='bbox 369 2688 413 2722; x_wconf 90' lang='lat' dir='ltr'>D.</span> <span class='ocrx_word' id='word_1_344' title='bbox 432 2700 494 2733; x_wconf 92' lang='lat' dir='ltr'>pro</span> <span class='ocrx_word' id='word_1_345' title='bbox 520 2688 647 2734; x_wconf 81' lang='lat' dir='ltr'>quibus</span> <span class='ocrx_word' id='word_1_346' title='bbox 673 2688 756 2723; x_wconf 82' lang='lat' dir='ltr'><strong>haec</strong></span> <span class='ocrx_word' id='word_1_347' title='bbox 785 2689 860 2724; x_wconf 84' lang='lat' dir='ltr'>dat:</span> <span class='ocrx_word' id='word_1_348' title='bbox 887 2690 932 2734; x_wconf 85' lang='grc' dir='ltr'>μὴ</span> <span class='ocrx_word' id='word_1_349' title='bbox 957 2691 1069 2734; x_wconf 84' lang='grc' dir='ltr'>μόνοις</span> <span class='ocrx_word' id='word_1_350' title='bbox 1095 2691 1185 2736; x_wconf 77' lang='grc' dir='ltr'>φησὶ</span> <span class='ocrx_word' id='word_1_351' title='bbox 1213 2692 1284 2725; x_wconf 78' lang='grc' dir='ltr'>τοῖς</span> <span class='ocrx_word' id='word_1_352' title='bbox 1311 2692 1368 2724; x_wconf 85' lang='grc' dir='ltr'>νῦν</span> <span class='ocrx_word' id='word_1_353' title='bbox 1391 2691 1469 2733; x_wconf 77' lang='grc' dir='ltr'>περὶ</span> <span class='ocrx_word' id='word_1_354' title='bbox 1493 2689 1619 2725; x_wconf 80' lang='grc' dir='ltr'>τούτων</span> <span class='ocrx_word' id='word_1_355' title='bbox 1645 2691 1853 2734; x_wconf 77' lang='grc' dir='ltr'>ἐνδοιιὶζουσι</span> 
     </span>
     <span class='ocr_line' id='line_1_32' title="bbox 278 2734 1854 2783; baseline 0.003 -16"><span class='ocrx_word' id='word_1_356' title='bbox 278 2734 518 2779; x_wconf 76' lang='grc' dir='ltr'>προσενέγκοις</span> <span class='ocrx_word' id='word_1_357' title='bbox 542 2737 583 2769; x_wconf 83' lang='grc' dir='ltr'>λι</span> <span class='ocrx_word' id='word_1_358' title='bbox 577 2751 657 2781; x_wconf 84' lang='grc' dir='ltr'>γον</span> <span class='ocrx_word' id='word_1_359' title='bbox 682 2736 774 2770; x_wconf 80' lang='grc' dir='ltr'>ἀλλὰ</span> <span class='ocrx_word' id='word_1_360' title='bbox 799 2738 852 2770; x_wconf 87' lang='grc' dir='ltr'>καὶ</span> <span class='ocrx_word' id='word_1_361' title='bbox 877 2739 946 2772; x_wconf 80' lang='grc' dir='ltr'>τοῖς</span> <span class='ocrx_word' id='word_1_362' title='bbox 970 2737 1158 2782; x_wconf 78' lang='grc' dir='ltr'>ἐσύστερον</span> <span class='ocrx_word' id='word_1_363' title='bbox 1175 2737 1232 2782; x_wconf 91' lang='lat'>(=</span> <span class='ocrx_word' id='word_1_364' title='bbox 1250 2737 1296 2772; x_wconf 83' lang='grc' dir='ltr'>εἷς</span> <span class='ocrx_word' id='word_1_365' title='bbox 1317 2736 1448 2781; x_wconf 76' lang='grc' dir='ltr'><strong>ὖστ.)’</strong></span> <span class='ocrx_word' id='word_1_366' title='bbox 1433 2751 1617 2780; x_wconf 86' lang='grc' dir='ltr'>εσομενοις,</span> <span class='ocrx_word' id='word_1_367' title='bbox 1641 2753 1680 2771; x_wconf 84' lang='grc' dir='ltr'>ιιι</span> <span class='ocrx_word' id='word_1_368' title='bbox 1681 2753 1854 2783; x_wconf 82' lang='grc' dir='ltr'>αγριιπτον</span> 
     </span>
     <span class='ocr_line' id='line_1_33' title="bbox 278 2780 1853 2842; baseline 0.004 -29"><span class='ocrx_word' id='word_1_369' title='bbox 278 2780 338 2823; x_wconf 79' lang='grc' dir='ltr'>τὴν</span> <span class='ocrx_word' id='word_1_370' title='bbox 353 2795 430 2823; x_wconf 86' lang='grc' dir='ltr'>περι</span> <span class='ocrx_word' id='word_1_371' title='bbox 447 2781 572 2816; x_wconf 82' lang='grc' dir='ltr'>τούτων</span> <span class='ocrx_word' id='word_1_372' title='bbox 588 2782 717 2842; x_wconf 77' lang='grc' dir='ltr'>μνήμην</span> <span class='ocrx_word' id='word_1_373' title='bbox 732 2785 973 2829; x_wconf 77' lang='grc' dir='ltr'>παράπεμψον·</span> <span class='ocrx_word' id='word_1_374' title='bbox 1000 2786 1133 2827; x_wconf 77' lang='grc' dir='ltr'>μᾶλλον</span> <span class='ocrx_word' id='word_1_375' title='bbox 1157 2785 1192 2818; x_wconf 83' lang='grc' dir='ltr'>δε</span> <span class='ocrx_word' id='word_1_376' title='bbox 1218 2784 1362 2824; x_wconf 77' lang='grc' dir='ltr'>ἐκείνοις,</span> <span class='ocrx_word' id='word_1_377' title='bbox 1381 2783 1400 2827; x_wconf 86' lang='grc' dir='ltr'>ἢ</span> <span class='ocrx_word' id='word_1_378' title='bbox 1418 2783 1547 2819; x_wconf 80' lang='grc' dir='ltr'>τούτοις</span> <span class='ocrx_word' id='word_1_379' title='bbox 1562 2784 1707 2842; x_wconf 79' lang='grc' dir='ltr'>ἁρμόζει</span> <span class='ocrx_word' id='word_1_380' title='bbox 1730 2786 1770 2819; x_wconf 84' lang='grc' dir='ltr'>τὰ</span> <span class='ocrx_word' id='word_1_381' title='bbox 1793 2785 1853 2830; x_wconf 87' lang='grc' dir='ltr'>ῥη-</span> 
     </span>
     <span class='ocr_line' id='line_1_34' title="bbox 278 2826 1852 2876; baseline 0.004 -17"><span class='ocrx_word' id='word_1_382' title='bbox 278 2826 459 2870; x_wconf 82' lang='grc' dir='ltr'>θησόμενα·</span> <span class='ocrx_word' id='word_1_383' title='bbox 485 2830 567 2872; x_wconf 82' lang='grc' dir='ltr'>μετὰ</span> <span class='ocrx_word' id='word_1_384' title='bbox 590 2831 718 2874; x_wconf 79' lang='grc' dir='ltr'>συχνὸν</span> <span class='ocrx_word' id='word_1_385' title='bbox 741 2831 806 2875; x_wconf 83' lang='grc' dir='ltr'>γὰρ</span> <span class='ocrx_word' id='word_1_386' title='bbox 829 2833 951 2875; x_wconf 82' lang='grc' dir='ltr'>χρόνον</span> <span class='ocrx_word' id='word_1_387' title='bbox 977 2831 1107 2874; x_wconf 81' lang='grc' dir='ltr'>δέξεται</span> <span class='ocrx_word' id='word_1_388' title='bbox 1131 2831 1234 2876; x_wconf 82' lang='grc' dir='ltr'>πέρας</span> <span class='ocrx_word' id='word_1_389' title='bbox 1258 2830 1276 2874; x_wconf 84' lang='grc' dir='ltr'>ἡ</span> <span class='ocrx_word' id='word_1_390' title='bbox 1298 2831 1501 2874; x_wconf 85' lang='grc' dir='ltr'>προφητεία.</span> <span class='ocrx_word' id='word_1_391' title='bbox 1543 2845 1613 2865; x_wconf 88' lang='grc' dir='ltr'>ειτα</span> <span class='ocrx_word' id='word_1_392' title='bbox 1638 2834 1792 2876; x_wconf 78' lang='grc' dir='ltr'>παραινεῖ</span> <span class='ocrx_word' id='word_1_393' title='bbox 1812 2834 1852 2866; x_wconf 84' lang='grc' dir='ltr'>τὸ</span> 
     </span>
     <span class='ocr_line' id='line_1_35' title="bbox 277 2873 1853 2925; baseline 0.005 -20"><span class='ocrx_word' id='word_1_394' title='bbox 277 2873 379 2908; x_wconf 84' lang='grc' dir='ltr'>τελος</span> <span class='ocrx_word' id='word_1_395' title='bbox 395 2875 607 2918; x_wconf 81' lang='grc' dir='ltr'>προσμένειν,</span> <span class='ocrx_word' id='word_1_396' title='bbox 626 2878 678 2910; x_wconf 83' lang='grc' dir='ltr'>καὶ</span> <span class='ocrx_word' id='word_1_397' title='bbox 695 2877 739 2921; x_wconf 84' lang='grc' dir='ltr'>μὴ</span> <span class='ocrx_word' id='word_1_398' title='bbox 758 2878 937 2921; x_wconf 79' lang='grc' dir='ltr'>ἐνδοιάζειν</span> <span class='ocrx_word' id='word_1_399' title='bbox 959 2878 1013 2912; x_wconf 84' lang='grc' dir='ltr'>διὰ</span> <span class='ocrx_word' id='word_1_400' title='bbox 1036 2879 1094 2912; x_wconf 88' lang='grc' dir='ltr'>τὸν</span> <span class='ocrx_word' id='word_1_401' title='bbox 1111 2878 1146 2913; x_wconf 77' lang='grc' dir='ltr'>ἐν</span> <span class='ocrx_word' id='word_1_402' title='bbox 1161 2878 1255 2925; x_wconf 85' lang='grc' dir='ltr'>μέσῳ</span> <span class='ocrx_word' id='word_1_403' title='bbox 1275 2878 1510 2920; x_wconf 83' lang='grc' dir='ltr'>δαπανώμενον</span> <span class='ocrx_word' id='word_1_404' title='bbox 1526 2879 1658 2923; x_wconf 83' lang='grc' dir='ltr'>χρόνον·</span> <span class='ocrx_word' id='word_1_405' title='bbox 1685 2879 1722 2922; x_wconf 88' lang='lat' dir='ltr'>(e</span> <span class='ocrx_word' id='word_1_406' title='bbox 1739 2879 1853 2913; x_wconf 87' lang='lat' dir='ltr'>Theo-</span> 
     </span>
     <span class='ocr_line' id='line_1_36' title="bbox 279 2919 1851 2972; baseline 0.005 -19"><span class='ocrx_word' id='word_1_407' title='bbox 279 2919 391 2954; x_wconf 83' lang='lat' dir='ltr'>dorito</span> <span class='ocrx_word' id='word_1_408' title='bbox 409 2920 452 2953; x_wconf 85' lang='lat' dir='ltr'>ad</span> <span class='ocrx_word' id='word_1_409' title='bbox 470 2922 534 2955; x_wconf 92' lang='lat' dir='ltr'>loc.</span> <span class='ocrx_word' id='word_1_410' title='bbox 540 2922 556 2965; x_wconf 90' lang='lat'>)</span> <span class='ocrx_word' id='word_1_411' title='bbox 582 2922 599 2964; x_wconf 79' lang='grc' dir='ltr'>ἡ</span> <span class='ocrx_word' id='word_1_412' title='bbox 617 2924 677 2965; x_wconf 80' lang='grc' dir='ltr'>μὲν</span> <span class='ocrx_word' id='word_1_413' title='bbox 693 2939 758 2969; x_wconf 84' lang='grc' dir='ltr'>γαρ</span> <span class='ocrx_word' id='word_1_414' title='bbox 776 2925 895 2968; x_wconf 81' lang='grc' dir='ltr'>ὅρασις</span> <span class='ocrx_word' id='word_1_415' title='bbox 913 2926 984 2971; x_wconf 85' lang='grc'><strong>(93.</strong></span> <span class='ocrx_word' id='word_1_416' title='bbox 1004 2925 1058 2971; x_wconf 89' lang='lat'>7.)</span> <span class='ocrx_word' id='word_1_417' title='bbox 1077 2925 1123 2959; x_wconf 91' lang='lat' dir='ltr'>D.</span> <span class='ocrx_word' id='word_1_418' title='bbox 1304 2935 1357 2970; x_wconf 88' lang='lat'>19.</span> <span class='ocrx_word' id='word_1_419' title='bbox 1383 2928 1449 2959; x_wconf 84' lang='grc' dir='ltr'>τῶν</span> <span class='ocrx_word' id='word_1_420' title='bbox 1464 2926 1668 2970; x_wconf 84' lang='grc' dir='ltr'>γραμμάτων</span> <span class='ocrx_word' id='word_1_421' title='bbox 1685 2924 1851 2972; x_wconf 86' lang='grc' dir='ltr'>ηρμενων]</span> 
     </span>
     <span class='ocr_line' id='line_1_37' title="bbox 277 2968 825 3014; baseline 0.009 -13"><span class='ocrx_word' id='word_1_422' title='bbox 277 2968 347 3003; x_wconf 82' lang='grc' dir='ltr'>τοῖς</span> <span class='ocrx_word' id='word_1_423' title='bbox 363 2968 558 3012; x_wconf 83' lang='grc' dir='ltr'>γράμμασιν</span> <span class='ocrx_word' id='word_1_424' title='bbox 573 2969 716 3014; x_wconf 72' lang='grc' dir='ltr'>ἠρμένον</span> <span class='ocrx_word' id='word_1_425' title='bbox 734 2971 825 3006; x_wconf 84' lang='lat' dir='ltr'>Edd.</span> 
     </span>
    </p>
   </div>
  </div>
 </body>
</html>
