2007 3387
329 392 352 418 C

326 1111 354 1152 d

333 1755 355 1780 e

332 1812 354 1845 4

332 2150 354 2187 σι

152 2372 242 2406 640
255 2371 305 2406 Α.
336 2380 359 2404 a

370 179 455 219 262
764 180 813 220 B.
852 180 1125 220 CYRILLI
1167 180 1553 221 ALEXANDR.
1783 178 1945 230 ii.4‚5·

370 288 592 341 ἀλύοντες
633 287 897 354 εἰργάζοντο
941 288 1040 351 μὲν,
1086 288 1215 353 πλὴν
1259 288 1524 356 ἀπρόθυμοί
1560 311 1609 340 τε
1650 290 1724 340 καὶ
1763 288 1948 353 ὀκνηροὶ

372 370 615 435 γεγονότες
649 375 988 438 κατεφωρῶντο
1021 370 1185 422 πάλιν.
1251 371 1468 440 ταύτῃτοι
1491 373 1516 423 ὁ
1543 371 1663 425 Θεὸς
1697 373 1949 421 ἀσθενοῦν-

370 475 453 505 τας
492 452 815 518 ἐπιρῥώννυσι,
861 455 936 503 καὶ
986 453 1353 520 χρησιμωτάτην
1397 455 1550 507 αὐτοῖς
1589 453 1823 519 προσάγει
1863 450 1949 516 τὴν

369 539 550 596 πεῦσιν,
577 537 615 584 εἰ
650 532 706 599 δή
741 557 810 588 τις
842 535 934 601 ἄρα
963 535 1092 585 ἐστὶν
1125 537 1173 586 ἐν
1204 537 1370 599 αὐτοῖς,
1404 536 1453 591 ὃς
1487 538 1524 588 ἐν
1558 534 1655 610 δόξῃ
1689 541 1747 604 τῇ
1784 535 1948 602 πρώτῃ

369 615 452 666 τὸν
483 614 634 667 πάλαι
666 616 876 667 τεθέαται
915 616 1040 670 ναόν.
1103 619 1257 683 ὀλίγοι
1289 619 1336 669 δὲ
1365 618 1488 683 ἦσαν
1516 622 1681 686 κομιδῇ
1708 621 1782 668 καὶ
1808 640 1949 683 γεγη-
1968 632 1990 671 5

368 696 574 764 ρακότες.
637 697 906 765 πεπόρθητο
944 699 1028 763 μὲν
1069 700 1162 766 γὰρ
1200 700 1290 752 ὑπὸ
1328 707 1410 752 τοῦ
1452 700 1884 768 Ναβουχοδονόσορ
1923 700 1948 750 ὁ

371 778 494 842 ναὸς,
520 783 594 831 καὶ
633 779 690 844 ἧν
727 781 1028 849 αἰχμάλωτος
1052 783 1076 833 ὁ
1103 783 1317 849 Ἰσραὴλ,
1344 784 1500 848 ἀνείθη
1539 781 1588 833 δὲ
1627 783 1762 846 μόλις
1800 805 1944 833 πεπε-

369 863 618 928 ρασμένων
672 865 787 914 ἐτῶν
847 864 1181 929 ἑβδομήκοντα.
1276 866 1551 932 δυσεύρετος
1601 866 1683 916 οὖν
1733 865 1824 930 ἄρα
1874 867 1950 915 καὶ

369 944 564 1013 σφόδρα
594 946 865 1012 πρεσβύτης
893 948 917 997 ὁ
945 949 1019 998 καὶ
1050 947 1143 1014 πρὸ
1178 951 1260 1011 τῆς
1293 948 1571 1015 πορθήσεως
1596 947 1676 1006 ὧν,
1705 949 1778 998 καὶ
1805 945 1951 1013 ζήσας

371 1029 420 1078 ἐν
450 1031 508 1095 τῇ
540 1029 859 1098 αἰχμαλωσίᾳ,
887 1032 961 1080 καὶ
995 1029 1329 1095 ὑπονοστήσας
1364 1032 1493 1084 αὖθις
1532 1035 1594 1085 εἰς
1618 1029 1944 1096 Ἱεροσόλυμα.
1974 1050 2007 1076 1<

373 1108 448 1161 διὰ
477 1112 616 1162 τοῦτό
655 1115 779 1179 φησι
804 1118 882 1167 Τίς
922 1112 1047 1163 ἔσται
1080 1113 1126 1183 ἐξ
1159 1112 1274 1182 ὑμῶν
1306 1112 1535 1181 ἅνθρωπος,
1561 1116 1607 1168 ’ὂς
1636 1110 1718 1164 εἶδε
1747 1114 1813 1164 τὸν
1842 1111 1952 1164 οἷκον

371 1195 511 1244 τοῦτον
538 1199 574 1244 ἐν
597 1200 644 1267 τῇ
669 1191 768 1267 δόξῃ
797 1197 927 1246 αὐτοῦ
952 1201 1001 1267 τῇ
1028 1194 1273 1266 ἔμπροσθεν,
1297 1194 1396 1247 εἶτα
1426 1195 1597 1264 ὄψεται
1623 1194 1704 1246 τὸν
1727 1194 1952 1258 ἐσόμενόν

370 1288 419 1326 τε
445 1278 520 1326 καὶ
548 1276 649 1327 νέον
673 1279 734 1330 ὡς
759 1277 979 1342 μηδόλως
1006 1277 1277 1346 ὑπάρχοντα
1299 1301 1311 1341 ;
1355 1278 1505 1329 ε”νεστι
1541 1278 1588 1329 δὲ
1622 1276 1678 1342 δὴ
1705 1281 1762 1346 τῇ
1787 1277 1953 1329 πεύσει

370 1358 557 1427 μομφὴ,
595 1362 657 1412 ὡς
682 1359 746 1423 μὴ
782 1359 1043 1425 οἰηθέντων,
1070 1360 1140 1411 ὅτι
1176 1359 1261 1411 κᾶν
1290 1359 1378 1412 εἶεν
1413 1362 1542 1412 αὐτοὶ
1580 1362 1741 1412 στενοί
1762 1383 1810 1411 τε
1843 1360 1953 1411 λίαν

371 1443 446 1492 καὶ
486 1443 534 1492 ἐν
572 1443 719 1511 ἐνδείᾳ
757 1441 1024 1509 χρημάτων,
1052 1444 1161 1493 ἀλλ’
1191 1444 1271 1494 οὖν
1303 1445 1384 1495 οὐκ
1420 1442 1477 1494 ἂν
1506 1443 1736 1508 ἠτόνησεν
1763 1444 1788 1493 ὁ
1816 1443 1951 1506 Θεὸς,
1975 1467 2007 1502 1!

371 1524 558 1590 ἀρκέσει
584 1523 633 1574 δὲ
659 1524 806 1576 πάλιν
831 1523 969 1578 αὐτὸς
1004 1525 1066 1578 ε’ίς
1103 1548 1158 1591 γε
1195 1525 1250 1576 τὸ
1289 1527 1460 1593 χρῆναί
1491 1532 1612 1594 φημι
1642 1525 1953 1594 πανευφημόν

369 1630 418 1658 τε
445 1610 520 1658 καὶ
546 1608 713 1657 εὐκλεᾶ
738 1607 821 1658 τὸν
845 1607 959 1658 ἰ’διον
986 1608 1227 1676 ἀποδεῖξαι
1254 1607 1378 1660 ναόν.

377 1811 450 1852 Καὶ
482 1814 548 1853 νῦν
588 1812 782 1868 κατίσχυε
818 1812 1074 1870 Ζοροβάβελ,
1114 1814 1226 1861 λὲΓει
1269 1814 1430 1872 Κύριος,
1473 1814 1541 1856 καὶ
1583 1814 1776 1872 κατίσχυε
1814 1815 1956 1858 ἸΗσοῦ

439 1896 462 1938 ὁ
489 1896 780 1937 τοῦἸωσεδὲκ
808 1897 830 1939 ὁ
858 1895 993 1954 ἶερεὺε
1030 1898 1053 1939 ὁ
1090 1898 1234 1949 μὲι-ας,
1262 1897 1330 1938 καί
1369 1898 1630 1954 κατισχυὲτω
1668 1902 1751 1940 nde
1788 1899 1811 1941 ὁ
1849 1898 1953 1940 λαὸς

439 1985 513 2021 τῆς
552 1985 636 2031 rste,
663 1981 774 2028 λετ-ει
815 1980 975 2037 Κύριος,
1003 1982 1071 2022 καὶ
1109 1981 1281 2034 Ποιεῖτε,
1309 1981 1414 2024 διότι
1451 1982 1536 2029 &seb
1572 1982 1662 2031 μεθ’
1706 1982 1823 2031 ὑμῶν
1857 1980 2007 2033 εἰμι,2<

440 2066 551 2112 λετ-ει
586 2065 732 2123 Κύριος
759 2066 1093 2124 Παντοκράτωρ,
1121 2067 1189 2107 καὶ
1226 2068 1248 2109 ὁ
1286 2067 1411 2114 Abs-oc
1443 2082 1522 2117 μου
1549 2068 1596 2111 ὃν
1634 2067 1832 2117 διεθέμΗν
1860 2066 1952 2117 ὑμῖν

441 2149 706 2192 ἐξελθόντων
744 2151 862 2199 ὑμῶν
911 2151 958 2192 ἐκ
998 2157 1069 2199 Γῆς
1112 2150 1332 2203 ΑἶΓύΠτου,
1372 2153 1440 2193 καί
1477 2152 1525 2195 τὸ
1564 2153 1725 2201 Πνεῦμα
1762 2167 1842 2201 μου
1876 2151 1953 2208 ἑφ-

441 2232 618 2275 ἑστΗκεν
644 2234 688 2276 ὲν
714 2235 833 2283 μὲσω
860 2236 989 2284 ὑμῶν.
1051 2233 1262 2293 θαρσεῖτε,

512 2366 521 2380 5
609 2366 645 2380 »a
886 2365 897 2382 J
1146 2363 1159 2379 x
1249 2367 1259 2381 2
1362 2366 1372 2381 ι
1522 2367 1543 2384 ‚1
1676 2365 1688 2380 x
1816 2370 1835 2379 n
1918 2370 1928 2383 ‚

450 2368 555 2416 Ουκ
595 2389 648 2433 εᾳ
699 2369 1031 2416 κατασειεσθαι
1074 2388 1192 2431 προς
1233 2367 1440 2429 ακηδιαν,
1485 2388 1589 2416 ουτε
1630 2389 1723 2430 μην
1760 2388 1854 2419 τοις
1892 2388 1955 2419 εις

424 2541 453 2563 1.
479 2529 659 2574 ἐργάζοντο
677 2528 772 2563 Aub.
1034 2539 1065 2562 2.
1092 2531 1329 2574 κατεφορῶντο
1349 2529 1394 2562 D.
1414 2527 1505 2562 Edd.
1569 2529 1587 2561 ὁ
1605 2532 1825 2572 assumptum
1844 2539 1885 2561 ex
1905 2527 1952 2561 D.

373 2588 406 2621 3.
432 2575 608 2621 χρησίμως
626 2575 716 2609 Edd.
767 2575 884 2622 ἐπάγει
903 2576 949 2610 D.
1084 2587 1116 2620 5.
1142 2578 1248 2609 πάλαι
1266 2576 1312 2609 D.
1331 2577 1388 2609 νῦν
1406 2574 1498 2608 Edd.
1639 2574 1673 2608 6.
1698 2574 1891 2619 πεπόρθητο
1910 2574 1953 2609 Β.

373 2624 581 2667 πεπόρθηται
601 2623 647 2657 D.
668 2622 758 2656 Edd.
1025 2623 1058 2656 8.
1085 2621 1158 2667 οὖν]
1179 2622 1217 2666 ἧν
1236 2623 1282 2656 D.
1333 2622 1458 2655 Statim
1476 2621 1540 2665 ἄρα
1557 2627 1779 2665 assumptum
1797 2633 1838 2654 ex
1858 2620 1952 2655 B.D.

377 2681 431 2704 11.
460 2670 635 2714 ἅνθρωπος
659 2681 729 2703 om.
758 2670 804 2704 D.
830 2669 889 2703 sed
917 2669 962 2703 cf.
984 2668 1074 2704 infra
1099 2669 1166 2715 689
1195 2669 1229 2704 d.
1255 2675 1288 2703 et
1308 2674 1440 2709 contra,
1463 2668 1591 2712 Glaph.
1617 2667 1661 2710 56
1691 2667 1725 2701 d.
1780 2667 1885 2701 habet
1909 2667 1950 2702 B.

378 2728 432 2751 12.
458 2717 583 2762 ὄψεται
607 2717 647 2750 Ι).
666 2714 769 2750 οἴεται
788 2715 879 2750 Edd.
1242 2727 1294 2760 13.
1321 2715 1361 2756 δὴ
1378 2721 1600 2759 assumptum
1616 2726 1658 2747 ex
1677 2713 1719 2747 B.
1739 2713 1835 2748 deest
1851 2715 1887 2748 in
1906 2714 1952 2749 D.

379 2775 432 2806 14.
457 2765 502 2807 μὴ
529 2769 751 2808 assumptum
776 2775 818 2796 ex
838 2763 879 2798 B.
897 2762 994 2797 deest
1018 2763 1054 2797 in
1074 2763 1120 2797 D.
1186 2777 1222 2797 τε
1239 2774 1310 2796 om.
1329 2762 1376 2796 D.
1439 2762 1517 2796 λίαν
1540 2764 1594 2795 καὶ
1618 2760 1684 2794 hoc
1710 2760 1830 2794 ordine
1857 2760 1951 2796 B.D.

380 2821 432 2852 15.
459 2812 477 2843 ὁ
494 2817 715 2855 assumptum
733 2822 774 2844 ex
794 2810 841 2844 D.
1023 2811 1076 2845 18.
1102 2810 1155 2844 καὶ
1172 2810 1229 2844 alt.
1247 2821 1317 2843 om.
1337 2807 1428 2842 Edd.
1611 2818 1663 2852 19.
1689 2809 1706 2840 ὁ
1724 2808 1864 2841 tertium
1882 2819 1951 2842 om.

377 2857 468 2891 Edd.
488 2858 576 2902 (23.)
731 2868 785 2891 20.
810 2856 887 2901 μεθ’
906 2857 996 2901 ὑμῶν
1013 2857 1080 2901 ἐγὼ
1097 2857 1234 2890 inverso
1251 2855 1372 2889 ordine
1391 2855 1433 2888 B.
1452 2854 1548 2896 (Vnt.
1563 2853 1598 2898 N)
1616 2853 1733 2888 invitis
1753 2854 1839 2888 D.F.
1861 2853 1951 2888 Edd.

375 2903 508 2947 (Alex.)
839 2915 894 2938 21.
921 2905 974 2937 καὶ
991 2905 1009 2937 ὁ
1026 2905 1129 2948 λόγος
1145 2901 1429 2947 μου-Αἰγύπτου
1449 2902 1494 2935 D.
1513 2901 1585 2945 (36,
1605 2912 1661 2943 51,
1681 2901 1759 2944 238,
1782 2902 1875 2944 240).
1893 2902 1952 2935 τὸν

374 2951 480 3030 λόγοέ
505 2949 542 2983 ὃν
567 2950 720 2995 διεθέμην
746 2951 780 2985 ἐν
805 2953 852 2997 τῷ
877 2951 1028 2995 ἐξελθεῖν
1045 2951 1127 2995 ὑμᾶς
1152 2950 1218 2985 ἀπὸ
1236 2948 1406 2994 Αἰγύπτου
1427 2948 1463 2983 F.
1483 2947 1574 2983 Edd.
1592 2947 1767 2982 Neutrum
1785 2947 1889 2982 habet
1908 2947 1950 2982 Β.

376 3006 431 3040 23.
478 2995 607 3041 ηῤῥεῖτε
628 2997 669 3032 Β.
