2053 3382
123 1196 204 1232 732
222 1195 274 1231 Α.
304 1205 326 1229 a

122 1608 227 1639 Exod.

122 1652 177 1683 xii.
196 1660 246 1691 35,

122 1695 174 1733 36.

124 1762 227 1793 Exod.

122 1803 289 1840 xxv.1—S;

122 1859 221 1880 xxxv.
242 1856 283 1877 20

121 1903 203 1933 *295

120 1937 231 2007 :gxxvh
251 1942 281 1973 5,
302 1935 326 1971 b

131 1989 151 2009 ).

356 170 441 210 408
751 171 801 211 B.
842 170 1124 212 CYRILLI
1167 173 1552 213 ALEXANDR.
1760 174 1815 213 ix,
1841 185 1935 223 2-4.

352 279 506 347 τροφὴ
546 281 620 330 καὶ
660 283 754 333 τοῖς
792 279 979 330 εἰωθόσι
1019 283 1280 349 καταδῃοῦν
1313 280 1574 347 προθυμίας
1601 283 1683 344 τῆς
1713 284 1775 334 εἷς
1800 287 1937 332 τοῦτο

351 366 542 424 μᾶλλον
568 359 723 414 ὁλκός.

416 440 534 492 ’Ίδοι
561 443 605 491 δ’
635 443 693 492 ἄν
726 465 796 496 τις
833 444 908 494 καὶ
947 449 1030 494 νῦν
1067 442 1175 498 τοὺς
1198 443 1450 508 Ἑλλήνων
1488 447 1657 497 παῖδας
1694 444 1816 510 με’γα
1854 443 1939 507 μὲν

352 530 642 592 φρονοῦντας
669 528 742 578 ἐπὶ
769 528 922 597 σοφίᾳ
949 532 1167 596 κοσμικῇ,
1196 530 1269 578 καὶ
1303 527 1398 579 οἷον
1429 529 1496 579 ἐπ’
1527 529 1803 597 ὀχυρώμασι,
1838 532 1937 581 ταῖς

349 610 399 657 εἰ(
435 608 760 659 πολυπλόκων
800 615 1152 675 συλλογισμῶν
1191 609 1406 671 ἀπάταις,
1445 610 1588 673 μόνον
1625 611 1672 661 δὲ
1709 611 1810 677 οὐχὶ
1849 609 1977 673 τὴν5

350 689 469 739 ἰδίαν
507 689 751 754 πλάνησιν
790 694 847 758 τῇ
883 694 964 755 τῆς
1004 693 1288 757 εὐγλωττίας
1328 692 1517 755 δυνάμει
1557 692 1931 759 διατειχίζοντας,

348 772 424 821 καὶ
475 778 918 826 καταπλουτοῦντας
961 773 1070 824 λίαν
1118 772 1171 824 τὸ
1219 776 1280 826 ὡς
1324 775 1371 824 ἐν
1417 773 1544 842 λέξει
1593 773 1815 839 λαμπρὸν
1857 775 1935 840 [ὡς

348 852 586 922 ἇ’ργυρον],
630 856 704 904 καὶ
749 856 808 908 ὡς
855 857 903 905 ἐν
941 854 1068 924 τάξει
1110 861 1278 921 χρυσοῦ
1322 855 1375 906 τὸ
1414 858 1462 906 ἐν
1509 855 1713 919 νοήμασι
1763 855 1929 917 τίμιον.

345 934 474 999 πλὴν
513 938 588 986 καὶ
624 938 769 990 οὕτως
805 937 996 1004 ἔχοντας
1029 939 1398 1007 κεκληρονόμηκεν
1437 939 1461 988 ὁ
1496 935 1722 1003 Χριστὸς,
1749 940 1934 987 καθεῖλε

344 1015 429 1078 μὲν
460 1015 553 1083 γὰρ
588 1016 646 1068 τὰ
687 1020 975 1089 ὀχυρώματα,
1002 1019 1230 1081 τουτέστι,
1255 1020 1534 1070 πεπτώκασι
1566 1017 1624 1068 τὰ
1661 1019 1718 1087 ἐξ
1752 1018 1932 1082 ἀπάτης
1958 1043 2004 1068 10

345 1097 599 1164 εὑρήματα,
631 1099 918 1165 διήρπασται
945 1101 990 1151 δὲ
1016 1099 1069 1152 τὸ
1095 1104 1267 1169 χρυσίον
1293 1103 1369 1152 καὶ
1393 1100 1447 1151 τὸ
1472 1100 1681 1168 ἀργύριον.
1750 1104 1792 1150 οἱ
1818 1099 1934 1166 γάρ-

345 1202 415 1230 τοι
444 1179 563 1231 κατά
599 1180 758 1247 καιρὸν
788 1186 882 1232 τῶν
915 1183 1180 1247 ἐκκλησιῶν
1206 1181 1561 1249 προεστηκότες,
1590 1182 1752 1247 ἄνδρες
1786 1181 1927 1233 ἐλλό-

344 1284 473 1326 γιμοι
500 1265 575 1313 καὶ
600 1266 761 1331 σοφοὶ,
790 1265 862 1314 καὶ
898 1267 980 1328 τῆς
1012 1266 1196 1315 ἐκείνων
1232 1265 1517 1330 εὐγλωττίας
1542 1265 1627 1328 τὴν
1654 1263 1846 1328 δύναμιν
1872 1269 1934 1318 εἰς

344 1344 532 1398 ἑαυτοὺς
559 1344 857 1411 ἁρπάσαντες
885 1346 1006 1411 ἱερὸν
1043 1346 1261 1411 ἀνάθημα
1295 1348 1568 1411 πεποίηνται
1599 1349 1664 1415 τῷ
1691 1349 1810 1415 Θεῷ,
1837 1351 1931 1400 τοῖς·

345 1428 425 1489 τῆς
463 1427 668 1480 πίστεως
707 1427 1094 1493 ἐπαγωνιζόμενοι
1133 1430 1308 1493 λόγοις,
1349 1431 1421 1479 καὶ
1471 1431 1552 1492 τῆς
1596 1427 1706 1494 παρ’
1747 1430 1930 1482 ε’κείνοις
1956 1449 2002 1487 15

344 1507 526 1571 ἀπάτης
561 1509 795 1572 πλείστην
833 1532 881 1560 τε
921 1509 1041 1574 ὅσην
1067 1513 1140 1561 καὶ
1169 1513 1324 1575 άληθῆ
1352 1510 1616 1573 ποιούμενοι
1642 1509 1727 1573 τὴν
1752 1510 1925 1577 κατάῤ-

343 1591 498 1655 ῥησιν.
566 1590 847 1658 πεπράχασί
875 1615 919 1642 τι
954 1598 1164 1643 τοιοῦτον
1200 1597 1239 1643 οἱ
1273 1594 1327 1662 ἐξ
1351 1592 1570 1658 Ἰσραήλ.
1639 1592 1930 1660 χρησάμενοι

344 1671 437 1737 γὰρ
474 1671 605 1738 παρὰ
643 1677 736 1723 τῶν
772 1675 1043 1739 Αἰγυπτίων
1082 1675 1227 1739 σκεύη
1267 1677 1414 1743 χρυσᾶ
1448 1698 1495 1725 τε
1537 1677 1609 1724 καὶ
1650 1677 1818 1743 αργυρῖι
1856 1677 1929 1726 καὶ

344 1753 694 1808 σκυλεύσαντες
744 1754 852 1809 τοῦς
908 1756 1361 1820 πλεονεκτήσαντας,
1419 1755 1732 1822 προσήγαγον
1782 1762 1930 1807 ταῦτα

344 1835 462 1886 κατὰ
502 1836 587 1898 τὴν
626 1835 797 1902 ἔρημον
837 1841 904 1906 τῷ
942 1838 1158 1908 παναγίῳ
1198 1842 1319 1907 Θεῷ,
1351 1837 1809 1905 κατασκευαζομένης
1847 1841 1928 1902 τῆς
1952 1866 2000 1891 20

345 1917 479 1984 ἁγίας
505 1921 683 1982 σκηνῆς
710 1921 784 1969 καὶ
812 1924 904 1969 τῶν
935 1921 982 1969 ἐν
1009 1921 1125 1987 αὐτῇ
1153 1925 1336 1970 σκευῶν
1363 1924 1511 1986 ἱερῶν.

418 2001 607 2050 Οὐκοῦν
647 2004 687 2051 οἱ
731 1999 806 2051 διὰ
844 2001 1022 2069 σοφίας
1057 2005 1285 2066 κοσμικῆς
1324 2005 1398 2053 καὶ
1438 2001 1513 2052 διὰ
1552 2001 1701 2068 λόγου
1734 2002 1927 2070 φαιδρό-

341 2105 478 2146 τητος·
522 2086 870 2146 οἰκονομοῦντες
909 2082 993 2146 τὴν
1031 2084 1339 2147 Ἐκκλησίαν,
1382 2083 1695 2149 διαρπάζουσί
1728 2107 1777 2135 τε
1821 2084 1927 2138 τοὺς

340 2162 594 2227 “Ελλήνων
619 2166 804 2222 παῖδας,
835 2167 909 2214 καὶ
937 2167 1072 2215 οἱονεὶ
1106 2164 1159 2215 τὸ
1184 2168 1354 2235 χρυσίον
1380 2167 1532 2216 αὐτῶν
1558 2168 1631 2216 καὶ
1659 2164 1712 2216 τὸ
1738 2168 1927 2235 ἀργύριον

340 2247 388 2295 ἐκ
427 2248 615 2308 πολλῆς
654 2245 777 2310 ἄγαν
814 2246 1051 2299 ἐπιεικείας
1091 2247 1580 2310 καταπλουτήσαντες,
1604 2250 1780 2312 κλῆρον
1813 2245 1925 2297 αὐτὸ
1948 2256 1995 2293 ²5

339 2332 578 2377 ποιοῦνται
607 2330 745 2386 Θεοῦ,
782 2325 839 2377 τὰ
876 2331 937 2381 εἰς
976 2328 1121 2396 δόξαν
1159 2329 1300 2379 αὐτοῦ
1341 2333 1598 2382 λαλοῦντες
1637 2328 1817 2396 ἑτέροις,
1851 2330 1926 2379 καὶ

390 2530 626 2581 Ῑζπροθυμίας
642 2532 700 2575 τῆς
713 2532 759 2568 εἷς
776 2533 876 2567 τοῦτο
893 2535 1028 2577 μᾶλλον
1041 2535 1142 2570 ὁλκός
1156 2533 1247 2568 C.D.
1262 2535 1319 2577 τῆς
1337 2534 1383 2569 εἷς
1400 2535 1499 2567 τοῦτο
1515 2533 1702 2577 προθυμίας
1717 2533 1818 2568 ὀλκός
1831 2531 1923 2566 Edd.

340 2590 372 2620 4.
400 2581 471 2612 οἱον
490 2578 530 2612 C.
549 2578 633 2612 ὅσον
652 2579 699 2612 D.
718 2580 835 2622 ὥσπερ
856 2579 946 2613 Edd.
997 2580 1047 2614 ἐπ’
1069 2580 1161 2614 C.D.
1181 2581 1234 2614 ἐπὶ
1254 2580 1346 2615 Edd.
1396 2582 1465 2615 τοῖς
1483 2579 1572 2624 (Sic)
1591 2580 1632 2613 C.
1755 2587 1785 2623 7.
1811 2577 1921 2624 λέξει]

339 2626 430 2669 τάξει
450 2625 496 2658 D.
546 2625 589 2660 ὡς
607 2624 755 2670 ἄργυρον
772 2627 898 2660 retinui
916 2638 956 2660 ex
975 2627 1068 2661 Edd.
1087 2627 1215 2661 desunt.
1231 2628 1266 2661 in
1282 2627 1374 2661 C.D.
1481 2628 1513 2660 8.
1530 2628 1664 2671 χρυσοῦ
1681 2625 1811 2659 habent
1829 2625 1922 2660 C.D.

339 2682 372 2716 9.
401 2671 534 2705 καθεῖλε
554 2671 646 2706 C.D.
666 2671 845 2715 καθῄρηται
866 2672 955 2706 Edd.
1153 2685 1206 2708 11.
1233 2673 1400 2718 εὑρήματα
1420 2673 1513 2707 C.D.
1531 2672 1641 2716 εὑρέμ.
1663 2671 1754 2705 Edd.
1804 2671 1857 2716 δέ]
1882 2676 1919 2712 -Ι-

340 2718 392 2751 καὶ
410 2717 468 2751 iid.
647 2729 699 2752 12.
726 2720 840 2761 καιρὸν
858 2719 950 2753 C.D.
971 2720 1104 2762 καιροὺς
1121 2720 1180 2754 iid.
1355 2731 1407 2764 13.
1434 2720 1485 2752 καὶ
1504 2719 1561 2752 alt.
1581 2724 1803 2762 assumptum
1821 2730 1862 2752 ex
1881 2718 1922 2752 C.

344 2775 396 2806 14.
423 2765 543 2799 αὐτοὺς
561 2764 602 2798 C.
874 2776 926 2810 17.
953 2780 984 2799 τι
1002 2774 1223 2811 assumptum
1243 2778 1284 2800 ex
1304 2766 1344 2801 C.
1395 2767 1447 2800 καὶ
1465 2770 1544 2810 post
1561 2767 1712 2798 τοιοῦτον
1730 2764 1809 2798 add.
1830 2764 1922 2799 Edd.

338 2810 447 2844 invito
467 2810 506 2845 C.
819 2812 872 2846 18.
899 2827 935 2846 τε
953 2816 1176 2858 assumptum
1195 2825 1235 2847 ex
1256 2812 1296 2847 C.
1617 2821 1671 2844 21.
1698 2811 1810 2846 αὐτοῖς
1828 2810 1920 2845 Edd.

340 2867 395 2890 22.
421 2857 474 2890 διὰ
493 2858 550 2891 alt.
569 2860 792 2903 assumptum
810 2870 851 2891 ex
871 2858 911 2892 C.
1479 2868 1534 2902 23.
1559 2857 1809 2901 οἰκονομοῦντες
1828 2856 1920 2891 C.D.

338 2902 486 2946 οἷκοδομ.
507 2903 550 2937 Β.
570 2903 661 2938 Edd.
725 2908 790 2939 τῶν
807 2916 870 2949 pro
888 2906 964 2941 τοὺς
984 2905 1024 2940 C.
1044 2906 1152 2941 invito
1170 2906 1218 2940 D.
1696 2914 1750 2947 25.
1777 2904 1858 2938 αὐτὸ
1878 2902 1919 2938 C.

339 2948 439 2982 αὐτὸν
459 2950 499 2983 B.
519 2949 610 2984 Edd.
