1997 3361
414 988 730 1041 TOMO}
799 986 1298 1039 ΔΕΥΤΕΡΟΣ.

307 1269 521 1326 Προεευχέι
542 1269 789 1319 Ἀμβακοὺμ
815 1270 886 1309 τοῦ
910 1267 1140 1324 Προφήτου
1166 1265 1248 1315 μετ’
1281 1265 1410 1306 ὠὸιῖε.
1669 1263 1772 1312 Κεφ.
1796 1258 1845 1312 γ’.

153 1415 447 1481 Διαπεράνας
472 1415 521 1465 εὖ
553 1414 683 1478 μάλα
716 1413 797 1464 τὸν
823 1415 895 1464 ἐπὶ
928 1417 985 1481 τῇ
1012 1416 1265 1473 Βαβυλῶνι
1291 1409 1451 1476 λόγον,
1479 1410 1551 1460 καὶ
1578 1408 1646 1459 ὅτι
1664 1437 1684 1463 e

78 1497 244 1564 πικρὰς
285 1501 531 1550 ἀποτιοῦσι
570 1498 696 1550 δίκας
741 1500 783 1547 οἱ
826 1495 1210 1563 καταδῃώσαντες
1254 1492 1338 1556 μὲν
1382 1492 1467 1557 τὴν
1512 1492 1648 1557 ἁγίαν

38 1580 233 1644 5πόλιν,
274 1581 644 1644 ἀποκομίσαντες
685 1577 732 1630 δὲ
771 1577 852 1629 τὸν
887 1576 1087 1644 Ἰσραὴλ
1131 1575 1432 1644 αἰχμάλωτον
1465 1572 1644 1639 διαρκέ-

79 1686 234 1714 στατα
269 1660 752 1731 προαναπεφωνηκὼς,
790 1659 1065 1729 εὐαφόρμως
1104 1658 1284 1726 ἔρχεται
1322 1657 1439 1724 πρὸς
1476 1656 1529 1707 τὸ
1567 1661 1649 1706 τοῦ

80 1749 295 1812 Χριστοῦ
332 1744 602 1810 μυστήριον,
629 1746 703 1794 καὶ
737 1745 798 1796 ὡς
830 1745 878 1794 ἐκ
909 1741 1188 1808 λυτρώσεως
1224 1743 1306 1804 τῆς
1343 1737 1650 1805 γεγενημένης

80 1829 152 1895 ἐφ’
180 1826 279 1881 ἑνὸς
311 1828 468 1881 ε”θνους
500 1829 574 1878 καὶ
609 1831 818 1891 μερικῶς,
843 1824 1142 1891 παρακομίζει
1176 1822 1258 1874 τὸν
1289 1821 1435 1887 λόγον
1467 1825 1529 1875 εἰς
1565 1819 1650 1884 τὴν

81 1909 199 1961 κατὰ
239 1909 428 1961 πάντων
472 1911 547 1960 καὶ
590 1907 915 1974 γενικωτάτην,
960 1909 1035 1974 ὑφ’
1078 1906 1132 1970 ἧς
1182 1904 1429 1955 σέσωσται
1469 1902 1552 1965 μὲν
1595 1901 1649 1952 τὸ

16 2012 64 2038 10
81 1992 374 2055 κατάλειμμα
403 1997 486 2042 τοῦ
509 1992 722 2058 Ἰσραὴλ,
755 1989 1002 2041 σέσωσται
1040 1986 1087 2039 δὲ
1125 1986 1255 2038 οὐδὲν
1292 1986 1432 2051 ἧττον
1463 1985 1490 2048 ἡ
1521 1984 1645 2047 σύμ-

81 2097 219 2126 πασα
252 2077 329 2140 γῆ.
399 2078 553 2139 Κῦρος
590 2072 673 2136 μὲν
713 2072 805 2138 γὰρ
840 2074 864 2123 ὁ
903 2071 1171 2135 Καμβύσου
1204 2072 1286 2133 τῆς
1325 2067 1691 2134 αἱχμαλωσίαςει
1721 2082 1805 2115 548
1821 2081 1870 2115 A.

83 2158 220 2220 ἀνῆκε
265 2154 348 2206 τὸν
386 2153 600 2221 Ἰσραὴλ,
650 2154 735 2219 τὴν
788 2153 992 2220 ἀλαζόνα
1042 2154 1115 2203 καὶ
1161 2153 1357 2214 θεομισῆ
1401 2149 1652 2210 βασιλείαν

83 2236 306 2300 καθελὼν,
340 2240 460 2305 φημὶ
492 2237 538 2288 δὲ
574 2236 629 2301 δὴ
667 2236 751 2300 τὴν
789 2236 1057 2286 Χαλδαίων.
1123 2230 1439 2302 ἐξεικονισμὸς
1478 2230 1525 2281 δὲ
1563 2230 1653 2295 ἄρα

84 2322 158 2371 καὶ
193 2319 491 2373 ὑποτύπωσις
524 2317 577 2369 τὸ
616 2318 849 2384 δρώμενον
886 2316 942 2382 ἧν
977 2321 1071 2367 τῶν
1109 2314 1183 2366 διὰ
1218 2318 1432 2380 Χριστοῦ
1469 2334 1649 2378 κατωρ-

21 2420 65 2459 15
86 2401 320 2466 θωμένων·
366 2400 415 2455 ὃς
455 2405 618 2453 πᾶσαν
657 2399 742 2464 τὴν
786 2397 1121 2465 ἀνθρωπότητα
1164 2397 1451 2462 δορίληπτον
1490 2392 1654 2459 ὥσπερ

84 2482 241 2550 εὑρὼν,
277 2485 352 2534 καὶ
395 2482 484 2535 ὑπὸ
519 2487 650 2550 χεῖρα
683 2480 955 2544 κάμνουσαν
994 2479 1078 2544 τὴν
1118 2475 1405 2545 τυραννικήν·
1446 2475 1651 2538 βεβασί-

84 2573 218 2618 λευκε
251 2565 344 2632 γὰρ
381 2563 543 2631 ὥσπερ
579 2565 708 2628 ἡμῶν
741 2562 815 2613 διὰ
850 2566 930 2626 τῆς
965 2561 1191 2627 ἁμαρτίας
1229 2561 1253 2610 ὁ
1292 2563 1514 2611 σατανᾶς·
1557 2559 1648 2608 ἀπ-

136 2745 165 2768 Ῑ.
190 2735 298 2775 Τόμος
314 2732 359 2773 β’.
380 2732 436 2766 Sic
455 2732 501 2766 D.
752 2741 783 2763 2.
812 2728 867 2762 Sic
888 2727 979 2761 B.D.
1036 2725 1234 2769 Ἀββακοὺμ
1252 2725 1298 2758 D.
1355 2727 1414 2758 τοῦ
1431 2730 1497 2767 Πρ.
1516 2736 1585 2757 om.
1606 2723 1652 2758 D.

87 2780 163 2826 (23.
182 2780 245 2825 al.)
310 2780 355 2815 εἷς
371 2780 430 2823 τὴν
446 2779 544 2824 ᾠδὴν,
564 2776 723 2822 ἐξήγησις
740 2778 798 2810 τοῦ
816 2776 917 2809 αὐτοῦ
936 2773 1027 2808 Edd.
1251 2784 1283 2816 3.
1310 2771 1363 2805 ἐπὶ
1384 2772 1428 2805 D.
1448 2773 1482 2805 ἐν
1500 2771 1541 2805 Β,
1560 2770 1653 2804 Edd.

88 2841 120 2870 4.
146 2828 324 2862 ἀπο-πιοῦσι
342 2826 385 2860 Β.
403 2826 608 2860 ἇποτίσουσι
627 2825 673 2858 D.
693 2823 782 2858 Edd.
926 2821 958 2854 6.
980 2823 1039 2853 τοῦ
1057 2822 1279 2864 assumptum
1296 2830 1335 2852 ex
1357 2818 1402 2852 D.
1547 2829 1598 2862 13.
1618 2818 1653 2850 δέ

88 2874 184 2918 prius
201 2886 271 2908 om.
290 2873 335 2907 D.
384 2873 433 2906 ἔτι
450 2884 512 2916 pro
529 2873 593 2917 ‹'1'pa
612 2871 657 2905 D.
804 2881 855 2910 14.
882 2869 920 2902 τὸ
938 2868 1041 2911 δρώμ.
1060 2866 1099 2909 ἦν
1115 2866 1181 2900 hoe
1199 2865 1319 2899 ordine
1339 2865 1384 2898 D.
1518 2874 1570 2908 15.
1595 2864 1655 2907 τὴν

90 2927 308 2965 assumptum
326 2931 367 2953 ex
386 2919 478 2953 B.D.
790 2926 841 2961 17.
868 2916 983 2958 ὥσπερ
1002 2918 1221 2958 assumptum
1238 2924 1278 2946 ex
1298 2911 1338 2946 B.
1359 2911 1452 2946 deest
1470 2913 1505 2946 in
1525 2911 1569 2945 D.
1636 2912 1654 2943 ὁ

90 2973 307 3012 assumptum
325 2978 365 3000 ex
384 2965 475 3000 B.D.
