2008 3391
305 193 390 233 234
706 195 754 234 B.
798 192 1070 233 CYRILLI
1113 192 1489 235 ALEXANDR.
1737 193 1794 233 iii.
1815 203 1878 242 14.

307 308 334 331 ‘⁶
357 300 547 366 τήσατε,
587 304 662 352 καὶ
711 301 764 352 τὸ
810 300 1006 369 ἰσχυρὸν
1049 302 1428 368 κατειργάσασθε
1466 301 1646 372 μόχθῳ·
1693 304 1768 354 καὶ
1806 307 1878 354 δι-

307 390 334 412 “
359 383 543 449 εσπάρη
580 382 638 433 τὰ
675 382 894 449 πρόβατά
940 407 1030 447 μου
1071 384 1145 434 διὰ
1185 384 1239 435 τὸ
1278 384 1342 449 μὴ
1384 383 1497 435 εἶναι
1534 385 1768 447 ποιμένας,
1807 387 1882 435 καὶ

307 472 335 494 “
360 464 554 529 ἐγενήθη
588 468 650 519 εἰς
685 465 974 532 κατάβρωμα
1012 471 1133 517 πᾶσι
1172 472 1265 520 τοῖς
1305 467 1477 531 θηρίοις
1510 472 1592 518 τοῦ
1622 469 1769 532 ἀγροῦ
1808 467 1884 517 καὶ

306 553 334 575 “
359 552 454 600 τοῖς
478 552 697 601 πετεινοῖς
724 553 806 599 τοῦ
831 548 1072 615 οὐρανοῦ·”
1113 551 1188 600 καὶ
1222 549 1341 614 πρὸς
1377 548 1542 603 αὐτοὺς
1567 549 1620 600 δέ
1644 572 1735 600 που
1761 551 1884 616 φησὶ

85 628 235 658 Zaeh.xi.
267 645 288 670 e

86 684 116 710 4,
134 681 162 711 5·
306 626 412 681 τοῦς
463 629 683 692 ποιμένας
722 638 750 659 “
773 630 1051 694 Ποιμαίνετε
1105 631 1163 681 τὰ
1213 631 1432 697 πρόβατα
1474 635 1555 695 τῆς
1599 633 1807 699 σφαγῆς,
1853 627 1925 685 ἃ5

305 717 333 738 “
359 713 401 760 οἱ
439 709 724 775 κτησάμενοι
768 713 1083 781 κατέσφαζον,
1128 716 1203 764 καὶ
1246 714 1299 764 οὐ
1346 715 1672 777 μετεμέλοντο·
1722 714 1796 764 καὶ
1841 715 1883 763 οἱ

305 801 332 823 “
357 801 623 849 πωλοῦντες
661 796 779 847 αὐτὰ
817 798 981 863 ε”λεγον
1021 799 1295 865 Εὐλογητὸς
1336 798 1521 866 Κύριος,
1562 801 1635 850 καὶ
1666 805 1878 850 πεπλου-

305 884 332 906 “
358 875 611 941 τήκαμεν.”

380 960 567 1010 Οὐκοῦν
609 961 866 1012 ἀπώλλυον
905 965 946 1012 οἱ
985 963 1196 1021 ποιμένες
1234 968 1328 1013 τῶν
1368 967 1571 1027 λογικῶν
1606 961 1884 1029 θρεμμάτων

305 1039 389 1095 τὰς
415 1042 606 1106 ἀγέλας,
636 1047 791 1107 θηρῶν
817 1046 869 1094 οὐ
898 1045 1167 1108 δεδεημένοι,
1194 1051 1382 1108 μᾶλλον
1410 1045 1457 1096 δὲ
1490 1046 1619 1096 αὐτοὶ
1645 1044 1703 1095 τὰ
1730 1049 1884 1110 θηρῶν
1907 1070 1955 1094 10

82 1134 231 1208 Ξ--ΙῙΐῆΠ-
305 1123 591 1187 μιμούμενοι.
660 1125 813 1190 ἐπειδὴ
865 1126 912 1177 δὲ
964 1128 1132 1178 λοιπὸν
1183 1129 1457 1197 ἐπέλαμψεν
1507 1130 1531 1179 ὁ
1581 1126 1807 1194 Χριστος,
1859 1128 1884 1177 ὁ

108 1203 114 1208 ’
177 1203 183 1209 ’
305 1205 479 1269 ποιμὴν
500 1208 524 1257 ὁ
552 1206 695 1261 καλὸς
723 1210 747 1259 ὁ
774 1207 858 1272 τὴν
884 1210 1046 1276 ψυχὴν
1072 1212 1212 1261 αὐτοῦ
1244 1213 1334 1264 θεὶς
1363 1209 1475 1276 ὑπὲρ
1501 1215 1594 1261 τῶν
1617 1209 1884 1275 προβάτων,

84 1305 165 1385 s(321
181 1303 231 1338 A.
267 1314 289 1337 a
307 1289 591 1353 νενεμήμεθα
617 1289 700 1352 μὲν
727 1293 773 1341 ἐν
799 1290 975 1355 κήποις,
999 1296 1429 1357 κατεποιμάνθημεν
1454 1292 1501 1343 δὲ
1528 1295 1602 1343 καὶ
1628 1294 1677 1343 ἐν
1702 1292 1884 1358 κρίνοις,

104 1354 234 1386 'a11t.vi.

90 1407 165 1435 1‚2,
307 1370 426 1421 κατὰ
484 1370 536 1422 τὸ
598 1373 935 1440 γεγραμμένον·
1011 1373 1321 1437 {marcio-&mcv
1373 1375 1420 1426 δὲ
1481 1377 1555 1426 καὶ
1604 1377 1652 1425 ἐν
1702 1379 1880 1438 σηκοῖς·

308 1454 623 1518 ἐνηυλίσμεθα
657 1454 749 1521 γὰρ
781 1456 1052 1520 ἐκκλησίαις
1091 1459 1166 1506 καὶ
1207 1462 1330 1510 ναοῖς
1370 1458 1529 1523 ἁγίοις,
1557 1456 1738 1510 οὐδενὸς
1764 1457 1884 1520 ἡμᾶς
1907 1476 1954 1514 15

85 1579 134 1610 Cf.
156 1580 188 1609 S.
309 1536 675 1599 ἐκδεδιττομένου
709 1540 783 1588 καὶ
824 1537 1168 1604 διαρπάζοντος,
1196 1541 1277 1589 οὐκ
1311 1540 1685 1605 ἐπιθρώσκοντος
1723 1538 1883 1601 λύκου,

87 1622 210 1696 ἳξᾶἓῑὲὶ·
309 1619 362 1668 οὐ
387 1624 764 1673 καταπατοῦντος
791 1618 992 1681 λέοντος,
1021 1622 1073 1670 οὐ
1105 1621 1309 1672 κλέπτου
1343 1620 1674 1688 διορύττοντος,
1702 1619 1884 1674 οὐδενὸς

86 1710 231 1784 Ξιξὲηῐι·
309 1700 419 1764 ἡμῖν
451 1700 658 1755 ἐπιόντος
685 1701 763 1763 ἔτι,
793 1709 819 1730 “
837 1702 911 1752 ἵνα
936 1702 1094 1770 κλέψῃ
1121 1706 1194 1753 καὶ
1228 1703 1352 1772 θύσῃ
1378 1706 1452 1754 καὶ
1479 1703 1739 1771 ἀπολέσῃ.”
1787 1706 1884 1753 δια-

111 1778 117 1784 .
183 1778 189 1784 “
310 1788 535 1846 τελοῦμεν
574 1782 622 1834 δὲ
664 1788 853 1846 μᾶλλον
894 1786 941 1834 ἐν
985 1786 1230 1854 ἀσφαλείᾳ
1275 1789 1347 1836 καὶ
1392 1785 1673 1850 βεβαιότητι,
1717 1788 1793 1835 καὶ
1837 1787 1885 1836 ἐν

309 1865 490 1933 μεθέξει
530 1864 705 1919 παντὸς
744 1868 937 1931 ἀγαθοῦ,
977 1868 1117 1917 αὑτὸν
1160 1866 1340 1934 ἔχοντες
1384 1868 1640 1932 ἐπιστάτην
1673 1866 1755 1918 τὸν
1792 1872 1885 1918 τῶν
1905 1893 1954 1916 20

265 1946 437 1998 1³5va
477 1951 691 2014 Σωτῆρα,
732 1951 852 2018 φημὶ
890 1949 1118 2016 Χριστόν.
1187 1952 1261 2000 καὶ
1299 1956 1437 2001 τοῦτο
1474 1951 1583 2014 ἡμῖν
1621 1949 1696 2000 διὰ
1727 1952 1886 2018 φωνῆς

90 2025 202 2100 ἓξὲξ.
311 2028 528 2095 Ἰεζεκιὴλ
561 2029 763 2098 φανερὸν
798 2032 991 2082 ἐποιεῖτο
1027 2032 1181 2096 λέγων
1208 2033 1231 2082 ὁ
1259 2032 1378 2086 Θεὸς
1414 2035 1487 2082 καὶ
1524 2031 1692 2098 Πατήρ
1715 2031 1886 2083 ((Τάδε

91 2121 212 2152 ²²2²3·
313 2118 338 2140 ‘⁶
365 2111 491 2176 λέγει
536 2113 707 2178 Κύριος
749 2112 878 2178 Ἐγὼ
928 2114 1078 2164 σώσω
1128 2113 1186 2164 τὰ
1228 2114 1447 2180 πρόβατά
1490 2137 1593 2177 μου,
1634 2116 1707 2164 καὶ
1746 2119 1885 2179 κρινῶ

311 2200 337 2221 “
363 2193 452 2244 ἀνὰ
490 2195 638 2258 μέσον
675 2202 803 2262 κριοῦ
842 2195 959 2261 πρὸς
999 2195 1147 2261 κριὸν,
1190 2198 1264 2247 καὶ
1307 2195 1566 2260 ἀναστήσω
1611 2197 1680 2247 ἐπ’
1720 2195 1886 2250 αὐτοὺς

310 2284 337 2305 “
361 2278 558 2338 ποιμένα
596 2277 676 2328 ἕνα
725 2276 807 2329 τὸν
858 2277 1028 2329 δοῦλόν
1076 2301 1166 2342 μου
1213 2281 1401 2339 Δαυεὶδ,
1445 2281 1519 2329 καὶ
1564 2279 1697 2329 ἔσται
1735 2279 1886 2329 αὐτῶν
1906 2304 1953 2340 25

311 2366 338 2387 “
364 2360 581 2423 ποιμήν.”

250 2620 295 2653 14
316 2602 443 2661 Χαῖρε
478 2604 644 2661 σφόδρα
680 2605 857 2661 θύΓατερ
895 2605 1022 2656 Σιὼν,
1063 2606 1244 2662 κήρυσσε
1282 2606 1459 2661 θύΓατερ
1487 2604 1783 2661 Ἱερουοαλὴμ,
1820 2606 1887 2645 εὑ-

382 2689 563 2744 φραίνου
608 2689 675 2729 καὶ
717 2690 983 2745 κατατὲρπου
1025 2689 1070 2731 ἐξ
1109 2690 1212 2731 &Aac
1249 2693 1321 2729 τῆς
1365 2687 1540 2744 καρδίας
1580 2703 1667 2739 σου,
1707 2689 1885 2744 ebron-:p

362 2874 394 2906 9.
421 2863 549 2897 Οὐκοῦν
566 2864 710 2898 accessit
727 2876 767 2898 ex
788 2865 828 2898 B.
960 2876 1011 2899 10.
1037 2864 1147 2908 θηρῶν
1164 2864 1202 2897 οὐ
1220 2863 1407 2907 ὃεδεημένοι
1427 2863 1468 2897 Β.
1488 2863 1590 2908 θήρας
1607 2864 1646 2897 οὐ
1664 2864 1887 2908 δεδιττόμενοι

317 2907 543 2952 [δεδιπόμενοι
562 2909 681 2955 Pont.]
703 2911 793 2945 Edd.
1001 2923 1054 2945 12.
1080 2911 1181 2946 τιθεὶς
1198 2913 1256 2953 τὴν
1273 2910 1389 2955 ψυχὴν
1408 2922 1471 2955 pro
1488 2911 1546 2954 τὴν
1563 2911 1606 2955 ψ.
1625 2911 1725 2944 αὑτοῦ
1743 2911 1811 2946 θεὶς
1826 2910 1886 2944 iid.

318 2965 371 2997 13.
397 2957 562 2999 νεμόμεθα
578 2957 638 2991 iid.
688 2956 821 3003 κήποις]
841 2959 955 2994 κόποις
972 2958 1031 2992 iid.
1082 2957 1213 3001 κρήναις
1230 2956 1288 2990 iid.
1508 2957 1558 2991 16.
1588 2957 1683 2991 Haec
1700 2958 1759 2991 οὐκ
1777 2957 1885 3002 ἐπιθρ.

315 2999 418 3035 λύκου
434 3009 652 3038 accesserunt
669 3015 710 3038 ex
731 3004 772 3038 B.
962 3014 1017 3049 27.
1044 3005 1183 3049 σφόδρα
1200 3003 1341 3038 accessit
1358 3015 1399 3037 ex
1419 3003 1459 3037 B.
1478 3003 1555 3049 (36.
1573 3003 1637 3048 al.)
1655 3004 1698 3038 cf.
1716 3004 1815 3038 infra.
