1997 3361
96 173 133 213 ii.
158 175 195 214 6.
537 175 607 215 IN
655 173 928 213 ABACUC.
990 172 1141 213 TUM.
1182 172 1210 211 Ι.
1610 173 1662 210 97

91 281 156 332 ε”τι
188 282 340 348 μεῖζον
367 285 440 333 καὶ
467 283 783 349 ἀληθέστερον
808 284 1053 350 ἀναφέρων
1085 281 1166 334 τὰς
1201 280 1360 341 αἰτίας,
1388 277 1471 352 ᾅδῃ
1503 301 1660 344 παρει-

90 362 210 429 κάζει
237 367 310 414 καὶ
337 363 505 435 θανάτῳ
532 365 714 416 λοιπόν.
780 368 938 431 χρῆμα
976 363 1069 430 γὰρ
1108 361 1364 428 ἀκόρεστον
1402 360 1580 415 θάνατός
1613 383 1660 410 τε
1681 387 1701 412 c

90 446 164 495 καὶ
191 443 314 516 ᾅδης.
377 445 548 511 ἀληθὲς
573 446 620 498 δὲ
647 447 716 498 ὅτι
752 446 870 497 κατά
902 469 955 511 γε
979 445 1033 496 τὸ
1065 449 1130 514 τῷ
1158 444 1449 512 Βαβυλωνίῳ
1476 446 1659 503 δοκοῦν,

89 527 241 579 πάντα
279 526 337 578 ἂν
367 529 436 579 ἐπ’
468 530 592 598 αὐτῷ
626 527 806 591 συνήχθη
844 527 902 578 τα
943 526 1040 587 ἔθνη.
1110 529 1183 577 καὶ
1224 526 1358 576 νοοῖτ’
1393 524 1450 575 ἂν
1481 523 1665 576 εἰκότως

48 620 69 659 5
92 612 330 675 Περσικῆς
389 611 658 676 φιλοτιμίας
719 609 991 676 ἐγκλήματα
1045 608 1104 660 τὰ
1152 607 1303 659 τοιάδε
1350 612 1444 658 τῶν
1492 611 1661 657 κακῶν.

91 691 233 758 μικρὰ
267 692 360 759 γὰρ
394 694 547 747 αὐτοῖς
581 694 608 757 ἡ
645 694 718 744 ὑπ’
756 693 964 758 οὐρανὸν,
993 695 1068 742 καὶ
1107 692 1189 741 οὐκ
1227 689 1285 741 ἂν
1323 690 1566 756 ἁρκὲσειαν
1605 692 1666 742 εἷς

92 773 146 825 τὸ
174 775 407 826 δουλεύειν
434 776 588 828 αὐτοῖς
614 774 767 826 πάντα
793 774 851 824 τὰ
876 777 970 824 τῶν
996 773 1256 839 ἀνθρώπων
1278 773 1405 839 γε’νη.

165 857 333 921 “Αλοίη
361 858 403 906 δ’
433 856 490 907 ἂν
515 859 590 908 καὶ
616 855 752 910 αὐτὸς
779 857 803 906 ὁ
829 858 910 919 τῆς
942 855 1168 922 ἁμαρτίας
1203 853 1398 920 εὑρετὴς,
1425 853 1668 905 τουτέστιν

93 939 118 988 ὁ
143 944 365 1001 σατανᾶς,
388 944 564 1002 πᾶσαν,
591 942 652 993 ὡς
689 939 798 992 ἔπος
831 941 990 1000 εἰπεῖν,
1022 938 1099 1006 ὑφ’
1125 939 1272 1007 ἑαυτῷ
1297 936 1382 1000 τὴν
1411 939 1500 1002 γῆν
1526 940 1667 986 ποιεῖ-

6 1023 73 1064 >10
93 1024 206 1071 σθαι
231 1020 527 1086 σπουδάζων,
559 1024 631 1072 καὶ
667 1020 763 1072 οἷον
797 1017 907 1092 ᾅδης
940 1021 1250 1088 καταῤῥοφῶν
1283 1017 1389 1072 τοὺς
1427 1023 1525 1072 ταῖς
1555 1019 1663 1084 παρ’
1685 1030 1711 1070 d

93 1104 233 1153 αὐτοῦ
274 1104 575 1169 δυστροπιάις
621 1102 990 1166 ἀπολλυμένους.
1055 1101 1146 1169 ἔφη
1186 1101 1239 1152 δέ
1271 1124 1364 1152 που
1402 1103 1477 1152 καὶ
1515 1098 1666 1162 αὐτὸς,

94 1184 163 1236 ὅτι
202 1192 229 1214 “
248 1185 350 1250 Τὴν
388 1184 656 1250 οἰκουμένην
697 1186 814 1249 ὅλην
852 1182 1192 1252 καταλήψομαι
1230 1187 1287 1251 τῇ
1326 1183 1450 1250 χειρί
1479 1205 1568 1245 μου
1606 1184 1666 1235 ὡς

93 1276 119 1297 “
147 1267 364 1330 νοσσιὰν,
396 1270 470 1318 καὶ
503 1270 564 1322 ὡς
598 1267 997 1330 καταλελειμμένα
1024 1265 1092 1317 ὠὰ
1117 1268 1228 1332 ἀρῶ,
1256 1268 1329 1316 καὶ
1357 1267 1438 1316 οὐκ
1465 1265 1594 1315 ἔστιν
1618 1263 1667 1317 ὃς

94 1358 120 1380 “
146 1350 446 1419 διαφεύξεταί
472 1373 529 1413 με
568 1350 594 1415 ἢ
630 1350 820 1418 ἀντείπῃ
859 1350 974 1412 μοι.”
1040 1349 1291 1412 ἄπληστον
1322 1347 1414 1414 γὰρ
1452 1349 1528 1397 καὶ
1566 1347 1665 1397 ἀτί-

28 1448 73 1486 15
95 1437 246 1484 θασον
270 1432 323 1483 τὸ
359 1432 519 1498 θηρίον
554 1434 628 1483 καὶ
663 1431 930 1498 ἀλαζονείας
956 1430 1152 1495 μεστὸν,
1181 1428 1349 1497 μιαρὸν
1375 1432 1562 1494 ἀληθῶς
1591 1430 1667 1479 καὶ

92 1513 443 1580 μισάνθρωπον.

96 1758 196 1814 Οὐχὶ
230 1763 362 1801 ταῦτα
392 1760 531 1801 Πάντα
558 1761 808 1817 Παραβολιὶν
836 1760 920 1801 κατ’
952 1759 1079 1801 αὐτοῦ
1107 1760 1319 1809 λήψονται
1346 1758 1414 1799 καὶ
1440 1757 1665 1814 ΠρόβλΗμα
1686 1756 1708 1791 6

162 1841 221 1883 εἷς
255 1842 444 1890 bnis-How
477 1844 632 1896 αὐτοῦ;
672 1844 739 1884 καὶ
775 1844 942 1900 ἐροῦσιν
982 1842 1088 1884 Οὐαὶ
1126 1843 1148 1884 ὁ
1181 1843 1408 1884 ΠλΗθύνων
1442 1841 1581 1894 ἐαυτῷ
1615 1839 1667 1880 τὰ

163 1927 238 1968 οὐκ
275 1928 377 1970 ὄντα
414 1929 557 1980 αὐτοῦ,
594 1930 676 1969 ἕως
714 1928 856 1981 τίνο(;;
906 1928 975 1969 καὶ
1012 1929 1203 1985 βαρύνων
1245 1927 1312 1969 τὸν
1358 1925 1501 1968 κλοιὸν
1539 1925 1707 1967 αὐτοῡο

29 2020 77 2044 20
163 2013 385 2070 στιβαρῶς.

160 2140 275 2193 ‘'O‘n
301 2142 416 2207 μήτε
441 2141 729 2209 ἀκράδαντον
754 2144 878 2212 αὐτῷ
914 2143 968 2194 τὸ
1003 2148 1198 2210 κρατεῖν,
1224 2142 1339 2207 μήτε
1369 2141 1462 2206 μὴν
1495 2141 1548 2192 τὸ
1576 2144 1669 2192 δεῖν

95 2226 328 2293 ἐντρυφᾶν
359 2225 432 2275 ἐπὶ
468 2224 650 2288 πληθυῖ
680 2229 773 2275 τῶν
807 2225 1240 2292 συναγηγερμένων,
1268 2223 1587 2288 ἀπολισθήσει
1621 2223 1669 2274 δὲ

95 2306 281 2360 πάντως
306 2308 452 2374 ἀρχῆς
478 2329 527 2357 τε
553 2308 628 2357 καὶ
654 2305 808 2375 δόξης,
832 2309 906 2357 καὶ
932 2306 1026 2376 ᾠδὴ
1053 2306 1102 2358 δὲ
1125 2312 1324 2360 πολλοῖς
1351 2306 1484 2357 ἔσται
1508 2304 1669 2357 πεσὼν

96 2387 170 2452 δὴ,
199 2387 574 2452 καταμεμήνυκεν
599 2389 816 2454 ἐναργῶς.
885 2385 1117 2459 λήψεσθαι
1156 2387 1249 2455 γὰρ
1287 2388 1378 2458 ἔφη
1404 2387 1670 2457 παραβολὴν

147 2610 176 2633 1.
201 2601 390 2643 παρεικάζει
408 2600 460 2634 καὶ
478 2599 607 2646 θανάτῳ
624 2599 690 2633 hoc
709 2598 829 2632 oldine
848 2597 893 2631 D.
1059 2610 1092 2640 4.
1118 2596 1167 2631 ἐπ’
1186 2597 1273 2642 αἰτῴ
1295 2597 1339 2631 D.
1344 2597 1378 2631 b.
1396 2595 1449 2630 ὑ’π
1468 2596 1556 2641 αἰτῷ
1576 2595 1666 2630 Edd.

97 2645 248 2690 συνήχθη
269 2646 506 2691 [συνήχθησαν
523 2647 568 2680 D.
572 2635 597 2691 ]
607 2648 646 2679 τὰ
664 2646 739 2688 ἔθνη
758 2645 823 2678 hoc
841 2644 960 2678 ordine
980 2644 1012 2677 D
1019 2644 1064 2678 b.
1408 2654 1440 2685 5.
1466 2645 1601 2676 τοιαῦτα
1620 2643 1666 2676 Ϊ).

97 2693 129 2726 6.
155 2693 328 2737 ἀρκέσειεν
346 2693 437 2727 Edd.
485 2695 569 2738 πρὸς
589 2693 634 2727 D.
826 2701 856 2736 7.
882 2694 947 2724 τῶν
964 2697 1184 2735 assumptum
1202 2703 1241 2723 ex
1263 2690 1302 2724 B.
1310 2690 1355 2723 D.
1543 2690 1576 2723 8.
1603 2691 1668 2722 ‹5—

96 2753 272 2773 τουτεστιν
289 2746 321 2773 et
339 2740 382 2774 ὡς
398 2741 478 2775 ἔπος
495 2741 598 2774 εἰπεῖν
615 2752 685 2774 orn.
706 2739 751 2772 D.
962 2749 995 2779 Q.
962 2737 1079 2781 913sp’
1099 2738 1215 2770 ἑαυτὸν
1234 2737 1279 2770 D
1510 2747 1563 2769 10.
1589 2736 1666 2781 παρ’

98 2786 199 2819 αὐτοῦ
219 2786 260 2819 Β.
278 2801 346 2830 παρ
374 2787 462 2832 αὐτῷ
482 2787 572 2821 Edd.
622 2789 691 2821 τοῖς
706 2787 816 2830 ἔργοις
833 2785 934 2817 οἶτον
952 2796 1014 2828 pro
1032 2785 1102 2819 ταῖς
1118 2798 1154 2817 π.
1173 2798 1224 2817 av.
1243 2783 1362 2827 ὃυστρ.
1382 2783 1428 2817 D.
1544 2794 1596 2817 11.
1615 2798 1668 2816 και

98 2833 197 2867 αὐτός
212 2847 277 2866 που
294 2833 365 2867 inv,
383 2833 458 2867 ord.
478 2833 523 2867 D.
717 2843 767 2866 12.
796 2847 859 2875 μου
877 2843 945 2865 om.
968 2831 1013 2864 D.
1033 2830 1084 2873 (W
1088 2837 1132 2864 at
1139 2830 1153 2873 )
1355 2841 1406 2871 14.
1434 2830 1485 2862 καὶ
1504 2841 1566 2874 pro
1583 2829 1601 2872 ἢ
1622 2830 1666 2864 D.

103 2888 155 2922 15.
181 2879 313 2922 ἀληθῶς
329 2886 409 2924 post
425 2880 584 2924 μισάνθρ.
603 2886 645 2914 tr.
666 2880 713 2913 D.
940 2889 990 2923 17.
1016 2879 1215 2921 παραβολὴν
1233 2875 1300 2909 κατ’
1320 2877 1420 2910 αὐτοῦ
1440 2876 1481 2910 Β.
1487 2877 1531 2911 D.
1552 2877 1668 2919 (Alex.

100 2924 201 2967 XII.)
220 2925 288 2960 κατ’
306 2927 407 2961 αὐτοῦ
423 2926 622 2972 παραβολὴν
640 2926 730 2960 Edd.
751 2925 797 2967 (V
801 2926 862 2967 at.)
1137 2935 1192 2958 22.
1219 2922 1289 2968 ἐπὶ]
1314 2928 1350 2964 -Ι-
1371 2925 1410 2967 τῇ
1430 2923 1476 2958 D.
1526 2938 1669 2968 συνεγη-

100 2972 267 3016 γερμένων
285 2972 376 3007 Edd.
566 2984 620 3018 23.
647 2973 683 3007 δὲ
700 2980 733 3007 et
751 2973 790 3017 δὴ
808 2978 986 3016 assumpta
1004 2982 1043 3005 ex
1064 2970 1110 3004 D.

158 3040 251 3068 VOL.
274 3041 322 3068 II.
873 3040 896 3067 O

1729 1197 1784 1227 Es.
1803 1207 1834 1227 x.

1732 1251 1780 1281 14.
