<?xml version="1.0" encoding="UTF-8"?>
<!DOCTYPE html PUBLIC "-//W3C//DTD XHTML 1.0 Transitional//EN"
    "http://www.w3.org/TR/xhtml1/DTD/xhtml1-transitional.dtd">
<html xmlns="http://www.w3.org/1999/xhtml" xml:lang="en" lang="en">
 <head>
  <title>
</title>
<meta http-equiv="Content-Type" content="text/html;charset=utf-8" />
  <meta name='ocr-system' content='tesseract 3.04.00' />
  <meta name='ocr-capabilities' content='ocr_page ocr_carea ocr_par ocr_line ocrx_word'/>
</head>
<body>
  <div class='ocr_page' id='page_1' title='image "./operacyrilli02cyriuoft/operacyrilli02cyriuoft_0104.png"; bbox 0 0 2028 3356; ppageno 0'>
   <div class='ocr_carea' id='block_1_1' title="bbox 287 140 1873 197">
    <p class='ocr_par' dir='ltr' id='par_1_1' title="bbox 287 140 1873 197">
     <span class='ocr_line' id='line_1_1' title="bbox 287 140 1873 197; baseline -0.002 -11"><span class='ocrx_word' id='word_1_1' title='bbox 287 140 345 181; x_wconf 88' lang='grc'>96</span> <span class='ocrx_word' id='word_1_2' title='bbox 684 145 735 187; x_wconf 90' lang='grc' dir='ltr'>Β.</span> <span class='ocrx_word' id='word_1_3' title='bbox 777 144 1051 186; x_wconf 83' lang='lat' dir='ltr'>CYRILLI</span> <span class='ocrx_word' id='word_1_4' title='bbox 1102 145 1489 187; x_wconf 84' lang='lat' dir='ltr'><strong>ALEXANDR.</strong></span> <span class='ocrx_word' id='word_1_5' title='bbox 1769 144 1809 184; x_wconf 91' lang='lat' dir='ltr'>ii.</span> <span class='ocrx_word' id='word_1_6' title='bbox 1833 152 1873 197; x_wconf 88' lang='lat'>5.</span> 
     </span>
    </p>
   </div>
   <div class='ocr_carea' id='block_1_2' title="bbox 59 250 1875 1374">
    <p class='ocr_par' dir='ltr' id='par_1_2' title="bbox 288 250 1875 328">
     <span class='ocr_line' id='line_1_2' title="bbox 288 250 1875 328; baseline 0.001 -27"><span class='ocrx_word' id='word_1_7' title='bbox 288 250 537 319; x_wconf 75' lang='grc' dir='ltr'>ἰσχύοντος</span> <span class='ocrx_word' id='word_1_8' title='bbox 559 256 697 307; x_wconf 82' lang='grc' dir='ltr'>Θεοῦ.</span> <span class='ocrx_word' id='word_1_9' title='bbox 737 255 762 305; x_wconf 86' lang='grc' dir='ltr'>ὁ</span> <span class='ocrx_word' id='word_1_10' title='bbox 789 253 838 305; x_wconf 81' lang='grc' dir='ltr'>δὲ</span> <span class='ocrx_word' id='word_1_11' title='bbox 863 259 1071 308; x_wconf 83' lang='grc' dir='ltr'>τοιοῦτος</span> <span class='ocrx_word' id='word_1_12' title='bbox 1107 251 1219 306; x_wconf 62' lang='grc' dir='ltr'>οὐδὲν</span> <span class='ocrx_word' id='word_1_13' title='bbox 1254 257 1298 306; x_wconf 81' lang='grc' dir='ltr'>οὐ</span> <span class='ocrx_word' id='word_1_14' title='bbox 1324 253 1386 324; x_wconf 64' lang='grc' dir='ltr'>μὴ</span> <span class='ocrx_word' id='word_1_15' title='bbox 1421 252 1576 328; x_wconf 66' lang='grc' dir='ltr'>περαίνῃ</span> <span class='ocrx_word' id='word_1_16' title='bbox 1603 253 1770 322; x_wconf 81' lang='grc' dir='ltr'>φησὶν·</span> <span class='ocrx_word' id='word_1_17' title='bbox 1819 252 1875 303; x_wconf 83' lang='grc' dir='ltr'>οὐ</span> 
     </span>
    </p>

    <p class='ocr_par' dir='ltr' id='par_1_3' title="bbox 285 332 1873 405">
     <span class='ocr_line' id='line_1_3' title="bbox 285 332 1873 405; baseline 0.001 -21"><span class='ocrx_word' id='word_1_18' title='bbox 285 332 383 399; x_wconf 77' lang='grc' dir='ltr'>γὰρ</span> <span class='ocrx_word' id='word_1_19' title='bbox 413 334 602 390; x_wconf 81' lang='grc' dir='ltr'>πάντως</span> <span class='ocrx_word' id='word_1_20' title='bbox 637 337 763 405; x_wconf 74' lang='grc' dir='ltr'>αὐτῷ</span> <span class='ocrx_word' id='word_1_21' title='bbox 801 335 920 386; x_wconf 78' lang='grc' dir='ltr'>κατὰ</span> <span class='ocrx_word' id='word_1_22' title='bbox 959 341 1068 387; x_wconf 84' lang='grc' dir='ltr'>νοῦν</span> <span class='ocrx_word' id='word_1_23' title='bbox 1094 336 1346 401; x_wconf 79' lang='grc' dir='ltr'>ἐκβήσεται</span> <span class='ocrx_word' id='word_1_24' title='bbox 1382 341 1478 388; x_wconf 85' lang='grc' dir='ltr'>τῶν</span> <span class='ocrx_word' id='word_1_25' title='bbox 1501 333 1794 404; x_wconf 79' lang='grc' dir='ltr'>πραγμάτων</span> <span class='ocrx_word' id='word_1_26' title='bbox 1817 333 1873 385; x_wconf 80' lang='grc' dir='ltr'>τὸ</span> 
     </span>
    </p>

    <p class='ocr_par' dir='ltr' id='par_1_4' title="bbox 283 416 1872 486">
     <span class='ocr_line' id='line_1_4' title="bbox 283 416 1872 486; baseline 0 -20"><span class='ocrx_word' id='word_1_27' title='bbox 283 416 447 482; x_wconf 75' lang='grc' dir='ltr'>πέρας,</span> <span class='ocrx_word' id='word_1_28' title='bbox 476 418 529 468; x_wconf 83' lang='grc' dir='ltr'>οὐ</span> <span class='ocrx_word' id='word_1_29' title='bbox 561 417 696 485; x_wconf 79' lang='grc' dir='ltr'>μέχρι</span> <span class='ocrx_word' id='word_1_30' title='bbox 722 416 900 472; x_wconf 81' lang='grc' dir='ltr'>παντὸς</span> <span class='ocrx_word' id='word_1_31' title='bbox 928 418 1212 486; x_wconf 85' lang='grc' dir='ltr'>ἐντρυφήσει</span> <span class='ocrx_word' id='word_1_32' title='bbox 1244 421 1321 470; x_wconf 83' lang='grc' dir='ltr'>καὶ</span> <span class='ocrx_word' id='word_1_33' title='bbox 1353 418 1774 485; x_wconf 84' lang='grc' dir='ltr'>κατευρυνθήσεται</span> <span class='ocrx_word' id='word_1_34' title='bbox 1797 418 1872 467; x_wconf 79' lang='grc' dir='ltr'>καὶ</span> 
     </span>
    </p>

    <p class='ocr_par' dir='ltr' id='par_1_5' title="bbox 61 498 1873 897">
     <span class='ocr_line' id='line_1_5' title="bbox 284 498 1871 567; baseline 0.001 -19"><span class='ocrx_word' id='word_1_35' title='bbox 284 499 333 548; x_wconf 88' lang='grc' dir='ltr'>ἐν</span> <span class='ocrx_word' id='word_1_36' title='bbox 367 499 594 553; x_wconf 83' lang='grc' dir='ltr'>εὐκλείαις</span> <span class='ocrx_word' id='word_1_37' title='bbox 629 498 762 550; x_wconf 66' lang='grc' dir='ltr'>ἐσται</span> <span class='ocrx_word' id='word_1_38' title='bbox 807 504 1063 567; x_wconf 80' lang='grc' dir='ltr'>λαμπραῖς.</span> <span class='ocrx_word' id='word_1_39' title='bbox 1126 503 1202 551; x_wconf 84' lang='grc' dir='ltr'>καὶ</span> <span class='ocrx_word' id='word_1_40' title='bbox 1243 501 1374 552; x_wconf 78' lang='grc' dir='ltr'>ε”στιν</span> <span class='ocrx_word' id='word_1_41' title='bbox 1408 501 1594 565; x_wconf 78' lang='grc' dir='ltr'>ἀληθὲς,</span> <span class='ocrx_word' id='word_1_42' title='bbox 1629 500 1743 565; x_wconf 77' lang='grc' dir='ltr'>ὅπερ</span> <span class='ocrx_word' id='word_1_43' title='bbox 1780 501 1871 567; x_wconf 79' lang='grc' dir='ltr'>ἔφη</span> 
     </span>
     <span class='ocr_line' id='line_1_6' title="bbox 61 579 1866 649; baseline 0.003 -23"><span class='ocrx_word' id='word_1_44' title='bbox 61 595 231 628; x_wconf 70' lang='lat' dir='ltr'><strong>Ps.xxxvi.</strong></span> <span class='ocrx_word' id='word_1_45' title='bbox 283 579 498 647; x_wconf 77' lang='grc' dir='ltr'>ψάλλων</span> <span class='ocrx_word' id='word_1_46' title='bbox 536 583 611 632; x_wconf 80' lang='grc' dir='ltr'>καὶ</span> <span class='ocrx_word' id='word_1_47' title='bbox 649 582 675 632; x_wconf 85' lang='grc' dir='ltr'>ὁ</span> <span class='ocrx_word' id='word_1_48' title='bbox 709 581 936 649; x_wconf 79' lang='grc' dir='ltr'>μακάριος</span> <span class='ocrx_word' id='word_1_49' title='bbox 969 584 1144 635; x_wconf 83' lang='grc' dir='ltr'>Δαυείδ</span> <span class='ocrx_word' id='word_1_50' title='bbox 1183 590 1210 613; x_wconf 83' lang='grc'><strong>“</strong></span> <span class='ocrx_word' id='word_1_51' title='bbox 1231 582 1373 635; x_wconf 79' lang='grc' dir='ltr'>Εἶδον</span> <span class='ocrx_word' id='word_1_52' title='bbox 1410 582 1492 634; x_wconf 80' lang='grc' dir='ltr'>τὸν</span> <span class='ocrx_word' id='word_1_53' title='bbox 1530 585 1685 647; x_wconf 79' lang='grc' dir='ltr'>ἀσεβῆ</span> <span class='ocrx_word' id='word_1_54' title='bbox 1725 583 1866 648; x_wconf 86' lang='grc' dir='ltr'>ὑπερ-</span> 
     </span>
     <span class='ocr_line' id='line_1_7' title="bbox 61 639 1869 733; baseline 0.001 -21"><span class='ocrx_word' id='word_1_55' title='bbox 61 648 113 679; x_wconf 78' lang='lat'>35,</span> <span class='ocrx_word' id='word_1_56' title='bbox 134 639 185 680; x_wconf 55' lang='lat'>³6⁸</span> <span class='ocrx_word' id='word_1_57' title='bbox 285 669 312 690; x_wconf 73' lang='lat'>‘⁶</span> <span class='ocrx_word' id='word_1_58' title='bbox 340 662 728 730; x_wconf 60' lang='grc' dir='ltr'>υψούμενον,’”’“’καὶ</span> <span class='ocrx_word' id='word_1_59' title='bbox 755 665 1060 732; x_wconf 84' lang='grc' dir='ltr'>ἐπαιρόμενον</span> <span class='ocrx_word' id='word_1_60' title='bbox 1095 668 1158 720; x_wconf 89' lang='grc' dir='ltr'>ὡς</span> <span class='ocrx_word' id='word_1_61' title='bbox 1197 664 1281 720; x_wconf 76' lang='grc' dir='ltr'>τὰς</span> <span class='ocrx_word' id='word_1_62' title='bbox 1319 666 1506 733; x_wconf 75' lang='grc' dir='ltr'>κε’δρους</span> <span class='ocrx_word' id='word_1_63' title='bbox 1531 671 1614 716; x_wconf 85' lang='grc' dir='ltr'>τοῦ</span> <span class='ocrx_word' id='word_1_64' title='bbox 1641 664 1869 724; x_wconf 80' lang='grc' dir='ltr'>Λιβάνου,</span> 
     </span>
     <span class='ocr_line' id='line_1_8' title="bbox 283 746 1871 815; baseline 0.002 -21"><span class='ocrx_word' id='word_1_65' title='bbox 283 749 312 772; x_wconf 82' lang='grc'><strong>“</strong></span> <span class='ocrx_word' id='word_1_66' title='bbox 337 747 414 794; x_wconf 81' lang='grc' dir='ltr'>καὶ</span> <span class='ocrx_word' id='word_1_67' title='bbox 455 748 719 810; x_wconf 85' lang='grc' dir='ltr'>παρῆλθον,</span> <span class='ocrx_word' id='word_1_68' title='bbox 756 749 831 798; x_wconf 81' lang='grc' dir='ltr'>καὶ</span> <span class='ocrx_word' id='word_1_69' title='bbox 864 748 963 799; x_wconf 76' lang='grc' dir='ltr'>ἰδοὺ</span> <span class='ocrx_word' id='word_1_70' title='bbox 1000 749 1083 799; x_wconf 85' lang='grc' dir='ltr'>οὐκ</span> <span class='ocrx_word' id='word_1_71' title='bbox 1124 747 1198 813; x_wconf 80' lang='grc' dir='ltr'>ἧν,</span> <span class='ocrx_word' id='word_1_72' title='bbox 1240 751 1316 800; x_wconf 81' lang='grc' dir='ltr'>καὶ</span> <span class='ocrx_word' id='word_1_73' title='bbox 1349 748 1553 815; x_wconf 75' lang='grc' dir='ltr'>ἐζήτησα</span> <span class='ocrx_word' id='word_1_74' title='bbox 1592 746 1752 809; x_wconf 80' lang='grc' dir='ltr'>αὐτὸν,</span> <span class='ocrx_word' id='word_1_75' title='bbox 1795 749 1871 797; x_wconf 89' lang='grc' dir='ltr'>καὶ</span> 
     </span>
     <span class='ocr_line' id='line_1_9' title="bbox 61 826 1873 897; baseline 0.004 -22"><span class='ocrx_word' id='word_1_76' title='bbox 61 837 144 871; x_wconf 88' lang='grc'>535</span> <span class='ocrx_word' id='word_1_77' title='bbox 162 835 214 871; x_wconf 88' lang='lat' dir='ltr'>A·</span> <span class='ocrx_word' id='word_1_78' title='bbox 244 833 312 870; x_wconf 79' lang='lat' dir='ltr'>a“</span> <span class='ocrx_word' id='word_1_79' title='bbox 338 826 425 894; x_wconf 85' lang='grc' dir='ltr'>οὑχ</span> <span class='ocrx_word' id='word_1_80' title='bbox 477 829 640 894; x_wconf 79' lang='grc' dir='ltr'>εὑρέθη</span> <span class='ocrx_word' id='word_1_81' title='bbox 688 830 713 880; x_wconf 85' lang='grc' dir='ltr'>ὁ</span> <span class='ocrx_word' id='word_1_82' title='bbox 759 829 903 885; x_wconf 87' lang='grc' dir='ltr'>τόπος</span> <span class='ocrx_word' id='word_1_83' title='bbox 946 832 1134 882; x_wconf 83' lang='grc' dir='ltr'>αὐτοῦ.”</span> <span class='ocrx_word' id='word_1_84' title='bbox 1200 831 1327 897; x_wconf 81' lang='grc' dir='ltr'>ἕρπει</span> <span class='ocrx_word' id='word_1_85' title='bbox 1376 830 1469 897; x_wconf 80' lang='grc' dir='ltr'>γὰρ</span> <span class='ocrx_word' id='word_1_86' title='bbox 1519 829 1707 883; x_wconf 82' lang='grc' dir='ltr'>πάντως</span> <span class='ocrx_word' id='word_1_87' title='bbox 1754 828 1873 895; x_wconf 81' lang='grc' dir='ltr'>πρὸς</span> 
     </span>
    </p>

    <p class='ocr_par' dir='ltr' id='par_1_6' title="bbox 285 909 1871 982">
     <span class='ocr_line' id='line_1_10' title="bbox 285 909 1871 982; baseline 0.003 -24"><span class='ocrx_word' id='word_1_88' title='bbox 285 909 568 961; x_wconf 82' lang='grc' dir='ltr'>ταπείνωσιν</span> <span class='ocrx_word' id='word_1_89' title='bbox 602 911 629 975; x_wconf 84' lang='grc' dir='ltr'><strong><em>ἡ</em></strong></span> <span class='ocrx_word' id='word_1_90' title='bbox 662 912 911 982; x_wconf 79' lang='grc' dir='ltr'>ὑπεροψία·</span> <span class='ocrx_word' id='word_1_91' title='bbox 964 913 1187 981; x_wconf 86' lang='grc' dir='ltr'>φρόνημα</span> <span class='ocrx_word' id='word_1_92' title='bbox 1221 912 1269 965; x_wconf 80' lang='grc' dir='ltr'>δὲ</span> <span class='ocrx_word' id='word_1_93' title='bbox 1305 913 1359 965; x_wconf 80' lang='grc' dir='ltr'>τὸ</span> <span class='ocrx_word' id='word_1_94' title='bbox 1394 914 1737 979; x_wconf 78' lang='grc' dir='ltr'>μεμετρημένον</span> <span class='ocrx_word' id='word_1_95' title='bbox 1773 917 1871 964; x_wconf 81' lang='grc' dir='ltr'>ταῖς</span> 
     </span>
    </p>

    <p class='ocr_par' dir='ltr' id='par_1_7' title="bbox 59 991 1871 1374">
     <span class='ocr_line' id='line_1_11' title="bbox 284 991 1871 1063; baseline 0.005 -23"><span class='ocrx_word' id='word_1_96' title='bbox 284 991 509 1043; x_wconf 83' lang='grc' dir='ltr'>ἀνωτάτω</span> <span class='ocrx_word' id='word_1_97' title='bbox 536 999 857 1062; x_wconf 82' lang='grc' dir='ltr'>στεφανοῦται</span> <span class='ocrx_word' id='word_1_98' title='bbox 883 1001 1050 1059; x_wconf 81' lang='grc' dir='ltr'>τιμαῖς.</span> <span class='ocrx_word' id='word_1_99' title='bbox 1099 1002 1350 1048; x_wconf 86' lang='grc' dir='ltr'>πιστοῦται</span> <span class='ocrx_word' id='word_1_100' title='bbox 1378 996 1425 1047; x_wconf 76' lang='grc' dir='ltr'>δὲ</span> <span class='ocrx_word' id='word_1_101' title='bbox 1451 995 1569 1063; x_wconf 78' lang='grc' dir='ltr'>πρὸς</span> <span class='ocrx_word' id='word_1_102' title='bbox 1593 1000 1731 1045; x_wconf 83' lang='grc' dir='ltr'>τοῦτο</span> <span class='ocrx_word' id='word_1_103' title='bbox 1751 994 1871 1058; x_wconf 84' lang='grc' dir='ltr'>ἡμᾶς</span> 
     </span>
     <span class='ocr_line' id='line_1_12' title="bbox 59 1076 1870 1146; baseline 0.003 -24"><span class='ocrx_word' id='word_1_104' title='bbox 59 1089 177 1120; x_wconf 74' lang='lat' dir='ltr'><strong>SJac.</strong></span> <span class='ocrx_word' id='word_1_105' title='bbox 283 1078 366 1123; x_wconf 85' lang='grc' dir='ltr'>τοῦ</span> <span class='ocrx_word' id='word_1_106' title='bbox 384 1077 604 1141; x_wconf 81' lang='grc' dir='ltr'>Σωτῆρος</span> <span class='ocrx_word' id='word_1_107' title='bbox 632 1077 656 1126; x_wconf 84' lang='grc' dir='ltr'>ὁ</span> <span class='ocrx_word' id='word_1_108' title='bbox 682 1077 908 1142; x_wconf 82' lang='grc' dir='ltr'>μαθητὴς,</span> <span class='ocrx_word' id='word_1_109' title='bbox 931 1079 1184 1146; x_wconf 82' lang='grc' dir='ltr'>γεγραφώς</span> <span class='ocrx_word' id='word_1_110' title='bbox 1206 1102 1254 1130; x_wconf 90' lang='grc' dir='ltr'>τε</span> <span class='ocrx_word' id='word_1_111' title='bbox 1280 1081 1355 1129; x_wconf 80' lang='grc' dir='ltr'>καὶ</span> <span class='ocrx_word' id='word_1_112' title='bbox 1382 1079 1537 1144; x_wconf 79' lang='grc' dir='ltr'>λέγων</span> <span class='ocrx_word' id='word_1_113' title='bbox 1558 1076 1870 1144; x_wconf 48' lang='grc' dir='ltr'>6(Καυχάσθω</span> 
     </span>
     <span class='ocr_line' id='line_1_13' title="bbox 60 1143 1871 1231; baseline 0.003 -25"><span class='ocrx_word' id='word_1_114' title='bbox 60 1145 128 1174; x_wconf 53' lang='lat'>1&#39;9&#39;</span> <span class='ocrx_word' id='word_1_115' title='bbox 149 1143 196 1165; x_wconf 63' lang='lat'>10&#39;</span> <span class='ocrx_word' id='word_1_116' title='bbox 284 1162 312 1185; x_wconf 89' lang='grc'><strong>“</strong></span> <span class='ocrx_word' id='word_1_117' title='bbox 337 1155 385 1207; x_wconf 74' lang='grc' dir='ltr'>δὲ</span> <span class='ocrx_word' id='word_1_118' title='bbox 413 1158 438 1207; x_wconf 85' lang='grc' dir='ltr'>ὁ</span> <span class='ocrx_word' id='word_1_119' title='bbox 464 1157 673 1227; x_wconf 81' lang='grc' dir='ltr'>ἀδελφὸς</span> <span class='ocrx_word' id='word_1_120' title='bbox 699 1160 724 1210; x_wconf 82' lang='grc' dir='ltr'>ὁ</span> <span class='ocrx_word' id='word_1_121' title='bbox 750 1159 966 1215; x_wconf 77' lang='grc' dir='ltr'>ταπεινὸς</span> <span class='ocrx_word' id='word_1_122' title='bbox 1001 1163 1049 1212; x_wconf 81' lang='grc' dir='ltr'>ἐν</span> <span class='ocrx_word' id='word_1_123' title='bbox 1076 1165 1142 1231; x_wconf 74' lang='grc' dir='ltr'>τῷ</span> <span class='ocrx_word' id='word_1_124' title='bbox 1177 1163 1287 1230; x_wconf 70' lang='grc' dir='ltr'>ὕψει</span> <span class='ocrx_word' id='word_1_125' title='bbox 1322 1162 1476 1223; x_wconf 80' lang='grc' dir='ltr'>αὑτοῦ,</span> <span class='ocrx_word' id='word_1_126' title='bbox 1505 1162 1529 1212; x_wconf 87' lang='grc' dir='ltr'>ὁ</span> <span class='ocrx_word' id='word_1_127' title='bbox 1557 1159 1604 1211; x_wconf 78' lang='grc' dir='ltr'>δὲ</span> <span class='ocrx_word' id='word_1_128' title='bbox 1639 1159 1871 1212; x_wconf 85' lang='grc' dir='ltr'>πλούσιος</span> 
     </span>
     <span class='ocr_line' id='line_1_14' title="bbox 283 1241 1865 1311; baseline 0.001 -21"><span class='ocrx_word' id='word_1_129' title='bbox 283 1245 310 1269; x_wconf 86' lang='grc'><strong>“</strong></span> <span class='ocrx_word' id='word_1_130' title='bbox 337 1241 386 1290; x_wconf 83' lang='grc' dir='ltr'>ἐν</span> <span class='ocrx_word' id='word_1_131' title='bbox 413 1243 471 1307; x_wconf 82' lang='grc' dir='ltr'>τῇ</span> <span class='ocrx_word' id='word_1_132' title='bbox 507 1242 785 1293; x_wconf 82' lang='grc' dir='ltr'>ταπεινώσει</span> <span class='ocrx_word' id='word_1_133' title='bbox 824 1244 986 1306; x_wconf 80' lang='grc' dir='ltr'>αὐτοῦ,</span> <span class='ocrx_word' id='word_1_134' title='bbox 1026 1243 1097 1295; x_wconf 80' lang='grc' dir='ltr'>ὅτι</span> <span class='ocrx_word' id='word_1_135' title='bbox 1134 1246 1196 1298; x_wconf 89' lang='grc' dir='ltr'>ὡς</span> <span class='ocrx_word' id='word_1_136' title='bbox 1235 1244 1375 1298; x_wconf 79' lang='grc' dir='ltr'>ἄνθος</span> <span class='ocrx_word' id='word_1_137' title='bbox 1419 1243 1591 1311; x_wconf 84' lang='grc' dir='ltr'>χόρτου</span> <span class='ocrx_word' id='word_1_138' title='bbox 1634 1241 1865 1308; x_wconf 84' lang='grc' dir='ltr'>παρελεύ-</span> 
     </span>
     <span class='ocr_line' id='line_1_15' title="bbox 283 1324 516 1374; baseline 0.004 -1"><span class='ocrx_word' id='word_1_139' title='bbox 283 1329 310 1351; x_wconf 86' lang='grc'>“</span> <span class='ocrx_word' id='word_1_140' title='bbox 335 1324 516 1374; x_wconf 88' lang='grc' dir='ltr'>σεται.”</span> 
     </span>
    </p>
   </div>
   <div class='ocr_carea' id='block_1_3' title="bbox 237 1534 1869 1680">
    <p class='ocr_par' dir='ltr' id='par_1_8' title="bbox 237 1534 1869 1680">
     <span class='ocr_line' id='line_1_16' title="bbox 277 1534 1869 1596; baseline 0.003 -21"><span class='ocrx_word' id='word_1_141' title='bbox 277 1534 360 1576; x_wconf 83' lang='lat' dir='ltr'>‘&#39;Oc</span> <span class='ocrx_word' id='word_1_142' title='bbox 381 1534 595 1577; x_wconf 77' lang='grc' dir='ltr'>ἐπλάτυνε</span> <span class='ocrx_word' id='word_1_143' title='bbox 624 1536 766 1577; x_wconf 69' lang='grc' dir='ltr'>καθὼς</span> <span class='ocrx_word' id='word_1_144' title='bbox 794 1538 815 1580; x_wconf 90' lang='grc' dir='ltr'>ὁ</span> <span class='ocrx_word' id='word_1_145' title='bbox 838 1537 944 1596; x_wconf 58' lang='lat' dir='ltr'>&lt;ibae</span> <span class='ocrx_word' id='word_1_146' title='bbox 971 1539 1047 1581; x_wconf 65' lang='lat' dir='ltr'>&#39;n&#39;uv</span> <span class='ocrx_word' id='word_1_147' title='bbox 1074 1539 1211 1595; x_wconf 66' lang='grc' dir='ltr'>ψυχιὶν</span> <span class='ocrx_word' id='word_1_148' title='bbox 1240 1539 1382 1589; x_wconf 80' lang='grc' dir='ltr'>αὐτοῦ,</span> <span class='ocrx_word' id='word_1_149' title='bbox 1403 1539 1469 1580; x_wconf 75' lang='grc' dir='ltr'>καὶ</span> <span class='ocrx_word' id='word_1_150' title='bbox 1499 1539 1626 1581; x_wconf 74' lang='grc' dir='ltr'>αὐτὸς</span> <span class='ocrx_word' id='word_1_151' title='bbox 1654 1538 1713 1579; x_wconf 72' lang='grc' dir='ltr'>ὡς</span> <span class='ocrx_word' id='word_1_152' title='bbox 1741 1539 1869 1579; x_wconf 82' lang='grc' dir='ltr'>Θάνα-</span> 
     </span>
     <span class='ocr_line' id='line_1_17' title="bbox 237 1618 1868 1680; baseline 0.004 -22"><span class='ocrx_word' id='word_1_153' title='bbox 237 1624 264 1665; x_wconf 84' lang='lat' dir='ltr'><strong>b</strong></span> <span class='ocrx_word' id='word_1_154' title='bbox 350 1633 422 1659; x_wconf 68' lang='lat' dir='ltr'>roc</span> <span class='ocrx_word' id='word_1_155' title='bbox 457 1618 532 1659; x_wconf 89' lang='grc' dir='ltr'>οὐκ</span> <span class='ocrx_word' id='word_1_156' title='bbox 570 1619 909 1673; x_wconf 75' lang='grc' dir='ltr'>ἐμπιπλάμενος,</span> <span class='ocrx_word' id='word_1_157' title='bbox 948 1623 1015 1663; x_wconf 83' lang='grc' dir='ltr'>καί</span> <span class='ocrx_word' id='word_1_158' title='bbox 1050 1624 1294 1666; x_wconf 74' lang='grc' dir='ltr'>ἐπισυνάξει</span> <span class='ocrx_word' id='word_1_159' title='bbox 1332 1624 1439 1680; x_wconf 71' lang='grc' dir='ltr'>πρὸς</span> <span class='ocrx_word' id='word_1_160' title='bbox 1478 1623 1606 1664; x_wconf 85' lang='grc' dir='ltr'>αὐτον</span> <span class='ocrx_word' id='word_1_161' title='bbox 1645 1625 1783 1664; x_wconf 83' lang='grc' dir='ltr'>πάντα</span> <span class='ocrx_word' id='word_1_162' title='bbox 1818 1624 1868 1664; x_wconf 74' lang='grc' dir='ltr'>τὰ</span> 
     </span>
    </p>
   </div>
   <div class='ocr_carea' id='block_1_4' title="bbox 349 1701 1600 1762">
    <p class='ocr_par' dir='ltr' id='par_1_9' title="bbox 349 1701 1600 1762">
     <span class='ocr_line' id='line_1_18' title="bbox 349 1701 1600 1762; baseline 0.003 -19"><span class='ocrx_word' id='word_1_163' title='bbox 349 1702 465 1753; x_wconf 81' lang='grc' dir='ltr'>ἔΘνΗ,</span> <span class='ocrx_word' id='word_1_164' title='bbox 494 1702 562 1743; x_wconf 78' lang='grc' dir='ltr'>καὶ</span> <span class='ocrx_word' id='word_1_165' title='bbox 589 1701 824 1747; x_wconf 73' lang='grc' dir='ltr'>εἰσὸἑὲεται</span> <span class='ocrx_word' id='word_1_166' title='bbox 852 1705 959 1762; x_wconf 76' lang='grc' dir='ltr'>πρὸς</span> <span class='ocrx_word' id='word_1_167' title='bbox 987 1706 1115 1747; x_wconf 82' lang='grc' dir='ltr'>αὐτὸν</span> <span class='ocrx_word' id='word_1_168' title='bbox 1143 1707 1306 1748; x_wconf 69' lang='grc' dir='ltr'>πάντας</span> <span class='ocrx_word' id='word_1_169' title='bbox 1333 1707 1431 1748; x_wconf 75' lang='grc' dir='ltr'>τοὺς</span> <span class='ocrx_word' id='word_1_170' title='bbox 1458 1707 1600 1747; x_wconf 73' lang='grc' dir='ltr'>λαούς.</span> 
     </span>
    </p>
   </div>
   <div class='ocr_carea' id='block_1_5' title="bbox 61 1836 1871 2244">
    <p class='ocr_par' dir='ltr' id='par_1_10' title="bbox 281 1836 1871 2076">
     <span class='ocr_line' id='line_1_19' title="bbox 356 1836 1871 1911; baseline 0.005 -22"><span class='ocrx_word' id='word_1_171' title='bbox 356 1836 553 1908; x_wconf 75' lang='grc' dir='ltr'>Συνᾴδει</span> <span class='ocrx_word' id='word_1_172' title='bbox 586 1843 653 1910; x_wconf 72' lang='grc' dir='ltr'>τῷ</span> <span class='ocrx_word' id='word_1_173' title='bbox 682 1840 918 1910; x_wconf 85' lang='grc' dir='ltr'>Προφήτῃ</span> <span class='ocrx_word' id='word_1_174' title='bbox 950 1841 1085 1905; x_wconf 85' lang='grc' dir='ltr'>Θεὸς,</span> <span class='ocrx_word' id='word_1_175' title='bbox 1111 1845 1186 1894; x_wconf 80' lang='grc' dir='ltr'>καὶ</span> <span class='ocrx_word' id='word_1_176' title='bbox 1216 1842 1413 1911; x_wconf 77' lang='grc' dir='ltr'>δέδειχεν</span> <span class='ocrx_word' id='word_1_177' title='bbox 1444 1841 1746 1907; x_wconf 81' lang='grc' dir='ltr'>ἀληθεύοντα,</span> <span class='ocrx_word' id='word_1_178' title='bbox 1773 1846 1871 1896; x_wconf 85' lang='grc' dir='ltr'>τοῖς</span> 
     </span>
     <span class='ocr_line' id='line_1_20' title="bbox 281 1919 1870 1994; baseline 0.002 -22"><span class='ocrx_word' id='word_1_179' title='bbox 281 1919 392 1988; x_wconf 74' lang='grc' dir='ltr'>παρ’</span> <span class='ocrx_word' id='word_1_180' title='bbox 428 1921 592 1973; x_wconf 85' lang='grc' dir='ltr'>ἑαυτοῦ</span> <span class='ocrx_word' id='word_1_181' title='bbox 631 1921 794 1989; x_wconf 88' lang='grc' dir='ltr'>λόγοις</span> <span class='ocrx_word' id='word_1_182' title='bbox 833 1924 1190 1994; x_wconf 76' lang='grc' dir='ltr'>ἐπισφραγίζων</span> <span class='ocrx_word' id='word_1_183' title='bbox 1233 1930 1295 1980; x_wconf 81' lang='grc' dir='ltr'>εἰς</span> <span class='ocrx_word' id='word_1_184' title='bbox 1334 1925 1559 1991; x_wconf 84' lang='grc' dir='ltr'>ἀλήθειαν</span> <span class='ocrx_word' id='word_1_185' title='bbox 1602 1924 1661 1976; x_wconf 86' lang='grc' dir='ltr'>τά</span> <span class='ocrx_word' id='word_1_186' title='bbox 1699 1947 1749 1975; x_wconf 91' lang='grc' dir='ltr'>τε</span> <span class='ocrx_word' id='word_1_187' title='bbox 1786 1929 1870 1976; x_wconf 86' lang='grc' dir='ltr'>τοῦ</span> 
     </span>
     <span class='ocr_line' id='line_1_21' title="bbox 283 2002 1869 2076; baseline 0.004 -23"><span class='ocrx_word' id='word_1_188' title='bbox 283 2002 512 2064; x_wconf 83' lang='grc' dir='ltr'>διαβόλου</span> <span class='ocrx_word' id='word_1_189' title='bbox 552 2007 627 2056; x_wconf 79' lang='grc' dir='ltr'>καὶ</span> <span class='ocrx_word' id='word_1_190' title='bbox 671 2005 731 2057; x_wconf 81' lang='grc' dir='ltr'>τὰ</span> <span class='ocrx_word' id='word_1_191' title='bbox 772 2013 855 2058; x_wconf 80' lang='grc' dir='ltr'>τοῦ</span> <span class='ocrx_word' id='word_1_192' title='bbox 894 2007 1330 2076; x_wconf 83' lang='grc' dir='ltr'>Ναβουχοδονόσορ</span> <span class='ocrx_word' id='word_1_193' title='bbox 1368 2008 1656 2074; x_wconf 85' lang='grc' dir='ltr'>ἐγκλήματα.</span> <span class='ocrx_word' id='word_1_194' title='bbox 1724 2009 1749 2058; x_wconf 86' lang='grc' dir='ltr'>ὁ</span> <span class='ocrx_word' id='word_1_195' title='bbox 1785 2006 1869 2072; x_wconf 76' lang='grc' dir='ltr'>μὲν</span> 
     </span>
    </p>

    <p class='ocr_par' dir='ltr' id='par_1_11' title="bbox 61 2086 1870 2244">
     <span class='ocr_line' id='line_1_22' title="bbox 62 2086 1868 2161; baseline 0.001 -22"><span class='ocrx_word' id='word_1_196' title='bbox 62 2110 168 2159; x_wconf 57' lang='lat' dir='ltr'>Supra</span> <span class='ocrx_word' id='word_1_197' title='bbox 283 2086 376 2152; x_wconf 79' lang='grc' dir='ltr'>γὰρ</span> <span class='ocrx_word' id='word_1_198' title='bbox 410 2087 670 2156; x_wconf 89' lang='grc' dir='ltr'>Προφήτης</span> <span class='ocrx_word' id='word_1_199' title='bbox 700 2087 881 2157; x_wconf 76' lang='grc' dir='ltr'>ε”φασκε</span> <span class='ocrx_word' id='word_1_200' title='bbox 908 2097 935 2118; x_wconf 88' lang='grc'><strong>“</strong></span> <span class='ocrx_word' id='word_1_201' title='bbox 954 2091 1233 2142; x_wconf 73' lang='grc' dir='ltr'>Συντέλειαν</span> <span class='ocrx_word' id='word_1_202' title='bbox 1261 2092 1309 2142; x_wconf 84' lang='grc' dir='ltr'>ἐν</span> <span class='ocrx_word' id='word_1_203' title='bbox 1335 2091 1576 2161; x_wconf 80' lang='grc' dir='ltr'>ἀγκίστρῳ</span> <span class='ocrx_word' id='word_1_204' title='bbox 1610 2090 1868 2153; x_wconf 75' lang='grc' dir='ltr'>ἀνέσπασε,</span> 
     </span>
     <span class='ocr_line' id='line_1_23' title="bbox 61 2162 1870 2244; baseline 0.003 -25"><span class='ocrx_word' id='word_1_205' title='bbox 61 2164 82 2186; x_wconf 73' lang='lat'>¹⁴</span> <span class='ocrx_word' id='word_1_206' title='bbox 100 2162 148 2193; x_wconf 80' lang='lat'>¹⁵&#39;</span> <span class='ocrx_word' id='word_1_207' title='bbox 284 2176 310 2199; x_wconf 77' lang='lat'>‘⁶</span> <span class='ocrx_word' id='word_1_208' title='bbox 336 2171 412 2220; x_wconf 79' lang='grc' dir='ltr'>καὶ</span> <span class='ocrx_word' id='word_1_209' title='bbox 436 2171 652 2222; x_wconf 85' lang='grc' dir='ltr'>εἵλκυσεν</span> <span class='ocrx_word' id='word_1_210' title='bbox 677 2171 818 2223; x_wconf 83' lang='grc' dir='ltr'>αὑτὸν</span> <span class='ocrx_word' id='word_1_211' title='bbox 844 2174 892 2223; x_wconf 85' lang='grc' dir='ltr'>ἐν</span> <span class='ocrx_word' id='word_1_212' title='bbox 917 2173 1290 2244; x_wconf 78' lang='grc' dir='ltr'>ἀμφιβλήστρῳ,</span> <span class='ocrx_word' id='word_1_213' title='bbox 1319 2177 1394 2225; x_wconf 81' lang='grc' dir='ltr'>καὶ</span> <span class='ocrx_word' id='word_1_214' title='bbox 1427 2174 1694 2240; x_wconf 82' lang='grc' dir='ltr'>συνήγαγεν</span> <span class='ocrx_word' id='word_1_215' title='bbox 1727 2172 1870 2225; x_wconf 76' lang='grc' dir='ltr'>αὐτὸν</span> 
     </span>
    </p>
   </div>
   <div class='ocr_carea' id='block_1_6' title="bbox 283 2252 1868 2323">
    <p class='ocr_par' dir='ltr' id='par_1_12' title="bbox 283 2252 1868 2323">
     <span class='ocr_line' id='line_1_24' title="bbox 283 2252 1868 2323; baseline 0.003 -20"><span class='ocrx_word' id='word_1_216' title='bbox 283 2259 310 2281; x_wconf 87' lang='grc'><strong>“</strong></span> <span class='ocrx_word' id='word_1_217' title='bbox 336 2252 385 2303; x_wconf 82' lang='grc' dir='ltr'>ἐν</span> <span class='ocrx_word' id='word_1_218' title='bbox 410 2258 511 2308; x_wconf 83' lang='grc' dir='ltr'>ταῖς</span> <span class='ocrx_word' id='word_1_219' title='bbox 545 2254 776 2321; x_wconf 90' lang='grc' dir='ltr'>σαγήναις</span> <span class='ocrx_word' id='word_1_220' title='bbox 817 2256 1000 2307; x_wconf 84' lang='grc' dir='ltr'>αὐτοῦ·”</span> <span class='ocrx_word' id='word_1_221' title='bbox 1041 2257 1066 2306; x_wconf 86' lang='grc' dir='ltr'>ὁ</span> <span class='ocrx_word' id='word_1_222' title='bbox 1106 2256 1161 2308; x_wconf 81' lang='grc' dir='ltr'>δέ</span> <span class='ocrx_word' id='word_1_223' title='bbox 1193 2279 1246 2323; x_wconf 91' lang='grc' dir='ltr'>γε</span> <span class='ocrx_word' id='word_1_224' title='bbox 1284 2261 1378 2308; x_wconf 84' lang='grc' dir='ltr'>τῶν</span> <span class='ocrx_word' id='word_1_225' title='bbox 1414 2256 1541 2308; x_wconf 80' lang='grc' dir='ltr'>ὅλων</span> <span class='ocrx_word' id='word_1_226' title='bbox 1568 2256 1686 2310; x_wconf 83' lang='grc' dir='ltr'>Θεὸς</span> <span class='ocrx_word' id='word_1_227' title='bbox 1714 2258 1787 2307; x_wconf 80' lang='grc' dir='ltr'>ἐπὶ</span> <span class='ocrx_word' id='word_1_228' title='bbox 1813 2256 1868 2308; x_wconf 83' lang='grc' dir='ltr'>τὸ</span> 
     </span>
    </p>
   </div>
   <div class='ocr_carea' id='block_1_7' title="bbox 284 2440 1868 2631">
    <p class='ocr_par' dir='ltr' id='par_1_13' title="bbox 284 2440 1868 2631">
     <span class='ocr_line' id='line_1_25' title="bbox 334 2440 1868 2491; baseline 0.005 -17"><span class='ocrx_word' id='word_1_229' title='bbox 334 2451 363 2475; x_wconf 91' lang='lat'>1.</span> <span class='ocrx_word' id='word_1_230' title='bbox 390 2441 426 2474; x_wconf 80' lang='grc' dir='ltr'>δέ</span> <span class='ocrx_word' id='word_1_231' title='bbox 447 2441 492 2476; x_wconf 89' lang='lat' dir='ltr'>D.</span> <span class='ocrx_word' id='word_1_232' title='bbox 504 2440 540 2477; x_wconf 93' lang='lat' dir='ltr'>b.</span> <span class='ocrx_word' id='word_1_233' title='bbox 558 2442 598 2487; x_wconf 79' lang='grc' dir='ltr'>δὴ</span> <span class='ocrx_word' id='word_1_234' title='bbox 619 2443 661 2478; x_wconf 88' lang='lat' dir='ltr'>B.</span> <span class='ocrx_word' id='word_1_235' title='bbox 677 2442 770 2478; x_wconf 88' lang='lat' dir='ltr'><strong>Edd.</strong></span> <span class='ocrx_word' id='word_1_236' title='bbox 820 2444 858 2478; x_wconf 81' lang='grc' dir='ltr'>οὐ</span> <span class='ocrx_word' id='word_1_237' title='bbox 875 2444 919 2488; x_wconf 85' lang='grc' dir='ltr'>μὴ</span> <span class='ocrx_word' id='word_1_238' title='bbox 938 2450 1119 2491; x_wconf 84' lang='lat' dir='ltr'>assumpta</span> <span class='ocrx_word' id='word_1_239' title='bbox 1135 2457 1176 2480; x_wconf 89' lang='lat' dir='ltr'>cx</span> <span class='ocrx_word' id='word_1_240' title='bbox 1192 2445 1234 2479; x_wconf 90' lang='lat' dir='ltr'>B.</span> <span class='ocrx_word' id='word_1_241' title='bbox 1241 2445 1286 2480; x_wconf 93' lang='lat' dir='ltr'>D.</span> <span class='ocrx_word' id='word_1_242' title='bbox 1306 2444 1459 2479; x_wconf 86' lang='lat' dir='ltr'><strong>desunt</strong></span> <span class='ocrx_word' id='word_1_243' title='bbox 1451 2456 1487 2478; x_wconf 84' lang='lat' dir='ltr'>m</span> <span class='ocrx_word' id='word_1_244' title='bbox 1504 2444 1540 2478; x_wconf 93' lang='lat' dir='ltr'><strong>b.</strong></span> <span class='ocrx_word' id='word_1_245' title='bbox 1597 2446 1735 2488; x_wconf 77' lang='grc' dir='ltr'>περανεῖ</span> <span class='ocrx_word' id='word_1_246' title='bbox 1754 2445 1787 2479; x_wconf 96' lang='lat' dir='ltr'><strong>D</strong></span> <span class='ocrx_word' id='word_1_247' title='bbox 1807 2445 1868 2491; x_wconf 75' lang='lat' dir='ltr'>(ut</span> 
     </span>
     <span class='ocr_line' id='line_1_26' title="bbox 284 2488 1864 2538; baseline 0.004 -17"><span class='ocrx_word' id='word_1_248' title='bbox 284 2488 424 2532; x_wconf 79' lang='lat' dir='ltr'><strong>supra).</strong></span> <span class='ocrx_word' id='word_1_249' title='bbox 443 2489 478 2523; x_wconf 91' lang='lat' dir='ltr'><strong>b.</strong></span> <span class='ocrx_word' id='word_1_250' title='bbox 741 2502 773 2525; x_wconf 89' lang='grc'>2.</span> <span class='ocrx_word' id='word_1_251' title='bbox 798 2492 931 2525; x_wconf 83' lang='grc' dir='ltr'>πάντων</span> <span class='ocrx_word' id='word_1_252' title='bbox 949 2491 984 2526; x_wconf 89' lang='lat' dir='ltr'><strong>b.</strong></span> <span class='ocrx_word' id='word_1_253' title='bbox 1256 2504 1359 2534; x_wconf 84' lang='lat'><strong>4—14.</strong></span> <span class='ocrx_word' id='word_1_254' title='bbox 1386 2492 1438 2525; x_wconf 84' lang='grc' dir='ltr'>καὶ</span> <span class='ocrx_word' id='word_1_255' title='bbox 1456 2491 1864 2538; x_wconf 72' lang='grc' dir='ltr'>ἔστιν-παρελεύσεται]</span> 
     </span>
     <span class='ocr_line' id='line_1_27' title="bbox 284 2535 1866 2584; baseline 0.004 -17"><span class='ocrx_word' id='word_1_256' title='bbox 284 2535 337 2568; x_wconf 82' lang='grc' dir='ltr'>καὶ</span> <span class='ocrx_word' id='word_1_257' title='bbox 362 2549 462 2569; x_wconf 85' lang='grc' dir='ltr'>τουτο</span> <span class='ocrx_word' id='word_1_258' title='bbox 487 2535 553 2570; x_wconf 85' lang='grc' dir='ltr'>ἀπὸ</span> <span class='ocrx_word' id='word_1_259' title='bbox 577 2538 637 2571; x_wconf 80' lang='grc' dir='ltr'>τοῦ</span> <span class='ocrx_word' id='word_1_260' title='bbox 660 2537 777 2582; x_wconf 84' lang='grc' dir='ltr'>δανιὴλ</span> <span class='ocrx_word' id='word_1_261' title='bbox 801 2538 1038 2582; x_wconf 77' lang='grc' dir='ltr'>μαθησόμεθα,</span> <span class='ocrx_word' id='word_1_262' title='bbox 1061 2538 1113 2573; x_wconf 86' lang='grc' dir='ltr'>ὅτι</span> <span class='ocrx_word' id='word_1_263' title='bbox 1136 2540 1189 2573; x_wconf 78' lang='grc' dir='ltr'>καὶ</span> <span class='ocrx_word' id='word_1_264' title='bbox 1213 2541 1279 2584; x_wconf 87' lang='grc' dir='ltr'>πρὸ</span> <span class='ocrx_word' id='word_1_265' title='bbox 1304 2541 1364 2573; x_wconf 81' lang='grc' dir='ltr'>τοῦ</span> <span class='ocrx_word' id='word_1_266' title='bbox 1386 2540 1444 2573; x_wconf 87' lang='grc' dir='ltr'>τὸν</span> <span class='ocrx_word' id='word_1_267' title='bbox 1467 2540 1578 2583; x_wconf 86' lang='grc' dir='ltr'>Κῦρον</span> <span class='ocrx_word' id='word_1_268' title='bbox 1603 2539 1866 2583; x_wconf 79' lang='grc' dir='ltr'>ἐπιστρατεῦσαι</span> 
     </span>
     <span class='ocr_line' id='line_1_28' title="bbox 284 2581 1866 2631; baseline 0.004 -17"><span class='ocrx_word' id='word_1_269' title='bbox 284 2581 451 2626; x_wconf 78' lang='grc' dir='ltr'>ἐξεβλήθη</span> <span class='ocrx_word' id='word_1_270' title='bbox 475 2585 534 2627; x_wconf 86' lang='grc' dir='ltr'>τῆς</span> <span class='ocrx_word' id='word_1_271' title='bbox 554 2585 747 2625; x_wconf 81' lang='grc' dir='ltr'>βασιλείας,</span> <span class='ocrx_word' id='word_1_272' title='bbox 773 2585 1052 2631; x_wconf 77' lang='grc' dir='ltr'>μελαγχολήσας,</span> <span class='ocrx_word' id='word_1_273' title='bbox 1078 2601 1131 2620; x_wconf 90' lang='grc' dir='ltr'>και</span> <span class='ocrx_word' id='word_1_274' title='bbox 1156 2587 1200 2622; x_wconf 83' lang='grc' dir='ltr'>ὡς</span> <span class='ocrx_word' id='word_1_275' title='bbox 1225 2587 1390 2630; x_wconf 78' lang='grc' dir='ltr'>δαιμονῶν</span> <span class='ocrx_word' id='word_1_276' title='bbox 1414 2586 1472 2621; x_wconf 88' lang='grc' dir='ltr'>τὰς</span> <span class='ocrx_word' id='word_1_277' title='bbox 1497 2585 1633 2629; x_wconf 75' lang='grc' dir='ltr'>ἐρημίας</span> <span class='ocrx_word' id='word_1_278' title='bbox 1651 2586 1866 2631; x_wconf 80' lang='grc' dir='ltr'>περιήρχετο.</span> 
     </span>
    </p>
   </div>
   <div class='ocr_carea' id='block_1_8' title="bbox 283 2628 1867 2911">
    <p class='ocr_par' dir='ltr' id='par_1_14' title="bbox 283 2628 1867 2911">
     <span class='ocr_line' id='line_1_29' title="bbox 285 2628 1865 2686; baseline 0.004 -25"><span class='ocrx_word' id='word_1_279' title='bbox 285 2629 319 2669; x_wconf 86' lang='lat' dir='ltr'>(e</span> <span class='ocrx_word' id='word_1_280' title='bbox 335 2628 532 2686; x_wconf 86' lang='lat' dir='ltr'><strong>&#39;lheophyl.</strong></span> <span class='ocrx_word' id='word_1_281' title='bbox 550 2631 593 2664; x_wconf 86' lang='lat' dir='ltr'>ad</span> <span class='ocrx_word' id='word_1_282' title='bbox 611 2631 676 2666; x_wconf 89' lang='lat' dir='ltr'><strong>loc.</strong></span> <span class='ocrx_word' id='word_1_283' title='bbox 680 2631 693 2676; x_wconf 93' lang='lat'>)</span> <span class='ocrx_word' id='word_1_284' title='bbox 714 2632 756 2666; x_wconf 86' lang='lat' dir='ltr'>B.</span> <span class='ocrx_word' id='word_1_285' title='bbox 946 2633 1135 2677; x_wconf 79' lang='grc' dir='ltr'>4.ἔφηνΙ)</span> <span class='ocrx_word' id='word_1_286' title='bbox 1338 2642 1370 2677; x_wconf 90' lang='lat'><strong>7.</strong></span> <span class='ocrx_word' id='word_1_287' title='bbox 1338 2631 1534 2677; x_wconf 78' lang='grc' dir='ltr'>Ίέζήτησα</span> <span class='ocrx_word' id='word_1_288' title='bbox 1553 2632 1599 2667; x_wconf 91' lang='lat' dir='ltr'><strong>D.</strong></span> <span class='ocrx_word' id='word_1_289' title='bbox 1618 2632 1755 2675; x_wconf 75' lang='grc' dir='ltr'>ἐζήτουν</span> <span class='ocrx_word' id='word_1_290' title='bbox 1771 2633 1865 2667; x_wconf 87' lang='lat' dir='ltr'><strong>Edd.</strong></span> 
     </span>
     <span class='ocr_line' id='line_1_30' title="bbox 284 2675 1867 2725; baseline 0.005 -17"><span class='ocrx_word' id='word_1_291' title='bbox 284 2675 318 2708; x_wconf 85' lang='lat'>8.</span> <span class='ocrx_word' id='word_1_292' title='bbox 344 2675 389 2711; x_wconf 86' lang='grc' dir='ltr'>εἷς</span> <span class='ocrx_word' id='word_1_293' title='bbox 409 2676 455 2710; x_wconf 87' lang='grc' dir='ltr'>Ι).</span> <span class='ocrx_word' id='word_1_294' title='bbox 737 2689 789 2713; x_wconf 87' lang='lat'>10.</span> <span class='ocrx_word' id='word_1_295' title='bbox 815 2679 972 2714; x_wconf 84' lang='grc' dir='ltr'>ἀνωτάτω</span> <span class='ocrx_word' id='word_1_296' title='bbox 992 2680 1037 2714; x_wconf 91' lang='lat' dir='ltr'>D.</span> <span class='ocrx_word' id='word_1_297' title='bbox 1055 2680 1237 2716; x_wconf 80' lang='grc' dir='ltr'>ἀνωτάταις</span> <span class='ocrx_word' id='word_1_298' title='bbox 1254 2678 1347 2714; x_wconf 85' lang='lat' dir='ltr'><strong>Edd.</strong></span> <span class='ocrx_word' id='word_1_299' title='bbox 1395 2680 1480 2724; x_wconf 85' lang='grc' dir='ltr'>πρὸς</span> <span class='ocrx_word' id='word_1_300' title='bbox 1496 2694 1597 2713; x_wconf 89' lang='grc' dir='ltr'>τουτο</span> <span class='ocrx_word' id='word_1_301' title='bbox 1614 2679 1697 2722; x_wconf 79' lang='grc' dir='ltr'>ἡμᾶς</span> <span class='ocrx_word' id='word_1_302' title='bbox 1716 2680 1762 2713; x_wconf 91' lang='lat' dir='ltr'>D.</span> <span class='ocrx_word' id='word_1_303' title='bbox 1780 2681 1867 2725; x_wconf 81' lang='grc' dir='ltr'>πρὸς</span> 
     </span>
     <span class='ocr_line' id='line_1_31' title="bbox 283 2720 1866 2770; baseline 0.004 -17"><span class='ocrx_word' id='word_1_304' title='bbox 283 2720 391 2767; x_wconf 81' lang='grc' dir='ltr'>τούτῳ</span> <span class='ocrx_word' id='word_1_305' title='bbox 410 2723 501 2758; x_wconf 80' lang='lat' dir='ltr'><strong>Edd.</strong></span> <span class='ocrx_word' id='word_1_306' title='bbox 836 2738 889 2760; x_wconf 83' lang='lat'>11.</span> <span class='ocrx_word' id='word_1_307' title='bbox 914 2741 951 2761; x_wconf 81' lang='grc' dir='ltr'>τε</span> <span class='ocrx_word' id='word_1_308' title='bbox 968 2738 1038 2761; x_wconf 88' lang='lat' dir='ltr'>om.</span> <span class='ocrx_word' id='word_1_309' title='bbox 1059 2727 1105 2761; x_wconf 94' lang='lat' dir='ltr'>D.</span> <span class='ocrx_word' id='word_1_310' title='bbox 1438 2736 1489 2760; x_wconf 89' lang='lat'>12.</span> <span class='ocrx_word' id='word_1_311' title='bbox 1516 2727 1534 2758; x_wconf 88' lang='grc' dir='ltr'>ὁ</span> <span class='ocrx_word' id='word_1_312' title='bbox 1552 2726 1703 2770; x_wconf 89' lang='lat' dir='ltr'><strong>primum</strong></span> <span class='ocrx_word' id='word_1_313' title='bbox 1729 2738 1799 2760; x_wconf 91' lang='lat' dir='ltr'>om.</span> <span class='ocrx_word' id='word_1_314' title='bbox 1819 2726 1866 2761; x_wconf 96' lang='lat' dir='ltr'>D.</span> 
     </span>
     <span class='ocr_line' id='line_1_32' title="bbox 288 2768 1866 2818; baseline 0.003 -17"><span class='ocrx_word' id='word_1_315' title='bbox 288 2777 340 2810; x_wconf 77' lang='lat'>13.</span> <span class='ocrx_word' id='word_1_316' title='bbox 367 2768 418 2801; x_wconf 83' lang='grc' dir='ltr'>ὅτι</span> <span class='ocrx_word' id='word_1_317' title='bbox 437 2770 480 2804; x_wconf 82' lang='grc' dir='ltr'>ὡς</span> <span class='ocrx_word' id='word_1_318' title='bbox 497 2771 527 2804; x_wconf 74' lang='grc' dir='ltr'>ἤ.</span> <span class='ocrx_word' id='word_1_319' title='bbox 548 2771 592 2805; x_wconf 92' lang='lat' dir='ltr'>D.</span> <span class='ocrx_word' id='word_1_320' title='bbox 612 2772 655 2807; x_wconf 83' lang='grc' dir='ltr'>ὣς</span> <span class='ocrx_word' id='word_1_321' title='bbox 671 2772 702 2806; x_wconf 82' lang='grc' dir='ltr'>ἅ.</span> <span class='ocrx_word' id='word_1_322' title='bbox 721 2772 786 2817; x_wconf 85' lang='grc' dir='ltr'>γὰρ</span> <span class='ocrx_word' id='word_1_323' title='bbox 806 2773 898 2807; x_wconf 85' lang='lat' dir='ltr'><strong>Edd.</strong></span> <span class='ocrx_word' id='word_1_324' title='bbox 1243 2781 1295 2818; x_wconf 83' lang='lat'>15.</span> <span class='ocrx_word' id='word_1_325' title='bbox 1322 2774 1340 2806; x_wconf 88' lang='grc' dir='ltr'>ὁ</span> <span class='ocrx_word' id='word_1_326' title='bbox 1358 2775 1580 2817; x_wconf 80' lang='lat' dir='ltr'><strong>assumptum</strong></span> <span class='ocrx_word' id='word_1_327' title='bbox 1598 2784 1639 2806; x_wconf 82' lang='lat' dir='ltr'>ex</span> <span class='ocrx_word' id='word_1_328' title='bbox 1658 2772 1704 2806; x_wconf 90' lang='lat' dir='ltr'>D.</span> <span class='ocrx_word' id='word_1_329' title='bbox 1724 2773 1866 2818; x_wconf 85' lang='lat' dir='ltr'><strong>(Alex.)</strong></span> 
     </span>
     <span class='ocr_line' id='line_1_33' title="bbox 284 2814 1865 2866; baseline 0.006 -20"><span class='ocrx_word' id='word_1_330' title='bbox 284 2814 383 2849; x_wconf 80' lang='grc' dir='ltr'>αὐτὸς</span> <span class='ocrx_word' id='word_1_331' title='bbox 403 2815 443 2849; x_wconf 84' lang='lat' dir='ltr'>B.</span> <span class='ocrx_word' id='word_1_332' title='bbox 463 2816 538 2860; x_wconf 88' lang='grc'>(2.</span> <span class='ocrx_word' id='word_1_333' title='bbox 557 2819 619 2862; x_wconf 88' lang='lat' dir='ltr'><strong>al.)</strong></span> <span class='ocrx_word' id='word_1_334' title='bbox 637 2818 736 2854; x_wconf 72' lang='grc' dir='ltr'>οὗτος·</span> <span class='ocrx_word' id='word_1_335' title='bbox 757 2819 801 2854; x_wconf 90' lang='lat' dir='ltr'>D.</span> <span class='ocrx_word' id='word_1_336' title='bbox 821 2820 914 2855; x_wconf 84' lang='lat' dir='ltr'><strong>Edd.</strong></span> <span class='ocrx_word' id='word_1_337' title='bbox 1116 2820 1168 2855; x_wconf 89' lang='lat'>16.</span> <span class='ocrx_word' id='word_1_338' title='bbox 1193 2821 1278 2866; x_wconf 84' lang='grc' dir='ltr'>πρὸς</span> <span class='ocrx_word' id='word_1_339' title='bbox 1294 2820 1394 2853; x_wconf 86' lang='grc' dir='ltr'>αὐτὸν</span> <span class='ocrx_word' id='word_1_340' title='bbox 1414 2818 1531 2864; x_wconf 78' lang='grc' dir='ltr'>[αὑτων</span> <span class='ocrx_word' id='word_1_341' title='bbox 1551 2818 1610 2864; x_wconf 84' lang='lat' dir='ltr'>B.]</span> <span class='ocrx_word' id='word_1_342' title='bbox 1634 2819 1725 2853; x_wconf 86' lang='lat' dir='ltr'><strong>B.D.</strong></span> <span class='ocrx_word' id='word_1_343' title='bbox 1744 2820 1865 2864; x_wconf 82' lang='lat' dir='ltr'><strong>(Alex.</strong></span> 
     </span>
     <span class='ocr_line' id='line_1_34' title="bbox 286 2860 1864 2911; baseline 0.005 -18.005"><span class='ocrx_word' id='word_1_344' title='bbox 286 2860 370 2894; x_wconf 83' lang='lat' dir='ltr'><strong>XII.</strong></span> <span class='ocrx_word' id='word_1_345' title='bbox 377 2860 426 2904; x_wconf 86' lang='lat'>)’</span> <span class='ocrx_word' id='word_1_346' title='bbox 410 2862 459 2895; x_wconf 79' lang='grc' dir='ltr'>επ’</span> <span class='ocrx_word' id='word_1_347' title='bbox 478 2865 579 2898; x_wconf 80' lang='grc' dir='ltr'>αὐτὸν</span> <span class='ocrx_word' id='word_1_348' title='bbox 599 2865 688 2900; x_wconf 87' lang='lat' dir='ltr'><strong>Edd.</strong></span> <span class='ocrx_word' id='word_1_349' title='bbox 708 2866 761 2911; x_wconf 71' lang='lat' dir='ltr'>(V</span> <span class='ocrx_word' id='word_1_350' title='bbox 764 2873 809 2900; x_wconf 81' lang='lat' dir='ltr'>at.</span> <span class='ocrx_word' id='word_1_351' title='bbox 828 2867 867 2911; x_wconf 64' lang='lat' dir='ltr'>N)</span> <span class='ocrx_word' id='word_1_352' title='bbox 1321 2876 1373 2911; x_wconf 87' lang='lat'>17.</span> <span class='ocrx_word' id='word_1_353' title='bbox 1399 2867 1500 2901; x_wconf 82' lang='grc' dir='ltr'>αὑτὸν</span> <span class='ocrx_word' id='word_1_354' title='bbox 1519 2866 1561 2899; x_wconf 84' lang='lat' dir='ltr'>B.</span> <span class='ocrx_word' id='word_1_355' title='bbox 1633 2867 1710 2901; x_wconf 75' lang='grc' dir='ltr'>τοὺς</span> <span class='ocrx_word' id='word_1_356' title='bbox 1726 2878 1795 2900; x_wconf 89' lang='lat' dir='ltr'>om.</span> <span class='ocrx_word' id='word_1_357' title='bbox 1819 2868 1864 2902; x_wconf 84' lang='lat' dir='ltr'>D.</span> 
     </span>
    </p>
   </div>
   <div class='ocr_carea' id='block_1_9' title="bbox 285 2909 1864 3003">
    <p class='ocr_par' dir='ltr' id='par_1_15' title="bbox 285 2909 1864 3003">
     <span class='ocr_line' id='line_1_35' title="bbox 289 2909 1864 2963; baseline 0.008 -24"><span class='ocrx_word' id='word_1_358' title='bbox 289 2918 341 2952; x_wconf 89' lang='lat'>19.</span> <span class='ocrx_word' id='word_1_359' title='bbox 364 2909 626 2963; x_wconf 78' lang='grc' dir='ltr'>ἐπισφραγίζων</span> <span class='ocrx_word' id='word_1_360' title='bbox 647 2912 685 2946; x_wconf 81' lang='lat' dir='ltr'>B.</span> <span class='ocrx_word' id='word_1_361' title='bbox 705 2915 878 2959; x_wconf 84' lang='grc' dir='ltr'>κατασφρ.</span> <span class='ocrx_word' id='word_1_362' title='bbox 900 2914 945 2949; x_wconf 90' lang='lat' dir='ltr'>D.</span> <span class='ocrx_word' id='word_1_363' title='bbox 967 2914 1058 2950; x_wconf 81' lang='lat' dir='ltr'><strong>Edd.</strong></span> <span class='ocrx_word' id='word_1_364' title='bbox 1267 2924 1321 2948; x_wconf 84' lang='lat'>22.</span> <span class='ocrx_word' id='word_1_365' title='bbox 1348 2913 1399 2947; x_wconf 83' lang='grc' dir='ltr'>καὶ</span> <span class='ocrx_word' id='word_1_366' title='bbox 1418 2912 1608 2959; x_wconf 82' lang='grc' dir='ltr'>συνήγαγεν</span> <span class='ocrx_word' id='word_1_367' title='bbox 1624 2914 1724 2947; x_wconf 75' lang='grc' dir='ltr'>αὐτὸν</span> <span class='ocrx_word' id='word_1_368' title='bbox 1741 2913 1776 2948; x_wconf 70' lang='grc' dir='ltr'>ἐν</span> <span class='ocrx_word' id='word_1_369' title='bbox 1793 2915 1864 2949; x_wconf 67' lang='grc' dir='ltr'>Ταῖς</span> 
     </span>
     <span class='ocr_line' id='line_1_36' title="bbox 285 2953 917 3003; baseline 0.013 -16"><span class='ocrx_word' id='word_1_370' title='bbox 285 2953 448 2999; x_wconf 77' lang='grc' dir='ltr'>σαγήναις</span> <span class='ocrx_word' id='word_1_371' title='bbox 465 2957 583 3002; x_wconf 78' lang='grc' dir='ltr'>αὐτοι]</span> <span class='ocrx_word' id='word_1_372' title='bbox 603 2972 656 2992; x_wconf 85' lang='grc' dir='ltr'>και</span> <span class='ocrx_word' id='word_1_373' title='bbox 673 2960 714 2993; x_wconf 82' lang='grc' dir='ltr'>τὰ</span> <span class='ocrx_word' id='word_1_374' title='bbox 732 2960 807 3003; x_wconf 78' lang='grc' dir='ltr'>ἑξῆς</span> <span class='ocrx_word' id='word_1_375' title='bbox 826 2961 917 2996; x_wconf 85' lang='lat' dir='ltr'><strong>Edd.</strong></span> 
     </span>
    </p>
   </div>
   <div class='ocr_carea' id='block_1_10' title="bbox 1891 596 1913 633">
    <p class='ocr_par' dir='ltr' id='par_1_16' title="bbox 1891 596 1913 633">
     <span class='ocr_line' id='line_1_37' title="bbox 1891 596 1913 633; textangle 90"><span class='ocrx_word' id='word_1_376' title='bbox 1891 596 1913 633; x_wconf 65' lang='lat'>01</span> 
     </span>
    </p>
   </div>
   <div class='ocr_carea' id='block_1_11' title="bbox 1896 1018 1942 1043">
    <p class='ocr_par' dir='ltr' id='par_1_17' title="bbox 1896 1018 1942 1043">
     <span class='ocr_line' id='line_1_38' title="bbox 1896 1018 1942 1043; baseline 0.043 -2"><span class='ocrx_word' id='word_1_377' title='bbox 1896 1018 1942 1043; x_wconf 81' lang='lat'>¹0</span> 
     </span>
    </p>
   </div>
   <div class='ocr_carea' id='block_1_12' title="bbox 1891 2028 1941 2053">
    <p class='ocr_par' dir='ltr' id='par_1_18' title="bbox 1891 2028 1941 2053">
     <span class='ocr_line' id='line_1_39' title="bbox 1891 2028 1941 2053; baseline 0 0"><span class='ocrx_word' id='word_1_378' title='bbox 1891 2028 1941 2053; x_wconf 88' lang='lat'>20</span> 
     </span>
    </p>
   </div>
  </div>
 </body>
</html>
