2018 3387
126 190 208 230 xiv.
234 203 301 241 20,
327 204 390 232 21.
484 191 555 231 IN
599 191 821 231 ZACIIA
835 190 1023 231 RIAM.
1084 189 1236 230 TOM.
1263 189 1340 230 VI.
1628 190 1705 228 541

125 293 219 345 ἀπὸ
245 300 327 345 τοῦ
359 295 512 358 τιμίου
549 297 794 362 ληφθέντα
827 300 1056 360 σταυροῦ,
1086 296 1135 344 τί
1157 293 1216 343 ἂν
1242 293 1397 358 ἕτερον
1424 293 1532 356 ἡμῖν
1561 292 1706 354 ὑπεμ-

126 378 313 442 φήνειεν
348 375 418 439 ἂν,
455 375 482 440 ἢ
521 378 754 440 πλείστην
789 376 910 440 ὅσην
946 379 1019 426 καὶ
1060 375 1356 444 άξιάγαστον
1391 377 1580 439 ἀληθῶς
1620 377 1713 423 τῶν

126 457 421 523 κρατούντων
452 459 693 519 εὐσέβειαν
712 480 724 520 ;

132 695 205 735 Καὶ
243 694 413 737 ἔσονται
452 692 490 736 οἷ
529 695 704 744 λὲβΗτεε
742 692 779 735 οἰ
818 694 860 735 ὲν
901 695 961 748 τῷ
999 691 1108 748 οἴκῳ
1145 693 1294 750 Κυρίου
1337 693 1396 734 ὡς
1435 693 1586 748 φιάλαι
1631 693 1714 749 Πρὸ

88 792 110 829 5
197 776 431 835 Προοώηου
469 781 542 819 τοῦ
582 777 895 833 ΟυσιαοτΗρίου.

202 909 288 958 Ἐν
314 912 371 976 τῇ
407 908 519 977 ἁγία
553 907 740 968 λέβητες
774 907 900 972 ἦσαν
936 910 1105 975 σκηνῇ,
1133 908 1208 957 καὶ
1243 908 1292 957 ἐν
1318 910 1383 976 τῷ
1418 905 1535 970 μετὰ
1569 911 1718 957 ταῦτα

130 990 549 1059 κατεσκευασμένῳ
595 994 704 1057 ναῷ,
744 991 793 1040 ἐν
832 989 898 1043 οἷς
943 989 1003 1039 τὰ
1040 993 1134 1040 τῶν
1173 993 1351 1039 θυσιῶν
1389 990 1541 1057 ἥψετο
1585 988 1713 1053 κρεά,

131 1071 448 1122 δαπανώντων
475 1071 593 1122 αὐτὰ
627 1076 721 1122 τῶν
754 1071 908 1138 ἱερέων
936 1072 984 1121 ἐν
1015 1070 1146 1140 τόπῳ
1184 1071 1318 1139 ἁγίῳ,
1345 1073 1420 1120 καὶ
1459 1075 1595 1120 τοῦτο
1633 1074 1755 1119 τοῦο

132 1153 276 1217 νόμου
314 1158 553 1204 τελεῖσθαι
597 1152 996 1221 προστεταχότος,
1040 1154 1101 1206 ὡς
1146 1150 1204 1203 ἂν
1242 1151 1307 1215 μὴ
1352 1152 1443 1220 ἔξω
1487 1174 1579 1202 που
1621 1154 1716 1201 τῶν

67 1239 266 1302 ιοὶερῶν
309 1237 616 1302 ἐκκομίζοιντο
661 1235 828 1304 χώρων
870 1234 929 1286 τὰ
973 1233 1256 1300 ἡγιασμένα.
1327 1233 1483 1298 ἐπειδὴ
1529 1234 1576 1284 δὲ
1620 1237 1716 1284 τῶν

131 1319 339 1386 ἀρχαίων
374 1320 557 1369 ἐκείνων
592 1320 710 1369 ἐθῶν
743 1317 1161 1380 ἀποπεπαυμένων,
1188 1320 1250 1370 εἰς
1288 1316 1444 1382 ἕτερον
1483 1316 1591 1379 ἡμῖν
1630 1322 1718 1365 λα-

131 1401 284 1467 τρείας
310 1399 485 1466 τρόπον
510 1400 863 1468 μετακεχωρηκε
889 1399 948 1451 τὰ
975 1398 1228 1465 μυστήρια,
1255 1401 1331 1449 καὶ
1356 1398 1718 1465 μηλοσφαγίαις

131 1482 216 1546 μὲν
254 1482 403 1533 οὐκέτι
445 1484 520 1534 καὶ
566 1487 861 1545 λιβανωτοῖς,
901 1482 1086 1535 θυσίαις
1127 1479 1175 1531 δὲ
1214 1485 1404 1544 μᾶλλον
1442 1483 1542 1532 ταῖς
1584 1480 1714 1529 ἀναι-

132 1563 324 1627 μάκτοις
361 1563 444 1615 τὸν
481 1569 576 1615 τῶν
614 1564 740 1615 ὅλων
774 1563 1123 1630 καταγεραίρειν
1159 1563 1282 1613 Θεὸν
1321 1566 1362 1612 οἱ
1402 1561 1478 1612 διὰ
1515 1562 1720 1613 πίστεως

69 1664 114 1701 15
135 1646 455 1713 δεδιδάγμεθα,
490 1649 566 1697 καὶ
604 1646 747 1697 αὐτὸν
786 1650 959 1710 νοητῶς
998 1649 1327 1711 ἱερουργοῦμεν
1364 1645 1412 1694 ἐν
1450 1640 1720 1706 ἐκκλησῗαις

132 1728 215 1779 τὸν
250 1733 343 1778 τῶν
379 1728 505 1779 ὅλων
541 1731 740 1793 Σωτῆρα
775 1727 1004 1793 Χριστὸν,
1041 1728 1144 1777 ἀντὶ
1182 1730 1276 1776 τῶν
1310 1727 1521 1785 λεβήτων
1554 1723 1765 1789 ἑτέροιςι]

134 1810 397 1877 κεχρήμεθα
421 1809 642 1861 σκεύεσιν
669 1814 815 1875 ἱεροῖς,
842 1807 896 1862 ἃς
929 1809 985 1873 δὴ
1019 1811 1094 1858 καὶ
1122 1807 1305 1876 φιοίλοις
1332 1804 1494 1857 ἐνθάδε
1521 1807 1671 1873 φησὶν
1696 1805 1721 1854 ὁ

137 1890 413 1959 Προφήτης.
470 1891 615 1955 σκεύη
650 1890 698 1941 δὲ
733 1892 864 1941 ταυτὶ
890 1895 986 1942 τοῖς
1011 1889 1202 1940 πίνουσι
1234 1886 1593 1955 χρειωδέστατα.
1647 1888 1723 1936 καὶ

134 1971 335 2037 συνήσει
372 1973 559 2026 πάντως
599 1974 623 2023 ὁ
663 1971 820 2041 σοφὸς
858 1969 1089 2038 ἀκροατὴς
1126 1975 1210 2020 τοῦ
1250 1969 1597 2033 σημαινομένου
1637 1966 1724 2031 τὴν

68 2077 118 2102 20
137 2054 345 2117 δύναμιν,
378 2053 463 2105 κᾶν
497 2058 533 2105 εἰ
573 2051 888 2120 ἀμυδρότερον
918 2075 1017 2105 πως
1058 2050 1087 2116 ἦ
1126 2050 1246 2118 χρὴν
1277 2051 1302 2101 ὁ
1340 2051 1448 2117 παρ’
1483 2051 1615 2114 ἡμῶν
1643 2073 1724 2101 πε-

135 2138 322 2200 ποίηται
358 2136 517 2202 λόγος,
542 2135 618 2187 διά
643 2159 712 2186 τοι
736 2135 791 2185 τὸ
819 2138 913 2185 δεῖν
938 2132 1349 2200 περιεσταλμένως
1374 2136 1610 2183 ποιεῖσθαι
1640 2130 1725 2195 τὴν

136 2223 231 2269 τῶν
265 2217 588 2285 κεκρυμμένων
620 2216 884 2286 ἀφήγησιν.
940 2216 1106 2266 οὐκοῦν
1141 2214 1246 2265 τότε
1284 2212 1370 2277 μὲν
1409 2212 1534 2278 ἦσαν
1569 2216 1611 2264 οἱ
1649 2214 1726 2264 λέ-

137 2303 284 2363 βητες,
310 2302 408 2351 νυνὶ
433 2299 481 2351 δὲ
505 2300 678 2369 φιάλαι
706 2302 786 2369 προ
815 2298 1050 2367 προσώπου
1076 2298 1148 2348 τοῦ
1175 2295 1484 2365 θυσιαστηρίου.

1779 1167 1857 1196 Lev.
1873 1166 1916 1197 vi.

1781 1209 1829 1248 16,
1852 1209 1890 1239 26
1906 1220 1914 1247 ;

1778 1254 1880 1284 Num.

1779 1297 1869 1328 xviii.
1890 1307 1921 1337 9,

1782 1350 1830 1371 10.

1742 2485 1763 2511 e

144 2531 218 2574 Καὶ
260 2532 379 2574 ἔσται
420 2534 504 2572 Πᾶς
548 2530 675 2580 λε’βΗο
717 2530 762 2570 ἑν
796 2528 1080 2585 Ἰερουσαλήμ
1126 2526 1193 2568 καὶ
1237 2527 1281 2568 ἐν
1325 2528 1386 2581 τῷ
1420 2526 1561 2567 Ἰούδα
1605 2527 1722 2572 ἄτιον
1746 2542 1789 2567 21

192 2682 221 2706 1.
247 2671 287 2705 ἂν
304 2675 526 2714 assumptum
544 2681 585 2703 ex
605 2668 697 2703 C.D.
763 2667 966 2713 ὑποφὴνειεν
981 2667 1028 2701 Ι).
1046 2665 1274 2712 ὑπεμφὴνειεν
1287 2666 1392 2700 habet
1410 2665 1463 2706 C„
1479 2665 1539 2699 sed
1557 2666 1602 2700 ὑπ
1618 2677 1726 2699 manu

142 2718 271 2752 recenti
290 2724 369 2761 post
386 2728 554 2750 rasuram.
605 2715 731 2749 Statim
749 2715 789 2748 ἂν
806 2714 937 2748 habent
957 2713 1049 2748 C.D.
1107 2726 1140 2755 4.
1168 2712 1263 2758 οἴκῳ]
1289 2717 1324 2752 -Ι-
1346 2715 1406 2746 τοῦ
1425 2712 1462 2747 F.
1481 2711 1573 2746 Edd.
1633 2712 1665 2745 6.
1692 2712 1727 2746 ἐν

142 2767 181 2808 τῇ
199 2764 280 2808 ἁγίᾳ
297 2763 439 2807 λέβητες
456 2761 544 2806 ἦσαν
560 2762 627 2796 hoc
645 2761 765 2795 ordine
785 2760 825 2795 C.
847 2760 994 2804 Λέβητες
1010 2759 1098 2802 ἦσαν
1114 2760 1150 2793 ἐν
1166 2761 1204 2802 τῇ
1224 2759 1301 2803 ἁγίᾳ
1322 2758 1414 2792 Edd.
1555 2767 1586 2802 7.
1611 2759 1726 2803 ἥψατο

144 2809 337 2855 (Ξῆψατο)
359 2810 400 2844 C.
516 2820 568 2851 14.
595 2809 626 2842 οἱ
646 2807 734 2842 B.C.
753 2806 771 2841 ὃ
790 2806 882 2842 Edd.
1001 2815 1053 2847 15.
1080 2807 1318 2850 ἱερουργοῦμεν
1337 2804 1377 2839 C.
1398 2806 1649 2849 ἱερουργοῦντες
1666 2804 1726 2838 iid.

147 2866 200 2901 17.
226 2856 266 2891 ἃς
284 2856 376 2890 C.D.
393 2855 413 2890 ἂ
432 2855 523 2890 Edd.
828 2854 880 2888 18e
906 2853 1000 2886 ταυτὶ
1020 2852 1114 2886 C.D.
1132 2854 1236 2885 ταῦτα
1256 2850 1347 2885 Edd.
1411 2851 1547 2885 πίνουσι
1568 2851 1614 2884 D.
1635 2850 1727 2885 Edd.

146 2903 189 2936 In
211 2902 265 2942 C„
283 2917 294 2935 ι
319 2902 416 2946 prius
442 2906 497 2936 est
521 2902 556 2935 in
582 2911 713 2939 rasura,
735 2914 772 2934 σι
797 2899 833 2933 in
859 2899 927 2933 fine
952 2899 1158 2938 effarcitum‚
1185 2909 1293 2932 manu
1319 2898 1500 2931 recentiori
1525 2903 1727 2941 utrumque.

147 2959 202 2983 20.
229 2948 247 2992 ἢ
264 2949 351 2992 χρὴν
370 2949 416 2983 D.
434 2947 452 2991 ἢ
469 2948 535 2993 χρὴ
555 2946 647 2982 Edd.
696 2946 872 2980 Neutrum
890 2945 996 2980 habet
1015 2945 1056 2979 C.
1177 2955 1232 2986 24.
1262 2944 1358 2988 ἅγιον
1377 2943 1468 2978 C.D.
1490 2944 1607 2987 (Alex.
1627 2943 1728 2986 XII.)

147 2994 189 3029 In
205 2994 245 3029 C.
261 2995 298 3029 fit
312 2995 433 3034 erasio,
449 2994 547 3040 quasi
566 2994 669 3039 ιῖγιων
682 2993 778 3039 prius
797 2993 978 3038 scriptum.
997 2992 1085 3038 ἅγιοι
1104 2991 1206 3026 Pont.
1222 2991 1334 3035 (228.)
1353 2991 1448 3036 ἅγιος
1461 2990 1554 3024 Aub.
1571 2989 1667 3034 (Vat.
1681 2990 1730 3033 Ν).
