2007 3387
321 193 406 231 316
716 190 762 229 Β.
808 187 1089 228 CYRILLI
1141 187 1524 227 ALEXANDR.
1724 185 1780 226 iii.
1801 195 1897 240 3-5.

389 314 623 357 ἑστΗκότοιε
667 311 749 369 Πρὸ
792 310 1027 368 Προοώπου
1077 311 1205 352 αὐτοῦ
1251 311 1388 358 λὲΓων
1420 310 1629 366 Ἀφελετε
1666 324 1717 350 τοι
1757 307 1899 357 ἱμάτια

390 397 437 438 τὰ
481 396 648 454 ῥυπαρὰ
689 395 756 436 ἀπ’
804 395 942 436 αὐτοῦ.
1005 395 1072 436 καὶ
1109 390 1202 435 εἶπε
1242 396 1347 451 Πρὸς
1386 394 1513 435 αὐτόν
1542 392 1654 434 Ἰδοὺ
1692 392 1899 449 ἀφῄρΗκα

387 480 462 521 τὰς
505 479 684 528 ἀνομίας
727 494 815 521 σου.
877 478 944 519 καὶ
983 478 1187 521 ἐνδύσατε
1228 479 1356 520 αὐτὸν
1396 477 1579 534 ΠοὸέιρΗ,
1624 476 1691 517 καί
1734 476 1900 517 ἐπίθετε

390 563 553 621 κίδαριν
587 564 779 621 καθαρὰν
811 564 881 606 ἐπὶ
913 563 988 605 τὴν
1023 562 1218 620 κεφαλήν
1254 564 1393 605 αὐτοῦ.
1453 563 1521 603 καὶ
1547 564 1801 618 Περιέβαλον
1828 560 1902 602 αὐ-

387 648 460 690 τὸν
500 646 657 700 ἱμάτια,
697 649 765 689 καὶ
803 649 1016 691 ἑΠὲθΗκοιν
1055 648 1218 705 κίδαριν
1259 648 1448 705 καθαρὰν
1484 647 1553 689 ἐπὶ
1590 646 1667 688 τήν
1707 645 1900 702 κεφαλὴν

389 733 526 773 αὐτοῦ.

396 878 779 946 Παραδεχθέντος
816 875 950 946 ἅπαξ
984 881 1045 931 εἷς
1084 877 1137 928 τὸ
1175 876 1349 930 παντὸς
1380 882 1463 928 τοῦ
1493 881 1613 927 λαοῦ
1638 874 1899 942 πρόσωπον

319 967 401 1013 τοῦ
440 961 672 1030 λαχόντος
712 964 977 1027 ἱερουργεῖν,
1017 959 1202 1027 ἀπόχρη
1242 958 1424 1021 λοιπὸν,
1461 958 1670 1025 καθάπερ
1709 960 1900 1027 ἐγῷμαι,

319 1049 549 1095 τοσοῦτον
576 1048 730 1105 εἰπεῖν,
758 1043 828 1094 ὅτι
862 1042 921 1094 τὰ
955 1043 1130 1112 ῥυπαρά
1157 1043 1322 1111 ἱμάτια.
1349 1042 1600 1104 σύμβολον
1625 1039 1682 1091 ἂν
1709 1039 1796 1091 εἶεν
1820 1041 1902 1091 οὐκ

321 1126 599 1196 ἀσυμφανὲς
637 1129 719 1190 τῆς
758 1126 1048 1190 ἀκαθαρσίας
1079 1131 1162 1176 τοῦ
1189 1130 1320 1176 λαοῦ.
1385 1123 1783 1191 κατημφιεσμένοι
1809 1121 1902 1189 γὰρ

322 1207 483 1276 ὥσπερ
516 1214 614 1262 ταῖς
649 1213 793 1277 σφῶν
827 1210 979 1258 αὐτῶν
1014 1208 1271 1273 ἁμαρτίαις,
1296 1208 1371 1257 καὶ
1398 1206 1748 1257 δυσαπόνιπτον
1774 1205 1902 1273 ε”χον-

279 1300 397 1345 ἀτες
444 1295 526 1356 τῆς
576 1292 796 1352 ἀσεβείας
845 1290 927 1342 τὸν
974 1295 1152 1354 μῶμον,
1203 1290 1434 1340 διετέλουν
1485 1291 1531 1340 ἐν
1580 1287 1903 1357 αἰχμαλωσίᾳ,

321 1379 502 1427 ποιναῖς
548 1374 917 1439 ὑπενηνεγμένοι,
962 1376 1035 1424 καὶ
1087 1378 1181 1423 τῶν
1233 1373 1434 1426 ἀνοσίως·
1479 1373 1632 1424 αὐτοῖς
1676 1379 1896 1434 πεπλημ-

320 1457 596 1521 μελημένων
647 1455 945 1510 ἀποτινύντες
994 1457 1135 1509 δίκας.
1203 1455 1356 1519 ἐπειδὴ
1409 1454 1456 1504 δὲ
1507 1453 1716 1518 κατηλεέι
1768 1452 1902 1514 Θεὸς,

322 1538 715 1590 ἀπαλλάττεσθαι
763 1541 844 1602 τῆς
889 1540 1116 1604 ἁμαρτίας
1157 1538 1496 1604 προστέταχεν,
1543 1539 1901 1601 ἐλευθεροῦσθαι

322 1626 416 1672 τῶν
455 1625 672 1690 ῥυπαρῶν,
708 1624 783 1671 καὶ
815 1620 1245 1687 μεταμφιέννυσθαι
1284 1621 1459 1686 τρόπον
1497 1618 1598 1669 τινὰ
1637 1617 1721 1681 τὴν
1760 1621 1904 1669 δικαι-

323 1711 473 1755 οῦσαν
503 1703 655 1771 χάριν.
719 1704 954 1754 κατανεύει
990 1703 1037 1753 δὲ
1070 1704 1224 1756 αὐτοῖς
1255 1708 1337 1753 τοῦ
1369 1702 1515 1753 πόνου
1554 1700 1606 1752 τὸ
1645 1702 1788 1767 πέρας
1827 1702 1902 1751 καὶ

322 1792 416 1838 τῶν
441 1785 814 1850 συμβεβηκότων
840 1785 925 1850 τὴν
951 1786 1106 1837 λύσιν.
1172 1785 1289 1836 ὅπου
1327 1784 1419 1850 γὰρ
1459 1785 1684 1849 ἁμαρτίας
1716 1783 1902 1852 ἄφεσις,

323 1871 493 1939 ἕψεταί
520 1892 612 1920 που
644 1869 829 1922 πάντως
865 1871 939 1919 καὶ
975 1868 1029 1919 τὸ
1064 1868 1457 1919 ἀπαλλάττεσθαι
1494 1870 1586 1917 δεῖν
1615 1871 1708 1917 τῶν
1740 1867 1794 1917 δι’
1823 1866 1903 1916 αὐ-

322 1951 408 2017 τὴν
433 1952 820 2017 ἐπενηνεγμένων.
887 1952 1051 2002 οὐκοῦν
1083 1953 1129 2001 ἐν
1156 1949 1366 2017 σχήματι
1394 1953 1517 2000 Θεοῦ
1553 1954 1646 2003 τοῖς
1677 1947 1903 2013 ἑστηκόσι

285 2036 399 2086 εκαὶ
442 2039 798 2099 λειτουργοῦσιν
836 2035 962 2102 αὐτῷ
1001 2032 1321 2100 προστέταχεν
1366 2034 1390 2083 ὁ
1435 2032 1658 2096 μακάριος
1699 2032 1904 2097 ἅγγελος

324 2121 536 2187 ἀφαιρεῖν
569 2119 651 2168 ἀπ’
680 2117 833 2167 αὐτῶν
860 2115 944 2180 τὴν
978 2118 1206 2183 ῥυπῶσαν
1244 2117 1435 2179 ἐσθῆτα,
1462 2118 1535 2165 καὶ
1568 2114 1623 2178 δὴ
1651 2115 1731 2165 καί
1753 2123 1904 2183 φησιν

324 2196 432 2250 Ἰὃοῦ
473 2197 680 2270 ἀφῄρηκα.
725 2197 808 2253 τὰς
851 2202 1039 2265 ἀνομίας
1085 2223 1174 2248 σου.
1242 2195 1339 2248 εἶτα
1378 2200 1470 2248 δεῖν
1514 2198 1604 2264 ἔφη
1654 2194 1809 2266 ποδήρη
1853 2218 1903 2246 τε

327 2282 451 2350 αὐτῷ
475 2283 549 2331 καὶ
587 2277 750 2349 κίδαριν
783 2281 855 2330 ἐπὶ
888 2279 952 2340 τὴν
986 2279 1185 2349 κεφαλὴν
1220 2282 1410 2342 δοθῆναι
1441 2278 1800 2344 κεκαθαρμένην,
1829 2278 1904 2328 ἵνα

328 2363 402 2414 διὰ
447 2364 611 2414 τούτου
653 2367 828 2421 νοῶμεν
865 2365 927 2416 ὡς
971 2363 1043 2412 ἀεί
1082 2385 1182 2415 πως
1224 2361 1465 2429 συντρέχει
1503 2367 1602 2415 ταῖς
1641 2365 1734 2412 τῶν
1772 2365 1903 2412 λαῶν

327 2445 655 2496 καταστάσεσι
694 2448 767 2496 καὶ
799 2448 882 2509 τῆς
913 2445 1168 2511 ἱερωσύνης
1202 2445 1228 2509 ἡ
1256 2444 1387 2513 δόξα.
1455 2443 1672 2512 καύχημα
1698 2443 1784 2508 μὲν
1810 2443 1903 2511 γὰρ

376 2644 406 2666 2.
433 2631 487 2667 ἀπ’
506 2633 607 2667 αὐτοῦ
624 2634 664 2666 τὰ
681 2632 814 2677 ῥυπαρὰ
832 2633 900 2667 inV.
920 2632 995 2667 ord.
1015 2632 1055 2667 C.
1256 2645 1289 2674 4.
1318 2632 1414 2666 Haec
1431 2632 1483 2666 καὶ
1500 2632 1904 2678 περιέβαλον-κεφαλὴν

327 2680 428 2714 αὐτοῦ
446 2686 665 2714 accesserunt
682 2692 722 2713 ex
742 2680 783 2714 (J.
1104 2691 1135 2725 9.
1163 2680 1274 2722 ἱμάτια
1292 2684 1512 2712 accesserunt
1529 2691 1569 2712 ex
1589 2678 1667 2712 C.b.
1688 2679 1783 2713 deest
1801 2680 1835 2713 in
1855 2680 1902 2714 D.

332 2738 384 2761 10.
410 2727 817 2771 κατημφιεσμένοι-ταῖς
835 2727 901 2771 σφ.
920 2726 993 2760 αὐτ.
1011 2725 1185 2770 ἁμαρτίαις
1204 2726 1249 2759 D.
1270 2725 1359 2759 Edd.
1378 2725 1776 2771 κατημφιεσμένος-τὰς
1800 2728 1903 2771 σφῶν

327 2773 399 2807 αὐτ.
417 2773 577 2816 ἁμαρτίας
595 2773 636 2808 C.
782 2785 834 2816 14.
853 2772 1065 2808 ἀποτινὺντες
1084 2773 1124 2807 C.
1142 2773 1290 2807 ἀποτινν.
1311 2772 1401 2806 Edd.
1547 2782 1600 2815 15.
1618 2771 1900 2818 ἐλευθεροῦσθαι]

333 2824 367 2860 -4-
385 2835 420 2854 τε
440 2820 472 2854 b.
487 2821 555 2854 inv.
571 2820 662 2855 C.D.
838 2831 891 2864 19.
918 2821 1048 2854 πάντως
1065 2825 1287 2863 assumptum
1304 2831 1346 2853 ex
1365 2818 1443 2853 C.b.
1602 2829 1658 2853 22.
1684 2819 1842 2863 ἀφαιρεῖν
1859 2820 1901 2855 C.

327 2866 470 2910 ἀφελεῖν
489 2867 578 2901 Edd.
640 2867 748 2901 αὐτῶν
766 2879 816 2912 pr.
836 2879 943 2900 manu
962 2866 1003 2900 C.
1021 2867 1124 2900 αὐτοῦ
1143 2865 1232 2900 Edd.
1643 2877 1697 2911 23.
1724 2867 1836 2911 ἔφησε
1855 2867 1901 2901 D.

327 2913 477 2957 ποδηρην
495 2914 536 2948 C.
737 2925 792 2956 24.
819 2913 1085 2958 κεκιιρθαρμένην
1102 2913 1230 2947 C.D.b.
1248 2911 1395 2957 καθαρὰν
1412 2911 1503 2946 Edd.
1693 2923 1749 2958 25.
1776 2917 1902 2956 νοῶμεν

328 2959 371 2993 ὡς
390 2959 468 2993 C.b.
487 2960 728 3004 νενομισμένως
749 2961 793 2994 D.
815 2959 904 2994 Edd.
955 2959 1131 3005 συντρέχει
1151 2959 1228 2994 C.b.
1247 2959 1415 3004 συντρέχῃ
1434 2958 1525 2993 Edd.
1802 2960 1856 2995 26.
1882 2959 1901 3003 ἡ

329 3011 547 3050 assumptum
566 3018 606 3040 ex
626 3007 755 3041 C.1J.b.
775 3014 854 3041 ante
872 3008 929 3050 τῆς
947 3013 988 3041 tr.
1009 3006 1050 3040 B.

1921 650 1942 689 5

1925 1144 1972 1169 10

1924 1968 1972 1994 20
