2018 3387
170 166 253 208 xiv.
279 181 314 207 2.
541 169 610 208 IN
655 168 1068 208 ZACHARJAM.
1130 167 1281 207 TOM.
1313 166 1385 205 vl.
1670 165 1751 202 513

167 273 300 327 εὐθὺς
333 277 654 344 ἀποφοιτῆσαι
690 280 789 329 ταῖς
825 277 968 328 λείαις
1003 276 1133 337 ὁμοῦ,
1172 277 1245 324 καὶ
1282 277 1513 340 σχολαῖον
1540 271 1744 333 ποιήσα-

167 359 282 406 σθαι
322 356 404 406 τὸν
444 354 747 425 διαμερισμὸν
786 360 848 409 εἷς
891 355 973 409 τὰς
1016 358 1190 406 ἑαυτῶν
1233 353 1411 417 σκηνὰς
1453 353 1749 420 ἀ([)ιγμ(-’νους“

168 438 278 487 ἀλλ’
308 439 355 488 ἐν
391 440 508 504 αὐτῇ
547 443 684 488 τοῦτο
721 437 891 504 δράσαι
928 440 985 503 τῇ
1023 436 1208 504 ἀλούσῃ
1241 436 1389 497 πόλει,
1427 435 1541 500 ὅπερ
1577 435 1659 484 οὐκ
1696 434 1752 482 ἂν

167 518 373 583 γε’γονεν,
410 518 535 585 ε’ίπερ
570 542 639 572 τις
675 518 732 582 ἦν
768 519 890 571 ὅλως
926 519 950 567 ὁ
986 523 1082 571 τοῖς
1116 519 1292 571 α’θλίως
1325 515 1625 583 πεπραχόσιν
1657 517 1751 565 ε’πι-

126 615 148 654 5
167 604 346 665 κουρῶν
372 603 447 650 καὶ
470 605 566 653 τοῖς
591 603 878 666 καταδῃοῦσι
904 599 1181 666 μαχόμενος.
1215 598 1570 667 μολυνθήσεσθαι
1596 596 1643 647 δὲ
1670 596 1752 649 τὰς

166 681 385 745 γυναῖκάς
430 685 595 749 φησιν,
642 680 921 745 ἀβουλήτως
965 680 1134 746 ἑτέροις
1179 680 1492 748 ἐφελκομένας
1540 681 1614 729 καὶ
1659 681 1752 729 τῶν

166 765 249 826 τῆς
290 761 579 827 σεμνότητος
623 763 942 815 ἐκπιπτούσας
987 764 1118 824 ἐθῶν,
1165 764 1239 812 καὶ
1279 763 1326 811 ἐν
1366 761 1475 830 ὄψει
1519 759 1754 812 πολλάκις

167 847 261 894 τῶν
304 843 423 895 κατὰ
469 843 636 908 νόμους
681 843 1036 913 συνῳκηκότων.
1103 844 1314 907 πολέμου
1359 843 1406 893 δὲ
1456 842 1514 892 τὰ
1562 847 1792 892 τοιαῦταα
1819 858 1905 893 796
1923 857 1974 891 Α.

165 923 309 990 πάθη,
337 929 411 976 καὶ
438 931 533 980 τοῖς
561 926 696 994 ἅπαξ
727 924 962 976 ἑαλωκόσι
998 928 1072 977 καὶ
1110 924 1483 991 ἀνεπικουρήτοις
1510 927 1754 976 παντελῶς

103 1031 149 1056 ιο
166 1006 432 1073 πρέπουσαι
457 1007 717 1076 συμφοραί.

168 1271 219 1313 Οἱ
257 1272 303 1314 δὲ
343 1274 598 1315 κατάλοιποι
636 1277 708 1315 τοῦ
745 1277 849 1314 λοιοῡ
891 1289 970 1322 μου
1009 1274 1055 1314 οὐ
1096 1274 1150 1321 μὴ
1192 1273 1557 1328 ἐξολοθρεοῡὼοιν
1594 1273 1641 1312 ἐκ
1682 1276 1748 1312 τιῑιι

234 1356 421 1398 Πόλεως.

240 1518 396 1565 Τοῦτο
439 1513 570 1578 οἶμαί
615 1516 746 1566 ἐστιν
790 1516 945 1581 ἕτερον
988 1515 1132 1577 οὐδὲν,
1178 1514 1206 1579 ἢ
1251 1514 1363 1580 ὅπερ
1408 1513 1527 1581 ἔφην
1572 1516 1754 1580 ἀρτίως,

166 1597 228 1650 ὡς
270 1595 440 1662 γέγονέ
484 1619 553 1650 τις
604 1595 750 1664 φειδὼ
798 1601 893 1648 τῶν
935 1595 1273 1666 κατῳκηκότων
1316 1596 1400 1660 τὴν
1448 1596 1544 1646 ἅνω
1597 1596 1754 1659 πόλιν,

100 1697 146 1736 15
166 1679 242 1728 καὶ
279 1678 528 1729 σέσωσται
566 1678 706 1744 μέρος
740 1683 835 1729 τῶν
860 1679 1223 1745 Ἱεροσολύμων.
1289 1678 1544 1729 ἀνέκοπτον
1580 1678 1673 1744 γὰρ
1713 1683 1754 1729 οἱ

165 1760 410 1822 Ῥωμαίων
444 1763 707 1826 στρατηγοὶ
743 1760 851 1815 τοὺς
882 1765 976 1811 τῶν
1011 1760 1289 1828 μαχομένων
1316 1758 1500 1822 θυμοὺς,
1533 1762 1567 1809 εἷ
1605 1760 1755 1823 δήπου

166 1841 294 1895 τινὰς
332 1841 550 1893 τεθέαντο
595 1842 843 1896 κλαίοντας
882 1865 930 1893 τε
970 1845 1043 1893 καὶ
1084 1842 1435 1895 ὑποπίπτοντας
1473 1843 1547 1891 καὶ
1586 1843 1753 1908 ἀμαχεὶ
1774 1851 1798 1889 b

166 1922 505 1989 προσθέοντας.
571 1922 601 1988 ἢ
643 1924 798 1975 τοίνυν
841 1927 1160 1977 καταλοίπους
1201 1926 1272 1975 τοῦ
1314 1924 1427 1974 mo&
1466 1923 1607 1973 αὐτοῦ
1647 1921 1753 1977 τοὺς

166 2007 214 2055 ἐν
252 2009 318 2074 τῷ
363 2005 658 2075 σεσωσμένῳ
703 2004 776 2066 τῆς
822 2010 997 2061 πόλεως
1042 2006 1168 2072 με’ρει
1213 2006 1379 2074 φησίν·
1434 2003 1463 2069 ἢ
1503 2005 1624 2071 τάχα
1662 2028 1754 2055 που

99 2108 148 2132 20
166 2086 273 2140 τοὺς
317 2086 687 2141 πεπιστευκότας
734 2091 795 2142 εἰς
839 2086 921 2139 τὸν
961 2092 1056 2138 τῶν
1101 2087 1228 2138 ὅλων
1272 2089 1472 2152 Σωτῆρα
1523 2086 1752 2152 Χριστὸν,

166 2171 270 2234 περὶ
306 2166 371 2218 ὧν
403 2167 484 2219 καί
514 2172 680 2237 φησιν,
717 2171 779 2223 ὡς
815 2173 890 2221 οὐκ
925 2166 983 2220 ἂν
1014 2167 1334 2239 ἐξολοθρευθεῖεν
1366 2169 1416 2220 ἐκ
1449 2168 1523 2227 τῆς
1558 2170 1748 2223 πόλεως.

167 2252 356 2303 ε”σονται
382 2251 476 2318 γ’ἀρ
511 2254 579 2303 ἀεὶ
610 2255 693 2316 τῆς
718 2253 1010 2318 Ἐκκλησιάς
1037 2258 1240 2315 πολῖται,
1270 2251 1356 2303 κᾶν
1381 2256 1417 2303 εἰ
1445 2255 1525 2315 τῆς
1552 2255 1754 2318 ἐπιγείου

168 2335 245 2384 καὶ
283 2334 634 2400 ὠλοθρευμένης
663 2335 977 2400 Ἰερουσαλὴμ
1015 2336 1293 2396 ἐκπίπτοιεν,
1329 2335 1438 2384 ἀλλ’
1474 2335 1555 2384 οὖν
1590 2335 1752 2402 ἔχουσι

167 2418 253 2478 τὴν
292 2414 388 2466 ἄνω
429 2414 584 2479 πόλιν,
623 2418 727 2482 περὶ
768 2417 823 2480 ἧς
862 2419 936 2467 καὶ
981 2418 1005 2467 ὁ
1046 2416 1299 2470 θεσπέσιος
1338 2415 1511 2484 γράφει
1558 2420 1753 2471 Παῦλος

102 2512 149 2549 25
170 2497 277 2547 “‘H
319 2495 366 2547 δὲ
402 2496 497 2547 ἄνω
524 2497 838 2564 Ἰερουσαλὴμ
876 2500 1097 2565 ἐλευθέρα
1134 2499 1277 2561 ἐστὶν,
1320 2498 1418 2562 ἥτις
1458 2500 1558 2549 ἐστὶ
1598 2498 1752 2565 μήτηρ
1813 2501 1948 2533 ΕΓΗ-ἰγ-

1815 2545 1864 2576 26.

220 2700 249 2723 Ι.
275 2689 371 2724 εὐθὺς
391 2689 432 2723 C.
452 2688 574 2724 εὐθέως
592 2688 684 2723 Edd.
980 2700 1011 2724 2.
1038 2690 1084 2725 εἷς
1101 2691 1160 2725 τὰς
1177 2691 1302 2724 ἑαυτῶν
1320 2691 1444 2733 σκηνὰς
1463 2689 1503 2724 C.
1521 2691 1556 2724 ἐν
1573 2693 1643 2726 ταῖς
1662 2692 1750 2726 ἐιιυτ.

170 2737 306 2779 σκηναῖς
324 2735 382 2769 iid.
534 2746 567 2779 3.
595 2736 653 2769 οὐκ
671 2733 711 2768 ἂν
727 2735 865 2780 γέγονεν
883 2735 923 2769 C.
942 2736 981 2769 οὐ
998 2735 1166 2781 γέγονεν
1151 2752 1192 2770 αν
1209 2736 1267 2769 iid.
1434 2750 1466 2778 4.
1494 2739 1510 2769 ὁ
1529 2749 1582 2770 'zss
1588 2744 1751 2782 umptum

170 2793 211 2815 ex
231 2782 272 2815 C.
446 2785 478 2815 6.
504 2784 562 2816 τὸν
579 2783 636 2825 τῆς
654 2796 689 2815 σ.
709 2782 734 2815 ε’.
754 2781 842 2825 ἠθῶν
861 2782 949 2825 (sic)
969 2781 1009 2815 C.
1193 2784 1225 2816 S.
1253 2797 1322 2816 κατ
1314 2784 1416 2825 (ιιόμο
1404 2799 1438 2817 υ
1457 2783 1496 2817 C.
1563 2798 1690 2830 κιιτῳκη
1696 2799 1732 2817 κο

170 2842 236 2861 των
254 2827 295 2861 C.
314 2828 422 2862 invito
442 2829 488 2862 D.
880 2839 930 2862 ΙΙ.
958 2843 1022 2871 μου
1040 2840 1110 2862 om.
1130 2829 1166 2862 Ι
1186 2829 1278 2863 Edd.
1345 2830 1397 2874 ἐκ]
1417 2830 1483 2863 ἀπὸ
1503 2830 1538 2864 Ι.
1559 2830 1634 2874 (42.
1654 2830 1749 2875 Co.).

174 2885 227 2916 14.
254 2875 362 2917 φειδῶ
380 2875 414 2908 b.
434 2875 541 2919 φειδὼ
560 2875 591 2917 (ς
610 2881 648 2908 ut
667 2874 735 2909 vid.
753 2874 866 2917 eraso)
886 2874 927 2908 C.
945 2875 1071 2919 φειδὼς
1091 2875 1132 2909 Β.
1211 2890 1249 2909 κιι
1241 2878 1447 2920 τωκηκότων
1466 2876 1505 2911 C.
1511 2877 1543 2911 b.
1562 2891 1750 2911 κατοικουν-

171 2935 236 2953 των
254 2919 614 2955 Edd.18.
642 2921 871 2965 προσθέοντας
890 2920 968 2955 C.b.
986 2922 1263 2965 προσπίπτοντας
1282 2922 1373 2957 Edd.
1590 2935 1643 2969 23.
1671 2924 1750 2958 ὀλο-

171 2966 351 3011 θρευμένης
369 2965 409 3000 C.
600 2978 655 3010 24.
680 2969 781 3002 πόλιν
797 2973 1019 3012 assumptum
1037 2979 1078 3002 ex
1098 2968 1138 3002 C.

227 3033 320 3061 V.OL
345 3034 393 3062 ΙΙ.
934 3036 957 3075 3
981 3035 1007 3062 U
