1997 3361
94 166 118 205 i.
143 182 181 219 9.
557 171 630 210 IN
676 172 942 211 NAHUM.
1004 171 1154 212 TUM.
1192 172 1226 210 1.
1621 169 1669 206 19

91 282 264 346 τυφλοὶ
308 284 604 331 διατελοῦσιν
647 285 688 331 οἱ
739 281 950 333 τάλανες.
1019 283 1071 331 οὑ
1119 280 1212 344 γὰρ
1254 279 1424 343 ἤθελον
1466 279 1663 327 ἀκολου-

774 367 793 374 Α

92 364 189 411 θεῖν
237 363 546 430 ἐπιφωνοῦντι
597 367 796 432 Χριστῳ
847 362 1021 416 ““Eoec
1073 361 1127 413 τὸ
1179 366 1281 430 φῶς
1344 360 1481 426 ἔχετε,
1531 381 1660 422 περι-
1732 369 1876 442 {ii-¹⁰¹5*

93 448 120 471 ‘⁶
144 449 328 495 πατεῖτε
368 446 416 494 ἐν
465 449 530 514 τῷ
582 449 720 512 φωτὶ,
763 446 838 495 ἵνα
887 444 951 508 μὴ
995 445 1163 495 σκοτία
1209 445 1326 507 ὑμᾶς
1372 440 1666 506 καταλάβῃ.”
1781 422 1856 450 '3⁵'

92 524 246 590 ἐπειδὴ
281 525 328 577 δὲ
360 525 485 590 ἦσαν
519 530 717 581 ἀπειθεῖς
752 530 826 578 καὶ
864 526 1047 595 ε’ξήνιοι,
1079 526 1296 593 ταύτῃτοι
1332 523 1516 583 λοιπὸν,
1552 522 1671 573 καθά

49 625 72 662 5
93 613 243 675 φησιν
269 609 293 659 ὁ
316 608 564 678 προφήτης
591 618 616 639 “
635 609 1015 672 ζΥπομεινοῖντων
1050 610 1202 659 αὐτῶν
1238 612 1355 676 φῶς,
1385 605 1562 671 ἐγένετο
1589 606 1663 654 αὐ-
1735 598 1786 627 ¹⁴3⁸·
1809 597 1863 626 lix.

93 697 120 719 ‘⁶
144 695 239 744 τοῖς
263 689 451 753 σκότος,
481 692 713 753 μείναντες
749 691 795 742 δὲ
831 690 996 756 αὐγὴν,
1025 692 1072 741 ἐν
1104 690 1249 759 ἀωριά
1279 688 1667 755 περιεπάτησαν.”

90 771 317 838 γεγόνασι
351 773 445 840 γὰρ
475 776 630 841 ἐχθροὶ
663 780 744 824 τοῦ
778 774 901 824 θείου
940 773 1109 842 φωτὸς,
1143 775 1217 823 καὶ
1256 770 1670 840 κατεξανέστησαν

92 855 293 910 ἀνοσίως
318 859 399 919 τῆς
428 857 565 925 δόξης
592 859 822 922 Χριστοῦ.
1689 853 1715 892 d

93 1115 143 1156 Τί
169 1116 376 1173 λοΓίζεσθε
401 1115 465 1157 ἐπὶ
492 1116 564 1158 τὸν
594 1115 769 1171 Κύριον;
808 1115 1050 1157 συντέλειαν
1079 1114 1207 1155 αὐτὸς
1234 1113 1472 1163 Ποιύσεται,
1501 1114 1567 1152 καὶ
1594 1112 1667 1152 οὐκ
1692 1125 1712 1159 9

28 1210 74 1235 10
160 1198 371 1240 ἐκδικήσει
398 1199 459 1240 δὶς
485 1199 553 1240 ἐπὶ
580 1199 628 1240 τὸ
655 1199 757 1239 αὐτὸ
784 1198 828 1239 ὲν
857 1197 1012 1248 emula.

157 1329 323 1398 ’Έφην
348 1331 436 1395 ἤδη
471 1332 546 1380 καὶ
580 1331 628 1380 ἐν
664 1331 841 1396 ἀρχαῖς,
870 1328 939 1379 ὅτι
966 1334 1049 1379 τοῦ
1077 1326 1408 1393 Σαλμανασάρ
1433 1326 1672 1388 βασιλέως

91 1411 368 1479 Ἀσσυρίων
391 1412 476 1477 τὴν
504 1412 767 1478 Σαμαρειάν
792 1409 1157 1476 πεπορθηκότος,
1183 1409 1672 1476 συγκαταδῃώσαντος

94 1494 142 1545 δὲ
167 1496 283 1563 αὐτῇ
308 1499 383 1546 καὶ
406 1494 561 1561 ἑτέρας
580 1493 741 1547 πόλεις
767 1516 815 1544 τε
842 1495 917 1543 καὶ
942 1494 1101 1556 κώμας
1128 1498 1222 1546 τοῖς
1241 1491 1395 1542 Ἰούδα
1415 1489 1673 1558 σκήπτροις

96 1578 409 1641 ὑποκειμένας,
449 1575 546 1628 εἶτα
579 1581 673 1627 τῶν
709 1578 758 1627 ἐκ
797 1581 880 1626 τοῦ
917 1576 1128 1639 πολέμου
1165 1574 1589 1640 περιλελειμμένων
1626 1574 1673 1623 ἐν

27 1678 73 1717 ῐ5
95 1658 347 1730 ἀφορήτοις
391 1659 538 1711 ὅντων
583 1661 770 1723 δείμασι
820 1660 895 1709 καὶ
936 1663 998 1713 εἷς
1043 1658 1126 1712 τὰς
1169 1662 1263 1708 τῶν
1306 1656 1490 1723 ὁμόρων
1527 1658 1672 1707 ἐθνῶν

92 1742 453 1810 ἀναφευγόντων
487 1742 656 1810 χώρας·
698 1739 846 1810 ᾤοντο
878 1739 970 1808 γὰρ
1008 1741 1127 1792 κατὰ
1166 1739 1218 1791 τὸ
1256 1739 1387 1803 εἰκὸς,
1419 1744 1514 1793 τοῖς
1552 1739 1711 1793 ἰ’σοιςο

92 1829 249 1879 κακοῖς
279 1829 636 1891 περιπεσεῖσθαι
672 1826 746 1875 καὶ
782 1823 994 1890 δεύτερον
1014 1822 1084 1874 ἐπ’
1113 1823 1277 1875 αὐτοὺς
1311 1826 1405 1872 τῶν
1432 1825 1669 1882 Βαβυλω-

92 1906 201 1958 νίων
245 1907 646 1958 ὑπονοστούντων·
688 1906 946 1972 ἀναγκαίαν
985 1907 1181 1957 ἐποιεῖτο
1227 1904 1347 1958 Θεὸς
1388 1902 1473 1969 τὴν
1513 1903 1667 1969 παρά-

92 1998 267 2055 κλησιν
301 1991 377 2042 διὰ
415 1994 496 2055 τῆς
537 1997 620 2042 τοῦ
654 1991 915 2060 Προφήτου
954 1993 1127 2058 φωνῆς,
1161 1988 1243 2040 δύο
1282 1995 1429 2040 ταῦτα
1468 1993 1666 2039 καθυπι-

25 2100 74 2125 20
93 2073 395 2140 σχνούμενος,
434 2073 505 2124 ὅτι
548 2076 623 2124 καὶ
667 2073 773 2128 τοὺς
811 2074 919 2138 ἤδη
941 2073 1334 2136 κατειλημμένους
1371 2075 1437 2141 τῷ
1477 2070 1670 2140 πολέμῳ

92 2157 168 2206 καὶ
194 2157 242 2206 ἐν
266 2154 519 2224 ἀφορήτοις
552 2155 687 2210 ὄντας
722 2160 989 2224 συμφοραῖς
1014 2155 1197 2218 ἐλεήσει
1229 2152 1348 2204 κατὰ
1373 2152 1569 2217 καιροὺς,
1596 2154 1671 2203 καὶ

91 2242 185 2288 τῶν
207 2240 289 2302 τῆς
316 2237 644 2304 αἰχμαλωσίας
667 2237 936 2306 ἀπαλλάξει
963 2240 1166 2299 δεσμῶν,
1193 2237 1268 2286 καὶ
1299 2234 1368 2286 ὅτι
1399 2234 1670 2301 παραδώσει

92 2319 178 2384 τὴν
204 2319 365 2371 Νινευῒ
389 2319 506 2386 πρὸς
532 2319 769 2385 ἐρήμωσιν
793 2322 869 2371 καὶ
894 2319 1146 2370 ἀπώλειαν.

157 2400 263 2452 Ἵνα
295 2402 449 2453 τοίνυν
484 2400 548 2465 μὴ
582 2403 657 2452 καὶ
695 2402 825 2455 αὖθις
857 2406 953 2454 τοῖς
986 2400 1106 2454 ’ίσοις
1132 2403 1489 2465 περιπεσεῖσθαι
1514 2403 1669 2452 κακοῖς
1687 2426 1707 2448 a
1733 2416 1820 2450 486
1838 2415 1888 2449 A.

144 2582 173 2605 Ι.
199 2569 413 2615 ἀκολουθεῖν]
433 2570 662 2613 ἀκολουθῆσαι
681 2568 772 2603 Edd.
928 2580 963 2614 3.
988 2567 1050 2614 μὴ]
1075 2572 1112 2608 -1-
1133 2567 1151 2610 ἡ
1172 2567 1214 2601 Β.
1356 2579 1389 2608 4.
1414 2565 1561 2601 ἀπειθεῖς
1575 2566 1616 2600 Β.
1623 2566 1668 2600 D.

93 2617 233 2653 ἀπαθεῖς
251 2617 343 2652 Edd.
391 2632 442 2651 τοι
459 2629 529 2651 om.
550 2617 596 2651 D.
895 2615 927 2650 6.
953 2616 1121 2658 μείναντες
1139 2615 1174 2648 δέ
1194 2614 1236 2647 Β.
1255 2612 1346 2647 Edd.
1367 2612 1418 2646 καὶ
1435 2613 1603 2656 μείναντες
1621 2613 1668 2647 D.

95 2665 130 2698 ἐν
147 2676 215 2698 om.
236 2664 282 2697 D.
571 2664 604 2698 8.
630 2664 780 2708 Χριστοῦ
799 2662 845 2696 D.
863 2663 964 2696 αὐτοῦ
983 2662 1074 2697 Edd.
1358 2671 1390 2703 9.
1415 2658 1530 2704 αὐτὸς]
1550 2660 1670 2696 αὐτοὺς

95 2710 184 2756 (sic)
203 2710 295 2746 Edd.
343 2711 396 2745 καὶ
413 2718 634 2755 assumptum
651 2722 691 2744 ex
712 2709 753 2743 Β.
773 2708 835 2753 (22
855 2709 919 2753 al.)
1119 2719 1171 2741 12.
1197 2706 1339 2749 πεπορθ.
1356 2708 1415 2749 τὴν
1432 2711 1513 2749 Σαμ.
1531 2707 1669 2741 inverso

95 2757 216 2791 ordine
234 2757 281 2791 D.
437 2768 490 2802 13.
516 2758 598 2801 αὐτῇ
616 2762 694 2801 post
711 2755 826 2800 ἑτέρας
841 2762 973 2800 transp.
994 2755 1041 2789 D.
1089 2769 1125 2788 τε
1143 2759 1364 2797 assumptum
1381 2764 1423 2786 ex
1442 2753 1483 2786 Β.
1489 2753 1535 2786 D.
1583 2753 1667 2788 Ἰου-

95 2804 196 2838 δαίων
215 2803 260 2839 D.
490 2813 543 2849 17.
571 2818 622 2837 και
639 2815 709 2837 om.
730 2803 776 2836 D.
840 2802 1002 2836 ὖπονοστ.
1021 2801 1071 2836 επ’
1089 2801 1201 2835 αυτοῖς
1217 2804 1282 2834 τῶν
1300 2801 1383 2839 Βαβ.
1401 2811 1464 2844 pro
1481 2799 1530 2834 επ’
1549 2801 1668 2836 αὐτοὺς

93 2887 160 2917 τῶν
178 2885 261 2921 ΒαΒ.
280 2884 375 2918 ὖπον.
394 2884 442 2919 D.
673 2884 726 2918 18.
753 2883 895 2917 ἐποιεῖτο
915 2880 1014 2926 Θεὸς]
1035 2881 1178 2915 ἐποιεῖτο
1197 2882 1281 2914 Θεὸς
1300 2879 1346 2914 D.
1397 2880 1557 2914 Statim’
1542 2879 1591 2914 επ’
1610 2881 1668 2914 αὐ-

93 2930 170 2966 τοὺς
187 2930 266 2964 add.
289 2931 334 2964 D.
730 2941 784 2963 20.
811 2931 857 2976 τῷ
874 2928 1012 2973 πολέμῳ
1031 2927 1309 2972 κατειλημμένους
1326 2927 1463 2962 inverso
1480 2927 1601 2962 Ordine
1621 2927 1666 2961 D.

95 2987 150 3019 24.
174 2976 267 3013 αὖθις
286 2977 328 3011 Β.
347 2977 392 3012 εἷς
409 2976 504 3013 αὖθις
522 2977 568 3011 D.
585 2977 697 3013 αὐτοῖς
715 2976 806 3010 Edd.

854 3045 879 3071 D
904 3045 926 3072 2
