2007 3387
345 185 429 225 266
736 183 787 223 Β.
826 180 1107 222 CYRILLI
1147 178 1530 220 ALEXANDR.
1753 174 1796 214 ii.
1820 171 1917 214 6—8.

346 295 515 345 εὐκλεᾶ
538 315 586 343 τε
614 294 687 342 καὶ
715 291 924 354 ἀοίδιμον
949 289 1301 358 ἀποφαίνοντες,
1329 290 1403 339 καὶ
1437 285 1769 355 δεδοξασμένοι
1793 281 1923 348 παρὰ

346 379 576 441 Χριστοῦ.
654 372 954 437 μεμαθήκασι
1003 370 1097 437 γὰρ
1144 368 1501 436 προσεύχεσθαί
1544 390 1595 418 τε
1646 370 1720 417 καὶ
1769 366 1925 431 λέγειν

348 465 375 487 “
404 458 497 507 Καὶ
522 456 655 506 ἔσται
681 455 709 519 ἡ
737 455 1013 520 λαμπρότης
1044 453 1219 519 Κυρίου
1249 457 1331 502 τοῦ
1357 455 1481 502 Θεοῦ
1511 450 1641 514 ἡμῶν
1666 447 1737 516 ἐφ’
1764 445 1924 511 ἡμᾶς,”

349 541 423 590 καὶ
448 537 594 590 πάλιν
621 545 648 567 “
669 536 992 602 Εὑλογημένοι
1022 536 1148 599 ἡμεῖς
1181 539 1247 603 τῷ
1275 535 1448 601 Κυρίῳ,
1474 536 1541 601 τῷ
1569 530 1821 596 ποιήσαντι
1844 527 1928 580 τὸν

1006 617 1016 633 5

349 627 377 650 “
400 619 597 686 οὐρανὸν
635 621 709 670 καὶ
753 618 839 683 τὴν
880 618 1000 684 γῆν.’

425 702 437 716 Χ
535 705 544 718 9
630 701 643 719 Χ
805 705 824 713 Α
929 702 938 716 5
1084 701 1094 717 Ι
1217 701 1229 714 c
1410 698 1421 715 Ι
1566 696 1577 711 Ι
1708 699 1716 712 ²
1802 693 1814 709 Χ
1911 692 1924 711 Χ

310 707 484 765 ρΘεος,
518 710 650 753 αλλα
686 725 852 766 νοητης
895 723 1166 764 ευκοσμιας,
1207 702 1483 768 υπεμφαινει
1517 707 1670 762 λεγων
1724 707 1838 763 Εμον
1880 719 1928 744 το

348 786 541 855 ἀργύριον
570 791 646 837 καὶ
675 783 771 850 ἐμόν
796 787 841 836 τὶ)
870 786 1039 853 χρυσίον
1065 782 1187 849 λέγει
1216 780 1362 850 Κύριος
1389 783 1714 850 παντοκράτωρ.
1769 776 1929 840 ὅμοιον

346 869 440 935 γὰρ
479 871 541 922 ὡς
575 872 611 918 εἰ
647 866 777 933 λε’γοι
817 866 903 931 Μὴ
944 867 1090 916 ἀκλεᾶ
1129 863 1330 930 νομίζετε
1368 862 1451 914 τὸν
1490 861 1614 924 ναὸν,
1641 860 1710 911 ὅτι
1745 862 1928 927 χρυσοῦ

349 954 425 1002 καὶ
469 950 675 1017 ἀργύρου
718 953 793 1000 καὶ
835 951 918 1013 τῆς
961 949 1011 998 ἐκ
1055 946 1267 999 πλούτου
1317 943 1648 1011 λαμπρότητος
1686 940 1930 1007 ἀμοιρήσει

348 1033 507 1101 τυχόν.
572 1034 624 1083 οὐ
651 1032 864 1095 δεδεήμαι
894 1035 988 1081 τῶν
1014 1028 1250 1080 τοιούτων·
1291 1026 1467 1089 πόθεν;
1509 1026 1606 1095 ἐμὶν
1639 1024 1732 1092 γὰρ
1763 1023 1809 1075 τὶ
1835 1026 1931 1074 πᾶν

351 1121 542 1185 ἀργύριον
583 1120 660 1167 καὶ
702 1113 799 1181 ἐμὶν
839 1112 886 1165 τό
920 1116 1087 1183 χρυσίον
1113 1111 1239 1177 λέγει
1274 1111 1422 1179 Κύριος
1448 1107 1770 1178 παντοκράτωρ·
1812 1104 1932 1172 ζητῶ

352 1199 399 1249 δὲ
433 1202 625 1262 μᾶλλον
663 1197 888 1263 γνησίους
918 1193 1269 1261 προσκυνητάς,
1301 1197 1359 1261 τῇ
1389 1191 1610 1243 τοιούτων
1636 1188 1934 1256 λαμπρότητι

351 1281 435 1332 τὸν
474 1280 585 1344 ἐμὸν
623 1278 984 1346 καταχρυσώσω
1025 1277 1152 1328 ναόν.
1220 1275 1383 1341 ὥσπερ
1422 1274 1529 1340 γὰρ,
1567 1273 1642 1324 ὅτε
1682 1277 1777 1323 τῶν
1815 1268 1934 1322 κατὰ

133 1375 218 1409 642
235 1373 283 1407 A·
316 1383 337 1407 a
355 1363 497 1428 νόμον
533 1367 711 1414 θυσιῶν
741 1362 906 1431 ἐξίστη
933 1360 1015 1411 τὸν
1039 1357 1257 1426 Ἰσραὴλ,
1283 1359 1492 1426 ἔφασκεν
1524 1355 1786 1422 ἀναγκαίως
1813 1361 1839 1383 “
1859 1353 1935 1403 Οὐ

132 1425 182 1457 11).
201 1424 282 1455 xlix.

133 1480 162 1510 9,
182 1479 229 1499 10.

356 1455 382 1477 ‘⁶
407 1447 598 1515 δέξομαι
627 1448 677 1496 ἐκ
709 1450 792 1496 τοῦ
828 1444 954 1495 οἴκου
989 1466 1080 1493 σου
1119 1441 1350 1509 μόσχους,
1382 1439 1484 1491 οὐδὲ
1517 1440 1567 1490 ἐκ
1591 1442 1685 1489 τῶν
1710 1435 1936 1500 ποιμνίων

355 1537 384 1559 “
408 1552 500 1580 σου
535 1527 773 1596 χιμάρους·
814 1526 902 1589 ε”μά
935 1525 1029 1592 γάρ
1066 1527 1168 1576 ἐστι
1204 1523 1360 1576 πάντα
1389 1521 1448 1573 τὰ
1487 1522 1624 1587 θηρία
1660 1525 1742 1571 τοῦ
1773 1521 1935 1584 ἀγροῦ,

356 1620 383 1642 “
410 1610 553 1676 κτήνη
580 1612 627 1661 ἐν
651 1614 746 1663 τοῖς
772 1608 917 1675 ὄρεσι,
946 1610 1021 1658 καὶ
1047 1607 1202 1667 βόες·”
1244 1607 1363 1656 οὕτω
1391 1603 1590 1655 κάνθάδε
1627 1601 1710 1653 τὸν
1738 1601 1795 1669 ἐξ
1822 1601 1937 1663 ὕλης

356 1694 538 1757 κόσμον
579 1691 958 1759 παραιτούμενος,
999 1690 1145 1757 ζητῶν
1187 1689 1233 1740 δὲ
1274 1693 1463 1752 μᾶλλον
1503 1685 1584 1737 τὸν
1624 1684 1803 1748 νοητὸν,
1840 1681 1938 1752 ἐμὶν

358 1779 480 1845 φησὶ
520 1777 565 1827 τὶ)
605 1775 797 1846 ἀργύριον
832 1779 908 1825 καὶ
945 1773 1043 1841 ἐμὶν
1082 1772 1127 1823 τὶ
1167 1776 1351 1841 χρυσισν,
1376 1770 1617 1821 τουτέστιν
1642 1766 1833 1834 Ἀπέχω
1863 1767 1939 1816 καὶ

356 1858 671 1925 πεπλήρωμαι
714 1859 789 1908 καὶ
840 1855 1053 1918 δεδεήμαι
1103 1858 1197 1904 τῶν
1245 1851 1466 1903 τοιούτων
1512 1849 1710 1904 οὐδενός·
1764 1849 1846 1900 ’ίτω
1891 1846 1939 1899 δὲ

358 1947 546 2005 μᾶλλον
588 1941 612 1991 ὁ
655 1940 818 1992 πίστιν
860 1938 980 2006 ἔχων
1019 1936 1176 2003 ὀρθὴν,
1213 1936 1237 1986 ὁ
1275 1940 1371 1988 τοῖς
1407 1935 1463 2003 ἐξ
1498 1936 1661 2000 ἀρετῆς
1699 1931 1941 1999 αὐχήμασι

361 2024 641 2091 διαπρέπων,
677 2024 701 2073 ὁ
738 2020 899 2089 ἀγάπῃ
929 2024 986 2088 τῇ
1025 2022 1088 2073 εἷς
1126 2017 1204 2082 ἐμὲ
1242 2015 1661 2082 κατηγλαϊσμένος,
1689 2016 1713 2065 ὁ
1742 2011 1941 2079 καθαρὸς

316 2121 343 2161 b
362 2107 447 2172 τὴν
487 2106 692 2173 καρδίαν,
734 2106 759 2155 ὁ
804 2101 991 2170 πτωχὸς
1033 2105 1099 2171 τῷ
1144 2100 1386 2163 πνεύματι,
1426 2100 1451 2149 ὁ
1491 2098 1830 2167 φιλοικτίρμων
1867 2097 1942 2146 καὶ

363 2188 553 2256 ἁγαθός.
623 2185 1024 2253 συναγηγερμένοι
1075 2182 1167 2250 γὰρ
1216 2184 1361 2235 οὕτως
1412 2185 1474 2234 εἷς
1524 2178 1606 2231 τὸν
1655 2176 1765 2243 ἐμὸν
1817 2175 1943 2240 ναὸν,

411 2423 444 2456 3.
471 2411 568 2445 ἔσται
587 2409 633 2443 D.
653 2408 697 2442 cf.
716 2408 771 2442 De
788 2406 898 2441 Ador.
916 2417 985 2451 320
1002 2417 1032 2440 c.
1051 2405 1141 2440 ἔστω
1160 2404 1203 2438 B.
1219 2403 1311 2438 Edd.
1330 2401 1375 2437 cf.
1394 2412 1500 2447 supra
1516 2400 1582 2435 602
1601 2399 1637 2434 b.
1793 2410 1827 2440 4.
1851 2397 1944 2442 ἡμεῖς

367 2459 461 2493 B.D.
480 2458 524 2492 cf.
543 2468 648 2501 supra
665 2466 728 2500 571
751 2467 780 2488 e.
800 2454 926 2498 Glaph.
947 2463 1013 2498 225
1031 2453 1066 2486 b.
1085 2453 1176 2495 ὑμεῖς
1194 2450 1286 2485 Edd.
1615 2446 1648 2480 6.
1673 2445 1875 2490 ὑπεμφαίνει
1895 2445 1943 2479 D.

366 2505 546 2551 ὑποφαίνει
564 2503 623 2537 iid.
683 2502 780 2536 Haec
796 2500 899 2545 Ἐμὸν
917 2501 980 2534 &c.
999 2511 1105 2544 supra
1121 2498 1262 2538 omissa,
1280 2496 1380 2542 ponit
1396 2507 1458 2541 pro
1478 2494 1543 2529 SS.
1562 2493 1688 2538 Script.
1706 2496 1806 2527 textu
1822 2491 1878 2526 hic
1897 2491 1944 2527 D.

368 2594 400 2631 7.
428 2585 525 2619 Haec
542 2583 636 2629 λέγει
654 2581 777 2627 Κύριος
793 2596 890 2616 παντ.
909 2585 1090 2624 assumpta
1108 2591 1149 2612 ex
1169 2577 1261 2612 B.D.
1434 2575 1467 2609 8.
1491 2546 1539 2608 λζ
1552 2574 1598 2608 D.
1647 2572 1795 2616 νομίζετε
1814 2571 1945 2606 B.D.b.

366 2633 525 2676 νομίσητε
563 2630 651 2664 Edd.
717 2627 807 2663 οἶκον
836 2639 899 2673 pro
933 2628 1011 2661 ναὸν
1038 2627 1085 2660 D.
1111 2626 1195 2660 λαὸν
1221 2623 1310 2669 (sic)
1336 2622 1371 2657 b.
1436 2623 1569 2667 χρυσοῦ
1595 2620 1649 2654 καὶ
1675 2618 1822 2664 ἀργύρου
1850 2618 1945 2652 B.D.

365 2679 511 2725 χρυσίου
529 2678 581 2712 καὶ
599 2677 762 2722 ἀργυρίου
779 2676 814 2710 b.
835 2674 929 2709 Edd.
1195 2683 1228 2717 9.
1253 2669 1304 2715 ἐκ]
1330 2676 1366 2708 -ξ-
1386 2671 1447 2703 τοῦ
1465 2668 1498 2702 b.
1765 2676 1817 2700 10.
1842 2665 1948 2700 πόθεν

366 2726 510 2760 accessit
527 2737 567 2758 ex
588 2724 630 2758 B.
650 2723 746 2757 deest
763 2723 799 2756 in
818 2722 902 2756 D.b.
1209 2728 1262 2752 11.
1292 2717 1371 2760 ἐμὸν
1386 2717 1424 2749 τὸ
1444 2715 1537 2749 B.D.
1553 2714 1592 2747 τὸ
1608 2714 1675 2747 πᾶν
1692 2711 1783 2746 Edd.
1849 2712 1948 2747 Haec

365 2773 459 2818 λέγει
478 2770 600 2815 Κύριος
618 2770 865 2814 Παντοκράτωρ
884 2772 1065 2812 assumpta
1082 2778 1124 2800 ex
1142 2765 1189 2800 D.
1207 2764 1333 2799 desunt
1350 2763 1385 2797 in
1403 2762 1438 2797 b.
1738 2770 1789 2793 12.
1815 2758 1873 2804 τῇ]
1894 2759 1948 2793 καὶ

367 2822 406 2863 τῇ
425 2820 459 2853 b.
512 2818 637 2852 statim
655 2816 781 2851 τούτων
800 2815 884 2850 D.b.
1195 2822 1248 2856 13.
1275 2810 1354 2854 ἐμὸν
1371 2809 1455 2843 D.b.
1475 2807 1618 2851 ἐμαυτοῦ
1636 2805 1729 2840 Edd.
1778 2805 1834 2840 ὅτε
1853 2805 1947 2840 B.D.

368 2866 447 2900 ὅταν
466 2865 558 2900 Edd.
821 2874 874 2905 14.
903 2861 1021 2904 ἐξίστη
1042 2860 1083 2894 Β.
1101 2859 1220 2903 ἐξίστα
1238 2858 1284 2891 D.
1303 2855 1424 2901 ἐξέστη
1443 2854 1534 2889 Edd.
1833 2853 1885 2887 18.
1910 2852 1947 2887 δὲ

368 2925 438 2947 om.
459 2912 505 2946 D.
571 2911 697 2945 Statim
714 2911 772 2944 τὸν
789 2924 817 2943 ν.
836 2910 971 2954 μᾶλλον
988 2908 1127 2943 inverso
1145 2905 1266 2941 Ordine
1285 2903 1331 2938 D.
1639 2911 1692 2945 19.
1719 2898 1836 2945 ἀπέχει
1855 2898 1947 2934 Edd.

372 2969 426 2992 20.
451 2957 511 2992 ἰ’τω
531 2958 623 2992 B.D.
642 2958 732 2991 ἕστω
750 2956 842 2990 Edd.
1246 2962 1299 2985 21.
1325 2951 1394 2985 τοῖς
1411 2948 1448 2993 ἐξ
1468 2948 1510 2983 B.
1527 2949 1596 2984 τοῖς
1614 2947 1694 2991 (Sic)
1714 2947 1759 2981 D.
1778 2947 1836 2990 τῆς
1854 2945 1947 2981 Edd.

372 3016 427 3046 24.
453 3005 532 3047 ἐμὸν
548 3010 770 3048 assumptum
789 3015 828 3037 ex
850 3002 941 3036 B.D.

1080 617 1150 668 ὅτι
1190 616 1238 668 δὲ
1276 617 1362 683 οὐχ
1401 617 1517 680 ὕλης
1556 614 1747 683 ἀψύχου
1785 616 1970 663 δεῖται5

1954 1042 2002 1067 10

1960 1865 2007 1890 20

1999 3170 2007 3387 ’τηεν-.-.μη
2004 3086 2007 3126 ,Μ
2006 3040 2007 3044 Α
