1997 3361
112 155 166 196 iii.
191 160 228 197 6.
558 165 631 205 IN
674 168 954 208 ARACUC.
1017 170 1166 210 ῚὈΜ.
1207 170 1262 209 11.
1606 173 1684 212 137

185 273 277 322 Καὶ
315 271 377 325 εἷς
416 272 500 335 μὲν
539 275 673 329 οὗτος
710 280 803 326 τῶν
844 280 1155 343 προκειμένων
1194 281 1218 329 ὁ
1265 284 1386 341 νοῦς,
1428 277 1684 345 εἷσδέξεται

107 351 166 401 δέ
204 376 271 406 τις
321 356 395 405 καὶ
445 355 599 421 ἕτερον
647 359 714 409 ἐπ’
756 360 909 413 αὐτοῖς
953 361 1070 411 κατὰ
1120 360 1295 412 τοιόνδε
1339 360 1442 411 τινὰ
1491 363 1681 427 τρόπον.

97 432 237 493 ''Eo-w
283 439 405 502 φησὶ
454 444 531 490 καὶ
579 440 787 501 ἐσαλεύθη
828 446 849 502 η
887 442 958 508 γῆ.
1038 444 1119 494 δύο
1165 443 1220 507 δὴ
1265 449 1409 494 ταῦτα
1453 443 1683 494 πέπονθεν

105 518 126 574 ἦ
165 540 237 581 Ύη,
279 518 378 578 ἔστη
421 543 471 570 τε
510 520 603 587 γὰρ
647 528 723 573 καὶ
770 525 1055 577 σεσάλευται.
1121 529 1195 576 καὶ
1233 528 1301 580 τίς
1339 525 1395 576 ἂν
1432 526 1498 590 εἴη
1537 527 1682 577 πάλιν

61 614 83 651 5
105 598 130 647 ὁ
171 598 240 649 ἐπ’
284 603 461 669 ἀμφοῖν
512 604 670 669 λόγος,
713 609 985 672 διατρανοῦν
1029 609 1297 673 ἀναγκαῖον.
1366 609 1463 669 ἔστη
1507 608 1676 659 τοίνυν·
1708 652 1719 659 .

103 680 343 741 μεθύουσα
382 683 474 750 γὰρ
517 684 679 752 ὥσπερ
725 691 798 738 καὶ
841 691 1174 754 κατασειομένη
1215 692 1383 759 ῥᾳδίως
1426 690 1543 756 πρὸς
1585 695 1680 741 πᾶν

103 763 256 814 ὁτιοῦν
285 769 379 816 τῶν
412 766 636 827 ἐκτόπων,
665 772 738 819 καὶ
772 769 868 821 οἷον
892 775 1032 822 παντὶ
1069 774 1295 835 πνεύματι
1325 774 1678 839 περιφερομένη,

101 847 300 904 βεβαίαν
344 849 435 915 ε”χει
478 849 645 901 λοιπὸν
688 854 764 902 καὶ
807 853 1134 918 ἐρηρεισμένην
1178 855 1263 918 τὴν
1305 855 1496 918 στάσιν,
1539 857 1677 918 ἐμπε-

102 929 290 982 δοῦντος
321 930 463 995 αὐτὴν
497 938 579 983 τοῦ
613 937 840 999 Χριστοῦ,
868 937 963 985 κατ’
993 936 1135 987 ἐκεῖνό
1170 960 1261 987 που
1299 938 1484 990 πάντως
1515 937 1568 988 τὸ
1603 938 1678 988 διὰ

17 1013 81 1061 Διο
102 1013 260 1074 φωνῆς
277 1012 483 1064 ρΗσαίου
507 1013 623 1081 πρὸς
648 1015 733 1079 τὴν
758 1021 851 1067 τῶν
870 1018 1106 1069 Ἰουδαίων
1134 1019 1422 1085 Συναγωγὴν
1442 1020 1677 1086 εἰρημένον

101 1096 334 1157 (ΕΣτῆσον
371 1094 574 1160 σεαυτὴν
614 1097 781 1149 Σιών.”
849 1099 1129 1152 σεσάλευται
1171 1102 1217 1152 δὲ
1256 1101 1421 1164 πάλιν,
1467 1102 1676 1168 καθάπερ

99 1173 186 1238 ἤδη
221 1181 457 1242 προεῖπον,
489 1182 569 1242 τῆς
609 1181 804 1247 ἀρχαίας
842 1181 1023 1246 ἀπάτης
1057 1183 1436 1250 ἀποχωρήσασα,
1478 1186 1552 1235 καὶ
1591 1184 1676 1249 τὴν

1741 794 1826 835 Eph.
1845 796 1886 824 iv.

1745 850 1790 877 ¹4·

1738 1122 1833 1153 Hier.

1736 1177 1801 1196 xxx
1808 1167 1871 1197 viii.

1737 1220 1753 1240 ‘z
1762 1219 1772 1239 1
1781 1235 1787 1241 .

98 1260 160 1309 εἰς
188 1262 283 1308 πᾶν
314 1259 467 1310 ὁτιοῦν
496 1265 590 1311 τῶν
621 1263 915 1327 ἀρεσκόντων
944 1269 1010 1333 τῷ
1033 1268 1141 1334 Θεῷ
1178 1270 1365 1327 τιμῶσα
1403 1266 1667 1330 μετάθεσιν.
1692 1298 1714 1321 a
1734 1289 1823 1324 560
1845 1288 1895 1324 A.

96 1339 366 1408 παράδοξον
402 1342 482 1393 οῦν
523 1344 726 1407 ἀληθῶς,
768 1344 821 1395 τὸ
860 1348 965 1396 καθ’
1003 1347 1081 1398 ἕνα
1119 1346 1278 1413 καιρὸν
1319 1348 1479 1408 στ’ἦναί
1512 1372 1559 1400 τε
1600 1351 1674 1399 καὶ

31 1444 76 1482 15
97 1421 361 1482 σαλευθῆναι
402 1424 486 1487 τὴν
530 1425 622 1491 γῆν.
690 1426 902 1493 Χριστὸς
946 1429 1038 1494 γάρ
1078 1431 1206 1480 ἐστιν
1248 1432 1272 1480 ὁ
1315 1433 1389 1481 καὶ
1429 1431 1673 1496 ἱδρυμένην

96 1502 238 1566 αὐτὴν
263 1506 508 1558 ἀποτελῶν
541 1511 603 1561 εἰς
630 1513 726 1560 πᾶν
760 1510 897 1576 ἔργον
931 1511 1125 1577 ἀγαθὸν,
1154 1514 1228 1562 καὶ
1260 1517 1459 1575 μελετᾶν
1485 1514 1672 1564 ἀναπεί-

95 1588 190 1635 θων
215 1587 297 1637 τὸν
319 1589 368 1640 ἐκ
392 1594 486 1640 τῶν
511 1591 732 1657 χειρόνων
756 1594 829 1644 ἐπὶ
857 1592 915 1643 τὰ
941 1595 1110 1657 ἀμείνω
1137 1593 1328 1646 κλόνον.

300 1852 543 1905 Ἐπέβλεψε
571 1857 639 1897 καὶ
664 1857 795 1898 ἐτάκΗ
822 1858 938 1899 ἔθνΗ·
976 1858 1173 1915 ὃιεθρύβΗ
1200 1859 1249 1900 τὰ
1277 1860 1357 1916 &pn
1385 1860 1463 1918 βίᾳ.

181 1981 251 2032 Τὸ
302 1980 567 2054 ἐπιβλέψαι
605 1985 742 2050 Θεὸν,
788 1991 928 2051 δηλοῖ
971 1988 1057 2053 μὲν
1107 1990 1213 2041 ἔσθ’
1267 1990 1342 2041 ὅτε
1393 1991 1478 2055 τὴν
1519 1994 1581 2046 ὡς
1620 1995 1667 2043 ἐν

24 2089 73 2114 20
91 2064 318 2129 πραότητι
357 2069 431 2116 καὶ
466 2067 625 2135 ἀγάπῃ
660 2070 969 2140 κατάσκεψιν,
1002 2070 1116 2123 ποτὲ
1155 2071 1202 2122 δὲ
1240 2072 1325 2136 τὴν
1362 2074 1410 2124 ἐν
1448 2078 1579 2142 θυμῷ
1616 2098 1665 2126 τε
1683 2088 1709 2128 b

91 2148 165 2196 καὶ
203 2149 390 2216 ἀπειλῇ.
457 2156 484 2178 “
507 2152 600 2200 Καὶ
639 2157 754 2216 γοῦν
791 2153 864 2203 ἐπὶ
904 2153 1020 2215 τίνα,
1063 2156 1228 2221 φησὶν,
1265 2156 1515 2222 ἐπιβλέψω
1553 2158 1662 2206 ἀλλ’

92 2227 172 2292 (ίῆ
218 2231 290 2280 ἐπὶ
341 2229 423 2281 τὸν
471 2236 621 2297 πρᾶον
671 2235 746 2284 καὶ
794 2234 993 2302 ἡσύχιον
1036 2237 1111 2286 καὶ
1156 2235 1385 2302 τρέμοντά
1426 2260 1516 2300 μου
1557 2236 1664 2292 τοὺς

91 2319 118 2341 “
145 2312 317 2378 λόγους
338 2315 380 2376 ;”
419 2316 625 2382 ἐλιπάρει
659 2316 712 2367 δέ
741 2340 832 2369 που
869 2322 943 2369 καὶ
982 2321 1006 2370 ὁ
1046 2320 1298 2374 θεσπέσιος
1331 2323 1505 2372 Δαυεὶδ
1543 2323 1662 2373 οὕτω

91 2394 244 2460 λέγων
283 2403 311 2424 “
335 2397 637 2466 Ἐπίβλεψον
675 2397 744 2450 ἐπ’
787 2399 864 2462 ἐμὲ
907 2402 982 2451 καὶ
1017 2400 1214 2465 ἐλέησόν
1257 2401 1356 2464 με·”
1404 2402 1478 2452 διὰ
1520 2402 1573 2452 δέ
1606 2426 1659 2468 γε

135 2604 168 2638 3.
193 2594 283 2639 φησὶ
301 2600 519 2639 assumptum
538 2607 579 2629 ex
599 2595 644 2629 D.
693 2596 733 2639 δὴ
751 2607 821 2630 om.
844 2595 883 2630 B.
1106 2611 1138 2639 4.
1167 2597 1333 2641 ἐσαλεύθη
1354 2598 1399 2632 D.
1420 2598 1479 2642 (θη
1498 2610 1558 2642 per
1576 2604 1659 2633 cast.

88 2650 129 2673 ex
146 2640 233 2685 ται.)
480 2653 532 2676 10.
559 2642 729 2685 εἰρημένον
745 2648 966 2687 assumptum
984 2655 1024 2676 ex
1045 2643 1086 2678 B.
1338 2655 1390 2678 11.
1416 2647 1499 2678 Σιών
1516 2646 1659 2679 accessit

88 2697 129 2720 ex
149 2686 242 2721 B.D.
306 2687 453 2732 καθάπερ
470 2689 530 2732 ἤδη
548 2691 710 2733 προεῖπον
726 2701 795 2723 om.
816 2689 858 2723 B.
1233 2702 1287 2726 12.
1311 2691 1592 2736 παραχωρήσασιι
1611 2692 1657 2726 D.

93 2743 146 2777 13.
171 2736 217 2781 τῷ
235 2746 304 2768 om.
324 2735 404 2769 D.a.
466 2737 676 2779 μετάστασιν
694 2736 774 2770 D.a.
1072 2746 1124 2781 15.
1151 2737 1245 2771 ἐστιν
1261 2747 1481 2782 assumptum
1499 2750 1540 2771 ex
1559 2738 1600 2772 B.
1620 2738 1659 2781 ἧν

89 2790 152 2823 pro
169 2780 262 2815 ἐστιν
280 2781 360 2815 D.a.
861 2791 913 2827 17.
939 2782 1059 2826 ἀμείνω
1081 2783 1153 2817 Ra.
1171 2783 1325 2826 ἀμείνονα
1343 2784 1435 2818 Edd.
1453 2785 1590 2828 κρείττω
1610 2786 1656 2820 D.

94 2826 146 2859 18.
165 2827 261 2871 ἐτάκη
281 2828 374 2862 B.D.
389 2828 461 2871 (22.
476 2829 536 2872 al.)
554 2829 684 2872 διετάκη
704 2829 795 2863 Edd.
836 2830 889 2863 καὶ
906 2837 983 2863 ante
1001 2829 1083 2863 διεθ.
1102 2830 1200 2864 addit
1217 2831 1263 2864 D.
1284 2831 1397 2874 (Alex.
1416 2842 1524 2865 manu
1540 2833 1656 2872 altera,

90 2871 175 2906 XII.
196 2883 272 2918 153,
291 2876 386 2920 233.)
434 2875 582 2919 διετρίβη
602 2876 638 2909 F.
659 2876 750 2910 Edd.
1144 2888 1195 2921 19.
1221 2878 1265 2912 ὡς
1282 2884 1502 2921 assumptum
1520 2890 1560 2911 ex
1582 2879 1656 2913 Ra.

90 2917 185 2952 deest
201 2920 234 2953 in
255 2921 301 2954 D.
534 2933 588 2956 20.
615 2923 673 2965 τὴν
690 2928 908 2966 assumptum
927 2934 967 2956 ex
987 2922 1111 2957 B.D.a.
1338 2935 1391 2957 22.
1418 2924 1547 2968 ἥσυχον
1566 2926 1654 2959 Edd.

92 2975 145 3008 23.
170 2980 235 2999 που
252 2978 321 3001 om.
342 2967 382 3001 Β.
572 2980 625 3010 24.
651 2984 690 3014 γε
707 2981 776 3003 om.
798 2970 842 3002 D.

150 3032 238 3060 VOL.
262 3034 308 3061 11.
852 3037 874 3062 Τ

1726 2172 1780 2202 Es.
1794 2172 1872 2204 lxvi.

1726 2226 1755 2247 2.

1722 2420 1882 2452 Pstxxv.

1725 2465 1777 2499 r6;

1722 2509 1829 2540 cxviii.

1725 2562 1792 2592 132.
