2060 3387
137 189 222 231 viii.
245 205 284 247 3.
514 194 587 234 IN
630 195 1048 235 ZACIIARIAM.
1110 194 1261 234 'PONL
1298 193 1382 232 111.
1644 194 1719 231 381

135 303 288 354 θέλειν
314 311 628 371 προσκεῖσθαι
664 311 737 356 καὶ
776 309 961 373 φειδοῦς
996 308 1070 356 καὶ
1103 305 1289 370 ἀγάπης
1323 304 1500 372 ἀξιοῦν.
1568 309 1718 353 τοιοῦ-

134 407 216 435 τον
242 386 289 436 δὲ
315 385 433 438 εἶναι’
453 396 609 454 φαμεν
635 391 709 438 καὶ
736 388 877 438 αὐτὸν
904 388 986 438 τὸν
1017 391 1099 451 τῆς
1134 389 1276 453 ὀργῆς
1301 386 1494 450 τρόπον.
1562 386 1727 435 οὐκοῦν

134 467 360 532 ἐτράπετο
382 468 467 531 μὲν
494 475 555 523 εἰς
581 471 949 537 ψευδολατρειάς
978 471 1002 519 ὁ
1019 469 1234 535 Ἰσραὴλ,
1263 470 1336 518 καὶ
1365 466 1726 532 ἐκπεπόρνευκεν
1744 494 1764 516 a
1801 486 1875 519 715
1899 484 1948 516 A.

133 548 464 613 Ἰερουσαλήμ.
534 552 825 618 ἀπεφοίτησε
865 551 911 601 δὲ
948 552 1111 616 ὥσπερ
1145 553 1169 600 ὁ
1205 556 1298 601 τῶν
1332 550 1458 600 ὅλων
1484 548 1622 611 Θεὸς,
1652 552 1724 599 καὶ

93 644 114 682 5
134 634 229 683 τοῖς
261 630 317 698 ἐξ
348 633 660 700 ἀποστροφῆς
699 633 893 695 ὑπέθηκε
936 638 1104 685 κακοῖς.
1175 632 1328 694 ἐπειδὴ
1357 631 1403 681 δέ
1431 632 1725 696 κατοικτείρει

135 711 324 773 λοιπὸν,
354 713 407 762 τὸ
449 711 709 782 ἐπιστρέψω
743 717 885 782 φησὶ,
918 713 1178 775 τουτέστιν,
1209 712 1608 774 ἀποπεπαύσομαι
1644 716 1727 776 τῆς

135 793 293 858 ὀργῆς,
320 797 582 857 ἐπισκοπῆς
617 796 755 863 ἀξίαν
791 797 1039 861 ἀποφανῶ,
1068 798 1141 845 καὶ
1181 793 1306 845 οἶκον
1333 794 1443 856 ἐμὸν
1469 794 1726 858 ποιήσομαι

134 873 296 927 πάλιν.
360 875 521 942 ὥσπερ
561 875 623 939 δὲ,
651 878 1044 945 ἀποστραφέντος
1082 879 1236 939 αὐτοῦ,
1273 876 1327 926 τὸ
1372 878 1458 945 ἔρος
1497 875 1550 927 τὸ
1586 874 1727 941 οἵγιον,

136 956 379 1007 τουτέστιν
419 959 443 1008 ὁ
482 960 529 1008 ἐν
568 963 664 1012 τοῖς
690 958 1042 1024 Ἰεροσολύμοις
1083 957 1204 1020 ναὸς,
1233 959 1379 1008 οὐκέτι
1413 957 1588 1010 σεπτὸς
1615 957 1733 1008 εἶναι’

70 1059 117 1083 10
135 1060 204 1091 τις
242 1037 386 1089 ἐδόκει
428 1040 558 1104 παρά
598 1063 651 1105 γε
698 1045 793 1092 τοῖς
840 1042 1016 1106 ὁρῶσιν
1061 1040 1467 1106 ἐμπεπρησμένον·
1510 1042 1630 1090 οὕτω
1670 1040 1726 1104 δὴ
1750 1047 1772 1085 Ι»

135 1118 284 1170 πάλιν
323 1122 371 1171 ἐν
402 1123 525 1189 αὐτῷ
553 1127 780 1172 κατοικεῖν
812 1123 1036 1184 ἑλομένου
1064 1127 1217 1184 Θεοῦ,
1236 1124 1311 1172 καὶ
1338 1122 1648 1187 ἐγηγερμένον
1672 1121 1725 1173 τὸ

136 1202 206 1252 ἐπ’
235 1202 361 1272 αὐτῷ
390 1204 538 1254 πάλιν
573 1203 866 1268 ἀναβήσεται
901 1207 975 1255 καὶ
1010 1203 1386 1268 ἀνανεωθήσεται
1413 1206 1576 1266 σέβας,
1604 1209 1720 1264 ἀλη-

137 1281 216 1343 θινὴ
267 1283 315 1335 δὲ
368 1285 516 1336 πάλιν
566 1285 868 1354 Ἰερουσαλὴμ,
919 1286 1069 1336 οὐκέτι
1121 1285 1241 1336 καθὰ
1306 1288 1379 1335 καὶ
1430 1285 1581 1337 πάλαι
1631 1292 1726 1339 τοῖς

136 1366 457 1432 χειροτμήτοις
502 1371 621 1419 θεοῖς
667 1369 741 1417 καὶ
780 1371 875 1421 τοῖς
913 1367 1237 1435 ψευδωνύμοις
1276 1366 1533 1430 Ξνδάλμασι
1572 1391 1725 1433 προσ-

72 1466 117 1503 15
138 1448 394 1514 κομίζουσα
420 1448 502 1501 τὰς
531 1450 765 1512 λατρείας·
813 1449 943 1499 ἀλλὰ
981 1447 1063 1499 τὸν
1098 1449 1177 1500 ἕνα
1213 1451 1287 1499 καὶ
1328 1449 1469 1517 φύσει
1501 1453 1574 1500 καὶ
1608 1452 1726 1514 ἁλη-

137 1528 265 1580 θινὸν
291 1529 615 1596 θεραπεύουσα
643 1530 765 1581 Θεὸν
791 1536 891 1584 ταῖς
918 1531 1184 1593 ἐπιεικείαις,
1208 1530 1282 1581 διὰ
1307 1537 1388 1581 τοῦ
1414 1531 1497 1597 ζῆν
1525 1532 1726 1596 ἐννόμως

137 1611 331 1662 ἑλέσθαι
357 1612 539 1675 λοιπὸν,
568 1617 641 1663 καὶ
669 1617 768 1666 ταῖς
796 1617 857 1667 εἱς
882 1617 977 1664 πᾶν
1002 1614 1156 1664 ὁτιοῦν
1184 1613 1467 1667 εὐπειθειάις.

213 1695 455 1760 Περιθείης
490 1696 534 1744 δ’
564 1692 621 1744 ἂν
655 1693 839 1747 εἰκότως
873 1694 956 1748 τὰς
995 1695 1184 1746 τοιάσδε
1225 1694 1385 1762 φωνὰς
1424 1700 1490 1764 τῷ
1523 1697 1576 1746 δι’
1606 1697 1725 1759 ἡμᾶς

137 1776 245 1825 καθ’
286 1775 406 1839 ἡμᾶς
442 1771 653 1842 γεγονότι
689 1774 848 1845 Λόγῳ,
882 1775 932 1830 ὃς
971 1775 1195 1843 ὑπάρχων
1234 1779 1282 1826 ἐν
1319 1782 1482 1845 μορφῇ
1524 1783 1605 1828 τοῦ
1639 1801 1717 1843 γε·
1743 1796 1763 1821 0

72 1881 120 1905 20
138 1856 415 1921 γεννηκότος
455 1859 529 1908 καὶ
569 1859 616 1908 ἐν
656 1857 841 1919 ἰσότητι
879 1861 936 1925 τῇ
977 1857 1095 1908 κατὰ
1136 1863 1245 1915 πᾶν,
1282 1859 1491 1909 ἧςἑαυτὸν
1529 1859 1723 1909 ἐκένωσε
1787 1852 1922 1934 {lumb

139 1944 166 1966 <a
337 1939 348 1953 *
481 1939 491 1953 ¹
728 1937 739 1955 ⁸
788 1940 811 1953 ⁵·
892 1941 905 1957 x
982 1940 995 1957 ν
1163 1941 1185 1957 ³1
1497 1943 1509 1958 x
1593 1943 1601 1956 ³
1688 1940 1700 1956 ι
1791 1947 1804 1967 2
1825 1939 1898 1969 Cor.

191 1944 383 2006 μορφην
410 1942 581 1989 δουλου
608 1944 785 2000 λαβων,
833 1962 906 1989 και
934 1962 1124 2004 γεγονεν
1151 1944 1411 2004 ανθρωπος,
1438 1964 1510 1991 και
1532 1948 1558 1970 “
1579 1964 1725 1991 επτω-
1788 1982 1853 2012 viii.
1873 1991 1903 2022 9·

140 2026 168 2048 ‘⁶
193 2043 336 2087 χευσε
361 2020 414 2070 δι’
438 2020 571 2083 ἡμᾶς,
598 2020 672 2070 ἵνα
698 2020 828 2083 ἡμεῖς
854 2025 911 2086 τῇ
938 2022 1080 2071 αὐτοῦ
1103 2022 1310 2090 πτωχείᾳ
1336 2021 1724 2087 πλουτήσωμεν.”

141 2103 308 2153 οὐκοῦν
347 2103 372 2152 ὁ
416 2101 568 2152 πάλαι
609 2101 686 2151 διά
728 2124 776 2151 τε
822 2100 907 2164 τὴν
948 2104 996 2152 ἐν
1037 2101 1195 2164 Ἀδὰμ
1237 2103 1527 2167 παράβασιν,
1564 2107 1638 2155 καὶ
1674 2105 1727 2155 τὸ

140 2185 379 2249 ἐγκεῖσθαι
418 2183 466 2234 δὲ
504 2182 589 2247 τὴν
624 2182 877 2233 ἐςδιάνοιαν
917 2189 1000 2233 τοῦ
1045 2184 1296 2250 ἀνθρώπου
1337 2187 1409 2236 ἐπὶ
1447 2185 1506 2236 τὰ
1545 2185 1728 2251 πονηρὰ
1789 2198 1870 2259 (ξεῖ)-

75 2272 169 2319 25“
194 2267 244 2316 ἐκ
283 2265 520 2328 νεότητος”
550 2265 736 2318 δικαίως
772 2266 1110 2333 ἀποστραφεὶς,
1149 2265 1414 2335 ἐπέστρεψε
1452 2267 1570 2333 πρὸς
1608 2268 1727 2331 ἡμᾶς
1788 2250 1923 2272 mnan.

143 2349 205 2401 ὡς
245 2348 301 2416 ἐξ
334 2347 544 2416 ἐμφύτου
581 2346 749 2397 λοιπὸν
781 2346 1081 2412 ἡμερότητος,
1119 2350 1194 2397 καὶ
1229 2346 1467 2417 κατῴκηκε
1499 2348 1584 2413 τὴν
1617 2350 1728 2400 Ἐκ-

143 2429 362 2492 κλησίαν,
406 2428 549 2480 πόλιν
589 2451 639 2479 τε
684 2430 758 2478 καὶ
804 2429 1072 2492 ἐνδιαίτημα
1114 2429 1290 2492 σεμνὸν
1328 2429 1583 2493 ἐποιήσατο
1621 2430 1729 2485 τοὺς

192 2629 224 2653 2.
249 2619 306 2653 τὸν
324 2618 420 2652 deest
438 2619 473 2652 in
492 2619 583 2653 Edd.
807 2634 838 2661 4.
865 2619 883 2662 ἡ
902 2618 977 2662 Ἰερ.
998 2618 1089 2653 Edd.
1108 2619 1217 2653 invito
1236 2619 1276 2653 C.
1531 2632 1563 2666 9.
1591 2622 1667 2657 ναὸς
1686 2622 1727 2656 C.

144 2665 225 2701 νεὼς
242 2665 335 2699 Edd.
384 2663 468 2699 εἶναι’
484 2680 533 2701 τις
550 2665 616 2700 hoc
635 2665 710 2700 ord.
728 2666 769 2700 C.
1056 2677 1106 2699 11.
1135 2666 1170 2699 ἐν
1186 2666 1375 2712 αὐτῷ-καὶ
1393 2667 1616 2711 ἐγηγερμένον
1636 2667 1728 2702 (3.1).

144 2711 194 2756 ἐγ.
213 2712 399 2745 καὶ-Θεοῦ
419 2712 510 2746 Edd.
853 2723 905 2746 12.
931 2710 982 2746 ἐπ’
1002 2712 1047 2745 D.
1069 2711 1160 2745 Edd.
1181 2712 1214 2746 ἐν
1234 2712 1274 2746 C.
1340 2712 1435 2746 Haec
1453 2713 1658 2756 ἀναβήσεται
1677 2714 1729 2748 καὶ

144 2764 364 2791 accesserunt
382 2770 422 2792 ex
443 2758 535 2793 C.D.
897 2769 949 2803 13.
975 2759 1078 2792 πάλιν
1097 2758 1189 2792 OD.
1208 2760 1307 2793 πόλις
1325 2759 1529 2802 κληθήσεται
1549 2760 1566 2802 ἡ
1588 2760 1678 2794 Edd.
1698 2768 1731 2794 et

146 2804 236 2846 (Sine
254 2804 288 2847 ἡ)
310 2804 350 2838 Β.
593 2817 644 2847 14.
671 2805 904 2851 χειροτμὴτοις
924 2805 1015 2838 C.D.
1034 2819 1186 2849 χειροκμ.
1207 2805 1298 2838 Edd.
1533 2806 1584 2840 16.
1611 2807 1729 2851 θερσπ.

147 2851 234 2883 Θεὸν
249 2850 316 2884 hoc
334 2850 455 2884 ordine
474 2850 514 2885 C.
722 2852 773 2886 18.
800 2851 948 2895 περιθείη
969 2851 1008 2885 C.
1250 2862 1304 2885 20.
1330 2854 1369 2894 τῇ
1388 2859 1609 2897 assumptum
1628 2865 1668 2886 ex
1689 2854 1730 2887 C.

148 2906 202 2929 22.
230 2898 269 2940 τῇ
290 2922 297 2930 .
319 2923 326 2930 .
345 2897 447 2931 αὐτοῦ
465 2909 586 2932 rasura
605 2897 675 2932 duo
692 2905 732 2932 ut
751 2898 820 2932 vid.
840 2899 904 2932 litt.
925 2898 965 2931 C.
985 2897 1117 2931 Eadem
1138 2909 1225 2942 quae
1246 2897 1349 2935 Edd.,
1371 2898 1415 2931 D.
1613 2911 1667 2942 24.
1695 2901 1730 2934 δέ

146 2949 367 2987 assumptum
386 2955 426 2977 ex
446 2943 486 2977 C.
1131 2954 1186 2988 27.
1214 2946 1338 2987 σεμνὸν
1357 2944 1397 2978 C.
1418 2944 1502 2979 Nik.
1520 2945 1556 2979 in
1575 2945 1632 2979 ΡΞ.
1656 2957 1731 2990 131.

147 2990 273 3022 σεπτὸν
294 2989 383 3022 Edd.
