2053 3382
332 165 417 204 520
729 166 777 204 B.
818 164 1094 204 CYRILLI
1137 165 1527 205 ALEXANDR.
1719 165 1801 205 xiv.
1827 174 1922 217 5-7.

331 274 406 322 καὶ
441 269 628 338 ψύχους
663 270 749 334 τὴν
785 271 942 334 νύκτα,
980 270 1261 336 λελόγισται
1301 270 1393 337 γὰρ
1433 277 1491 326 εἰς
1527 294 1637 338 μιαν
1676 271 1832 339 ἡμέραν
1870 271 1925 322 τὸ

332 351 639 420 νυχθήμερον.

397 432 603 497 “Ὀμοιον
629 435 691 488 ὡς
718 438 754 485 εἱ
781 434 913 501 λέγοι
940 434 1083 502 τυχόν
1113 436 1228 485 Κατ’
1259 435 1402 485 ἐκεῖνο
1427 440 1510 486 τοῦ
1537 439 1712 500 καιροῦ,
1738 434 1843 484 καθ’
1873 431 1927 484 ὃν

332 514 389 566 ἂν
415 515 473 583 ἐξ
501 516 712 582 οὐρανῶν
743 516 1016 584 ἀφιγμένος,
1044 516 1354 584 μεταπλάττῃ
1388 516 1447 567 τὰ
1481 515 1638 567 πάντα
1674 515 1750 566 καὶ
1786 537 1927 577 μετα-

330 597 534 665 σκευάζῃ
573 597 691 664 πρὸς
730 597 784 649 τὸ
824 598 1025 661 ἄμεινον,
1067 601 1129 652 ὡς
1165 597 1481 665 Δημιουργὸς,
1531 602 1606 649 οὐκ
1652 598 1778 648 ἔσται
1827 596 1967 665 φῶς5

330 679 436 730 οὐδὲ
469 679 569 749 νὺξ,
597 685 658 734 εἷς
690 682 798 748 μίαν
826 679 996 750 ἡμέραν.
1054 679 1265 731 τοιοῦτόν
1291 704 1337 731 τι
1372 682 1496 749 φησὶ
1531 683 1606 731 καὶ
1642 681 1666 731 ὁ
1700 678 1927 745 μακάριος

107 766 226 853 {39³¹X·
291 761 580 830 ρπροφήτης
618 762 830 816 Ἡσαΐας
869 770 896 792 “
919 764 1013 813 Καὶ
1060 763 1143 813 οὐκ
1185 762 1320 813 ἔσται
1364 786 1443 813 σοι
1491 764 1515 813 ὁ
1555 764 1687 828 ἥλιος
1722 766 1784 815 εἱς
1824 765 1928 829 φῶς

153 836 158 842 ⁵
330 851 358 874 ‘⁶
383 847 465 908 τῆς
497 844 685 910 ἡμέρας,
713 844 816 895 οὐδὲ
852 844 1062 909 ἀνατολὴ
1098 844 1306 910 σελήνης
1341 850 1510 913 φωτιεῖ
1539 868 1619 896 σοι
1652 843 1739 909 τὴν
1766 843 1924 895 νύκτα·

332 933 358 955 “
384 927 495 976 ἀλλ’
525 926 660 977 ἔσται
688 949 767 977 σοι
796 926 969 993 Κύριος
998 931 1100 995 φῶς
1127 927 1324 990 αἰώνιον,
1346 930 1420 978 καὶ
1448 928 1473 977 ὁ
1501 925 1622 981 Θεὸς
1649 925 1767 995 δόξα
1793 926 1925 978 σου.”

331 1007 401 1058 ὅτι
437 1007 485 1058 δὲ
522 1008 818 1074 ἀπρακτήσει
853 1008 973 1059 κατὰ
1008 1008 1193 1076 καιροὺς
1229 1012 1302 1060 καὶ
1339 1008 1455 1073 αὐτὴ
1490 1014 1584 1060 τῶν
1615 1010 1863 1077 στοιχείων
1898 1008 1998 1072 ἡῐο

107 1119 269 1151 SMasth.
330 1090 481 1157 χρεία,
511 1090 807 1142 πιστώσεται
833 1091 990 1157 λέγων
1017 1091 1155 1145 αὐτὸς
1183 1093 1207 1142 ὁ
1234 1091 1448 1158 Χριστός
1477 1098 1504 1120 “
1522 1091 1710 1144 Εὐθέως
1736 1090 1785 1142 δὲ
1810 1089 1930 1154 μετὰ

107 1164 195 1195 xxiv.
217 1173 266 1206 29.
332 1179 359 1201 gg
425 1172 436 1186 Χ
572 1173 582 1189 t
739 1177 758 1186 Α
832 1174 841 1187 τ
950 1177 970 1186 Α
1041 1175 1050 1188 ν
1111 1174 1121 1191 t
1241 1174 1251 1188 ε
1295 1174 1317 1191 εγ
1667 1173 1677 1188 r
1913 1176 1927 1192 χ

386 1195 471 1236 την
497 1176 669 1242 θλιψιν
696 1196 791 1224 των
817 1196 1001 1240 ημερων
1028 1197 1211 1224 εκεινων
1233 1197 1257 1224 ο
1286 1183 1417 1238 ηλιος
1443 1177 1831 1237 σκοτισθήσεται,
1853 1195 1928 1225 και

330 1261 358 1283 “
386 1254 414 1318 ἡ
463 1254 645 1320 σελήνη
687 1257 740 1307 οὐ
782 1256 926 1307 δώσει
966 1254 1020 1306 τὸ
1066 1257 1245 1324 φέγγος
1287 1257 1468 1319 αὐτῆς,”
1537 1256 1724 1322 ἀρκέσει
1767 1254 1860 1322 γὰρ
1903 1256 1928 1306 ὁ

332 1336 547 1404 Χριστὸς
582 1342 643 1392 εἷς
678 1343 781 1407 φῶς
817 1339 926 1402 ἡμῖν
957 1338 1157 1401 αἰώνιον,
1195 1340 1269 1389 καὶ
1309 1338 1447 1392 αὐτὸς
1485 1338 1620 1389 ε”σται
1659 1336 1815 1404 μακρὰ
1853 1341 1929 1388 καὶ

333 1419 542 1484 διηνεκὴς
569 1420 731 1486 ἡμερα.
785 1419 871 1484 τὴν
898 1421 952 1470 δέ
979 1443 1032 1485 γε
1061 1423 1225 1488 ἡμέραν
1252 1422 1411 1480 ἑκεινην
1437 1419 1637 1486 ‘ymo-rhu
1665 1418 1782 1470 εἶναι’
1804 1423 1928 1487 φησι
1953 1438 1998 1476 15

288 1508 395 1572 (1τῷ
437 1504 590 1572 Κυρίῳ.
659 1502 798 1563 μόνος
845 1501 940 1568 γὰρ
984 1499 1106 1553 οἶδεν
1151 1503 1176 1552 ὁ
1223 1501 1343 1555 Θεὸς
1389 1505 1462 1553 καὶ
1509 1501 1677 1567 Πατὴρ
1724 1500 1808 1565 τὴν
1846 1504 1929 1564 τῆς

333 1585 607 1637 συντελείας
642 1584 830 1650 ἡμέραν.
893 1586 1087 1647 ἐμπεδοῖ
1118 1585 1165 1634 δὲ
1200 1583 1318 1650 πρὸς
1355 1590 1493 1635 τοῦτο
1525 1584 1644 1647 ἡμᾶς
1679 1588 1754 1634 καὶ
1790 1582 1929 1637 αὐτὸς

110 1683 262 1733 ἥψατο
333 1667 359 1716 ὁ
383 1665 498 1719 Υἱὸς
524 1667 645 1717 οὕτω
672 1666 827 1733 λέγων
854 1673 881 1695 “
901 1669 1018 1732 Περὶ
1053 1666 1100 1716 δὲ
1127 1669 1209 1730 τῆς
1240 1667 1413 1732 ἡμέρας
1447 1667 1617 1730 ἐκείνης
1641 1664 1670 1729 ὴ
1698 1668 1780 1729 τῆς
1807 1663 1929 1732 ὥρας

110 1736 248 1767 ’⁰¹¹'32'
335 1754 361 1776 ‘⁶
388 1749 533 1800 οὐδεὶς
560 1745 700 1809 οἶδεν,
732 1749 835 1798 οὔτε
863 1748 1061 1813 ἄγγελοι
1093 1749 1141 1798 ἐν
1165 1748 1359 1817 οὐρανῷ,
1387 1750 1491 1799 οὔτε
1525 1749 1550 1798 ὁ
1577 1747 1705 1810 Υἱὸς,
1732 1751 1769 1798 εὶ
1803 1747 1867 1811 μὴ
1903 1748 1928 1798 ο’

333 1836 361 1858 “
390 1828 558 1896 Πατὴρ
598 1829 784 1891 μόνος.”
836 1827 865 1898 ᾗ
901 1829 986 1892 μὲν
1023 1829 1116 1896 γὰρ
1155 1834 1323 1880 νοεῖται
1363 1830 1471 1880 καθ’
1506 1830 1626 1894 ἡμᾶς
1661 1830 1924 1895 ἅνθρωπος,
1950 1857 1999 1882 20

334 1912 418 1962 οὐκ
445 1910 503 1961 ἂν
530 1912 665 1976 εἰδείη
692 1910 752 1962 τὰ
777 1913 825 1963 ἐν
849 1915 915 1980 τῷ
944 1911 1117 1978 Πατρί·
1160 1909 1190 1980 ᾗ
1225 1911 1281 1963 δέ
1309 1914 1412 1962 ἐστι
1438 1910 1582 1979 φύσει
1611 1910 1746 1973 Θεὸς,
1775 1912 1849 1962 καὶ
1876 1911 1933 1980 ἐξ

334 1995 477 2044 αὐτοῦ
516 1993 752 2062 πεφηνὼς,
780 1991 878 2044 οἶδέ
909 2017 1001 2045 που
1039 1993 1228 2048 πάντως
1262 1996 1337 2045 καὶ
1372 1993 1458 2058 τὴν
1489 1992 1697 2061 ἐσχάτην
1730 1993 1923 2060 ἡμέραν,

334 2073 421 2126 κᾶν
448 2078 484 2125 εἰ
512 2075 644 2141 λέγοι
678 2074 743 2139 μὴ
779 2075 945 2126 εἰδέναι
983 2075 1059 2126 διὰ
1093 2074 1147 2127 τὸ
1182 2075 1492 2142 ἀνθρώπινον.
1548 2076 1855 2142 διερμηνεύων
1882 2073 1929 2127 δὲ

334 2157 444 2221 ἡμῖν
471 2158 496 2207 ὁ
525 2156 787 2226 Προφήτης
815 2159 890 2208 καὶ
915 2157 1219 2225 σαφέστερον
1245 2157 1474 2212 καθιστὰς
1502 2157 1617 2224 ὅπερ
1644 2157 1748 2227 ἔφη,
1776 2180 1928 2224 προσ-

296 2239 498 2305 ρεπάγει
534 2239 715 2293 τούτοις
751 2246 838 2292 Καὶ
881 2244 961 2302 οὐχ
997 2238 1133 2310 ἡμέρα
1171 2245 1247 2291 καὶ
1288 2244 1332 2292 οὐ
1370 2239 1438 2310 νὺξ
1474 2239 1616 2299 ἔσται,
1650 2238 1786 2291 ἀλλὰ
1821 2239 1927 2308 πρὸς
1951 2258 1997 2296 25

335 2321 524 2393 ἑσπέραν
567 2321 693 2373 ἔσται
736 2321 853 2391 φῶς,
889 2321 1149 2381 τουτέστιν,
1183 2324 1232 2373 ἐν
1268 2325 1413 2392 καιρῷ
1452 2321 1614 2376 νυκτὸς
1653 2325 1756 2391 φῶς
1794 2321 1928 2372 ἔσται

383 2523 415 2557 3.
441 2512 547 2546 ἐκεῖνο
565 2514 625 2546 τοῦ
643 2514 759 2557 καιροῦ
778 2512 818 2547 C.
837 2512 963 2547 ἐκεῖνον
980 2514 1038 2547 τὸν
1055 2515 1169 2556 καιρὸν
1188 2513 1279 2547 Edd.
1494 2527 1526 2555 4.
1553 2512 1927 2555 μεταπλάττει-μετα-

336 2558 490 2601 σκευάζει
509 2559 550 2593 C.
647 2568 679 2601 5.
700 2559 929 2605 Δημιουργὸς]
950 2565 987 2600 —†-
1005 2560 1040 2593 δέ
1061 2560 1153 2594 Edd.
1171 2560 1281 2594 invito
1297 2560 1339 2595 C.
1399 2562 1474 2604 φῶς
1491 2560 1567 2594 οὐδὲ
1586 2560 1646 2602 νὺξ
1663 2559 1729 2592 hoc
1747 2558 1869 2592 ordine
1885 2558 1926 2593 C.

336 2605 369 2639 6.
395 2606 474 2649 μίαν
491 2612 714 2650 assumptum
733 2618 774 2639 ex
795 2606 835 2640 C.
934 2617 964 2650 7.
986 2607 1049 2640 Καὶ
1067 2613 1290 2651 assumptum
1308 2619 1349 2640 ex
1369 2607 1448 2640 C.b.
1543 2607 1576 2640 8.
1595 2606 1776 2650 φωτιεῖσιιι
1795 2605 1876 2649 (sic)
1891 2605 1925 2640 b.

337 2667 394 2686 σοι
412 2658 634 2696 assumptum
653 2664 695 2686 ex
716 2652 803 2686 B.C.
1033 2665 1067 2698 9.
1094 2668 1158 2687 σου
1177 2654 1211 2687 b.
1232 2653 1323 2687 Edd.
1344 2668 1400 2687 σοι
1419 2652 1460 2687 C.
1480 2652 1578 2697 (26.)
1811 2661 1863 2696 17.
1891 2652 1927 2686 δέ

336 2704 558 2743 assumptum
587 2711 627 2732 ex
658 2699 750 2733 (LD.
812 2698 939 2733 Statim
965 2711 1087 2733 rasura
1114 2700 1220 2734 unius
1249 2700 1444 2734 duorumve
1470 2700 1535 2733 litt.
1565 2699 1598 2732 in
1629 2698 1669 2732 C.
1730 2697 1863 2732 Forsan
1886 2698 1926 2742 δὴ

337 2746 488 2790 scripsit.
553 2745 660 2791 τούτῳ
681 2745 725 2780 Ι).
949 2747 1001 2780 18.
1028 2746 1046 2789 ἢ
1066 2748 1123 2790 τῆς
1143 2746 1182 2780 C.
1203 2746 1255 2780 καὶ
1274 2745 1366 2780 Edd.
1585 2756 1635 2788 19.
1663 2747 1864 2778 οὕτε-οὕτε
1884 2745 1925 2779 C.

336 2792 541 2825 οὐδέ-οὐδέ
559 2792 618 2826 iid.
684 2793 825 2838 ι’ίγγελοι
847 2793 887 2826 C.
906 2793 937 2826 οἱ
954 2793 1096 2838 ἄγγελοι
1114 2794 1144 2826 οἱ
1165 2793 1207 2827 Β.
1225 2794 1255 2826 οἱ
1273 2794 1414 2838 ἄγγελοι
1432 2791 1491 2826 iid.
1734 2802 1788 2825 20.
1816 2788 1924 2836 ᾗ-ᾗ]

336 2838 443 2871 εἷ-εἷ
462 2838 501 2872 C.
890 2850 945 2873 21.
971 2840 1067 2873 ἕσται
1089 2840 1128 2873 C.
1507 2848 1561 2872 22.
1588 2839 1747 2882 πεφηνὼς
1767 2838 1812 2872 D.
1832 2837 1925 2872 Edd.

336 2885 487 2929 πέφηνεν
504 2885 547 2920 ὡς
567 2884 607 2919 C.
774 2895 829 2929 25.
856 2886 909 2919 καὶ
933 2886 972 2919 οὐ
995 2886 1055 2929 νὺξ
1075 2886 1115 2920 C.
1137 2885 1228 2919 Edd.
1256 2885 1333 2919 οὐδὲ
1357 2885 1416 2929 νὺξ
1438 2884 1472 2918 b.
1495 2884 1583 2929 (²3·)
1611 2886 1663 2918 καὶ
1681 2885 1744 2929 οὐχ
1764 2884 1781 2927 ἡ
1800 2885 1859 2928 νὺξ
1878 2885 1923 2919 D.

338 2930 379 2963 In
408 2931 449 2965 C.
476 2931 723 2976 suprascripsit
748 2944 874 2967 manus
900 2944 1021 2967 recens
1048 2948 1096 2977 χι,
1123 2933 1200 2978 οὐχὶ
1225 2932 1394 2966 conficere
1412 2931 1544 2965 volens.
1596 2931 1726 2966 Forsan
1750 2938 1783 2966 et
1808 2931 1843 2965 in
1865 2931 1923 2972 D.,

336 2976 398 3020 οὐχ
418 2976 435 3018 ἡ
454 2979 563 3011 voluit
581 2979 669 3022 οὐχὶ.
