2007 3387
298 315 344 351 Ι3

324 405 345 429 6

363 178 447 219 258
754 185 803 225 B.
848 184 1129 225 CYRILLI
1171 184 1556 225 ALEXANDR.
1827 184 1940 237 i·13·

368 308 442 351 Καὶ
482 307 599 353 εἶπεν
633 312 826 361 ἈΙ-Γαῖος
870 316 891 357 ὁ
932 315 1107 363 ἄπελθε
1155 317 1303 373 Κυρίου
1344 319 1404 370 τῷ
1443 318 1536 370 λαῷ
1571 315 1686 363 ’Es-‹1›
1723 314 1807 364 εἰμι
1843 315 1934 364 μεθ’

431 396 560 447 ὑμῶν,
595 397 707 444 λέπει
743 398 904 455 Κύριος.

425 541 557 609 e'Opcc
597 550 697 599 ταῖς
741 550 802 600 εἰς
841 546 901 597 τὰ
941 548 1111 610 ἀμείνω
1161 547 1489 610 μεταστάσεσι
1538 553 1942 614 παρομαρτοῦσαν

359 623 493 679 εὐθὺς
533 625 619 690 τὴν
663 630 1039 696 φιλανθρωπίαν.
1107 631 1487 693 συμμεθίσταται
1526 628 1619 697 γὰρ
1661 630 1802 681 οἱονεί
1840 652 1941 682 πως

359 709 385 759 ὁ
430 712 524 759 τῶν
563 709 690 761 ὅλων
732 711 854 766 Θεὸς
903 718 999 766 τοῖς
1046 717 1284 776 μετανοεῖν
1333 712 1589 781 ᾑρημένοις,
1638 713 1849 764 συνεῖναί
1890 735 1939 762 τε

359 790 507 859 σφίσι
548 793 997 860 κατεπαγγέλλεται,
1033 795 1087 846 οῦ
1130 796 1179 845 τί
1216 794 1273 846 ἂν
1313 796 1493 861 γε’νοιτο
1530 794 1583 846 τὸ
1619 799 1938 855 ἱσοστατοῦνς

361 876 485 924 Θεοῦ
536 873 630 941 γὰρ
676 877 916 940 συνόντος,
967 876 1093 929 ἅπαν
1149 877 1234 941 μὲν
1282 879 1392 942 ἡμῖν
1439 875 1647 929 ἐκποδὼν
1696 875 1940 944 οἰχήσεται

358 955 558 1019 βλάβος,
585 961 806 1019 εἷσβαλεῖ
834 960 881 1011 δὲ
915 959 1103 1014 πάντως
1138 959 1197 1011 τὰ
1228 959 1398 1026 ἀγαθὰ,
1426 962 1501 1011 καὶ
1526 960 1780 1024 βεβηκότες
1806 958 1940 1013 εὐθὺς

138 1046 221 1080 637
238 1044 286 1079 Α·
319 1040 401 1088 8οἱ
439 1041 521 1102 τῆς
553 1040 794 1106 εὐημερίας
828 1044 1176 1110 ἀναφανοῦνται
1213 1041 1391 1108 τρόποι,
1419 1045 1493 1093 καὶ
1531 1047 1627 1093 πᾶν
1662 1042 1815 1093 ὁτιοῦν
1845 1046 1939 1092 τῶν

357 1120 564 1184 ἡδίστων
596 1123 910 1188 συμβήσεται.
976 1129 1012 1175 εἰ
1052 1124 1100 1176 δὲ
1133 1126 1189 1189 δὴ
1229 1125 1409 1192 φάσκοι
1435 1123 1489 1176 τὸ
1516 1123 1713 1190 γράμμα
1737 1123 1792 1175 τὸ
1819 1122 1938 1191 ἱερὸν

357 1201 559 1269 ἄγγελον
609 1209 756 1273 Κυρίου
796 1205 879 1257 τὸν
916 1210 1150 1273 Ἀγγαῗον,
1192 1208 1361 1258 οἰέσθω
1404 1209 1561 1271 μηδεὶς
1607 1206 1813 1273 ἄγγελον
1855 1205 1939 1269 μὲν

356 1282 470 1336 εἶναι
505 1286 623 1337 κατὰ
661 1288 811 1356 φύσιν
844 1288 997 1352 αὐτὸν,
1026 1293 1301 1354 γεννηθῆναι
1329 1288 1377 1339 δὲ
1412 1290 1516 1340 καθ’
1544 1290 1664 1354 ἡμᾶς
1690 1290 1939 1355 ἄνθρωπον

356 1369 406 1418 ἐκ
444 1369 674 1434 γυναικός·
717 1370 1027 1435 ἀπόπληκτον
1064 1371 1157 1437 γὰρ
1197 1374 1362 1439 κομιδῇ
1394 1370 1448 1422 τὸ
1483 1369 1571 1422 ὧδε
1603 1376 1737 1422 νοεῖν·
1779 1370 1939 1435 οἰησό-

355 1454 475 1513 μεθα
500 1451 547 1502 δὲ
574 1456 778 1514 μᾶλλον,
806 1453 932 1520 εἴπερ
968 1452 1112 1516 ε’σμέν
1149 1456 1197 1505 ἐν
1236 1458 1368 1523 καλῷ
1407 1452 1576 1521 φρενὸς
1603 1458 1678 1504 καὶ
1710 1459 1790 1504 νοῦ
1816 1452 1932 1514 βλέ-

355 1556 526 1587 ποντος
561 1537 622 1587 εἷς
656 1535 710 1585 τὸ
749 1535 947 1601 ἀτρεκὲς,
975 1535 1067 1587 ἀπὸ
1103 1541 1185 1587 τοῦ
1219 1536 1473 1602 ἀγγέλλειν
1499 1535 1698 1602 ἄγγελον
1724 1538 1935 1601 εἰρῆσθαι

355 1618 432 1666 καὶ
456 1616 780 1683 ὀνομάζεσθαι.
848 1620 945 1669 ἐπεὶ
975 1617 1029 1669 τὸ
1065 1623 1246 1669 λυποῦν
1280 1617 1411 1668 οὐδὲν
1438 1621 1512 1668 καὶ
1547 1622 1609 1672 εἰς
1634 1618 1794 1684 ἑτέραν
1818 1618 1937 1682 ἡμᾶς

355 1698 554 1750 ἀτοπίαν
579 1700 895 1762 ἐκβαίνοντας,
925 1701 1157 1766 ἀγγέλους
1184 1700 1408 1767 ὑπάρχειν
1435 1701 1684 1765 ὁμολογεῖν
1709 1703 1767 1768 τῇ
1794 1701 1936 1768 φύσει

134 1792 225 1823 Hiob
241 1793 262 1824 i.
314 1782 431 1831 ὺκαὶ
469 1780 576 1834 τοῦς
609 1782 1004 1847 ἀπαγγέλλοντας
1039 1787 1104 1852 τῷ
1129 1781 1242 1843 ’Ῑώβ
1278 1781 1337 1833 τά
1375 1805 1424 1832 τε
1462 1784 1510 1832 ἐν
1541 1784 1702 1848 ἀγροῖς
1735 1781 1865 1848 παρά
1888 1806 1937 1834 τε

133 2044 188 2075 Es.
204 2045 247 2077 ix.
264 2047 294 2077 6.

355 1868 449 1914 τῶν
474 1863 650 1915 ἱππέων
677 1864 1029 1928 συμβεβηκότα,
1056 1867 1131 1916 καὶ
1155 1864 1248 1928 μὴν
1274 1866 1349 1915 καὶ
1373 1863 1444 1915 ὅτι
1467 1868 1688 1915 τεθνᾶσιν
1711 1868 1752 1915 οἱ
1777 1868 1937 1918 παῖδες

356 1947 498 1997 αὐτοῦ
543 1947 974 2011 κατασεσεισμένης
1017 1950 1099 2010 τῆς
1144 1947 1305 2000 οἰκίας.
1371 1946 1546 2012 εἴρηται
1589 1946 1637 1997 δὲ
1678 1950 1753 1997 καὶ
1791 1947 1817 1997 ὁ
1855 1952 1937 1998 τοῦ

356 2032 481 2080 Θεοῦ
518 2028 675 2094 Λόγος
708 2037 734 2058 ‘⁴
754 2028 986 2095 Μεγάλης
1020 2032 1199 2093 βουλῆς
1235 2028 1480 2094 ἅγγελος.”
1547 2028 1805 2095 ἀπήγγειλε
1843 2028 1936 2096 γὰρ

356 2111 464 2174 ἡμῖν
507 2110 561 2162 τὸ
603 2112 787 2176 θέλημα
827 2117 909 2162 τοῦ
952 2115 1077 2162 Θεοῦ
1121 2114 1195 2162 καὶ
1242 2111 1445 2178 Πατρός.
1512 2112 1676 2162 οὐκοῦν
1716 2110 1810 2163 ἀπὸ
1853 2118 1937 2163 τοῦ

355 2194 611 2259 ἀγγέλλειν
648 2194 866 2260 ἄγγελος,
906 2197 981 2244 καὶ
1024 2196 1126 2261 οὐχὶ
1165 2194 1221 2258 δὴ
1259 2193 1460 2256 πάντως,
1500 2197 1536 2243 εἱ
1576 2194 1643 2244 ἐπ’
1678 2194 1937 2261 ἀνθρώπων

355 2275 543 2341 λε’γοιτο
577 2275 719 2344 τυχὸν
754 2277 780 2340 ἡ
817 2279 1000 2340 κλῆσις,
1029 2276 1122 2328 ἀπό
1153 2299 1208 2342 γε
1239 2281 1322 2327 τοῦ
1362 2273 1475 2326 εἶναι
1509 2274 1627 2326 κατὰ
1663 2276 1812 2344 φύσιν
1850 2277 1937 2344 οὐχ

355 2357 470 2424 ὅπερ
494 2359 637 2422 ἡμεῖς.

407 2593 435 2615 1.
463 2583 480 2615 ὁ
498 2593 567 2615 om.
588 2582 634 2616 D.
652 2581 781 2616 habent
803 2582 887 2616 Iu.
907 2582 996 2616 Edd.
1017 2582 1088 2634 (36.
1107 2583 1167 2625 al.)
1231 2581 1295 2629 τῶ]
1317 2583 1489 2627 praemia.
1511 2583 1546 2616 ἐν
1570 2582 1729 2628 ἀγγέλοις
1749 2581 1824 2627 [τοῦ
1842 2581 1935 2618 Edd.

356 2628 451 2670 (.)Co
441 2627 469 2673 )]
492 2628 617 2672 Κυρίου
636 2628 726 2663 Edd.
747 2629 782 2671 (N
799 2629 829 2659 V
833 2630 895 2672 at.)
915 2629 1034 2663 deest
1027 2641 1063 2663 m
1084 2629 1125 2663 B.
1131 2630 1176 2663 D.
1196 2618 1317 2674 (Alex.
1338 2629 1422 2663 XII.
1428 2629 1444 2673 )
1632 2640 1666 2673 3.
1690 2630 1729 2662 τὸ
1747 2641 1810 2673 pro
1827 2630 1868 2663 τὰ
1887 2629 1934 2663 D.

358 2685 387 2719 7.
414 2674 497 2720 γαρ]
523 2680 556 2715 -ι-
581 2675 656 2719 ἡμῖν
676 2676 703 2709 l]
707 2675 765 2709 dd
784 2676 902 2710 invitis
923 2676 963 2709 B.
971 2676 1014 2710 D.
1064 2679 1125 2720 μὲν
1142 2682 1362 2720 assumptum
1381 2687 1420 2709 ex
1442 2676 1482 2709 Β.
1490 2676 1534 2710 D.
1663 2687 1714 2710 10.
1741 2676 1868 2721 φάσκει
1887 2677 1934 2711 D.

359 2733 371 2755 1
384 2733 411 2755 1.
437 2722 523 2765 μὲν
514 2723 657 2756 accessit
674 2734 714 2756 ex
735 2722 780 2756 D.
785 2723 818 2756 b.
1090 2734 1142 2756 12.
1169 2723 1265 2768 ι’ίνθρ.
1282 2721 1357 2756 καθ’
1376 2721 1460 2766 ἡμᾶς
1476 2723 1547 2756 inv.
1565 2722 1686 2757 ordine
1707 2722 1753 2756 D.
1771 2722 1881 2756 invito
1898 2722 1934 2756 b.

358 2780 411 2813 13.
436 2769 653 2812 ἀπόπληκτον
677 2769 742 2814 γὰρ
768 2784 797 2803 κ.
823 2770 861 2803 τὸ
887 2769 951 2803 ὧδε
977 2771 1063 2803 νοεῖν
1079 2781 1150 2803 om.
1171 2769 1212 2803 B.
1278 2769 1395 2812 κομιδῆ
1413 2781 1481 2802 om.
1502 2770 1548 2803 D.
1567 2769 1676 2803 invito
1693 2768 1728 2803 b.
1794 2770 1881 2803 νοεῖν
1897 2769 1933 2804 b.

355 2814 447 2848 Edd.
465 2817 606 2859 φρονεῖν
625 2816 670 2849 D.
830 2827 882 2858 14.
908 2830 1042 2860 ειπερ-
1050 2816 1184 2861 ιιτρεκές
1201 2827 1271 2850 om.
1291 2816 1333 2849 Β.
1337 2815 1371 2849 b.
1391 2815 1494 2849 habet
1513 2816 1559 2849 D.
1715 2824 1768 2859 17.
1793 2813 1935 2850 ἀτοπίαν

353 2862 567 2900 ἐκβαίνοντας
587 2862 632 2896 D.
653 2862 681 2895 E
685 2862 743 2896 dd.
762 2862 1009 2902 ἐκβαινοντ(ις’
992 2864 1120 2897 εννοίαν
1139 2863 1181 2897 Β.
1373 2862 1425 2895 18.
1458 2877 1493 2895 τε
1511 2863 1568 2896 alt.
1586 2870 1808 2907 assumptum
1826 2874 1868 2896 ex
1887 2862 1933 2896 D.

357 2919 409 2952 19.
435 2909 499 2951 μὴν
516 2909 569 2941 καὶ
586 2920 655 2943 om.
676 2909 721 2942 D.
914 2921 968 2944 20.
993 2910 1095 2944 αὐτοῦ
1115 2909 1161 2943 D.
1180 2909 1266 2954 αὐτῷ
1288 2907 1380 2942 Edd.
1579 2919 1702 2953 22—25.
1730 2909 1849 2943 οὐκοῦν
1865 2909 1931 2943 ἀπὸ

354 2954 525 2999 usquead
545 2955 603 2988 fin.
623 2955 733 2989 schol.
752 2967 820 2989 om.
844 2956 884 2990 B.
1236 2966 1290 3000 23.
1316 2954 1474 3000 ιιγγέλειν
1494 2955 1541 2990 Ι).
1591 2956 1717 2989 Statim
1734 2957 1752 2989 ὁ
1770 2955 1866 2990 addit
1885 2956 1931 2990 D.

354 3010 407 3041 24.
434 3001 497 3045 οἰχ
515 3001 597 3045 ὅπερ
616 3002 680 3036 hoc
699 3002 818 3036 mdiue
839 3003 884 3036 D.

1959 726 1981 765 5

1961 1150 2007 1175 10

1957 1971 2006 1998 20
