<?xml version="1.0" encoding="UTF-8"?>
<!DOCTYPE html PUBLIC "-//W3C//DTD XHTML 1.0 Transitional//EN"
    "http://www.w3.org/TR/xhtml1/DTD/xhtml1-transitional.dtd">
<html xmlns="http://www.w3.org/1999/xhtml" xml:lang="en" lang="en">
 <head>
  <title>
</title>
<meta http-equiv="Content-Type" content="text/html;charset=utf-8" />
  <meta name='ocr-system' content='tesseract 3.04.00' />
  <meta name='ocr-capabilities' content='ocr_page ocr_carea ocr_par ocr_line ocrx_word'/>
</head>
<body>
  <div class='ocr_page' id='page_1' title='image "./operacyrilli02cyriuoft/operacyrilli02cyriuoft_0098.png"; bbox 0 0 2007 3366; ppageno 0'>
   <div class='ocr_carea' id='block_1_1' title="bbox 307 141 1886 198">
    <p class='ocr_par' dir='ltr' id='par_1_1' title="bbox 307 141 1886 198">
     <span class='ocr_line' id='line_1_1' title="bbox 307 141 1886 198; baseline -0.002 -11"><span class='ocrx_word' id='word_1_1' title='bbox 307 141 363 181; x_wconf 89' lang='lat'>90</span> <span class='ocrx_word' id='word_1_2' title='bbox 703 146 753 187; x_wconf 90' lang='lat' dir='ltr'>B.</span> <span class='ocrx_word' id='word_1_3' title='bbox 796 145 1074 187; x_wconf 87' lang='lat' dir='ltr'>CYRILLI</span> <span class='ocrx_word' id='word_1_4' title='bbox 1115 146 1499 188; x_wconf 87' lang='lat' dir='ltr'><strong>ALEXANDR.</strong></span> <span class='ocrx_word' id='word_1_5' title='bbox 1677 146 1706 185; x_wconf 90' lang='lat' dir='ltr'>i.</span> <span class='ocrx_word' id='word_1_6' title='bbox 1734 155 1886 198; x_wconf 86' lang='lat'><strong>15-17.</strong></span> 
     </span>
    </p>
   </div>
   <div class='ocr_carea' id='block_1_2' title="bbox 261 249 1960 1806">
    <p class='ocr_par' dir='ltr' id='par_1_2' title="bbox 261 249 1960 1806">
     <span class='ocr_line' id='line_1_2' title="bbox 305 249 1889 322; baseline 0.004 -25"><span class='ocrx_word' id='word_1_7' title='bbox 305 249 458 304; x_wconf 79' lang='grc' dir='ltr'>αὐτοῖς</span> <span class='ocrx_word' id='word_1_8' title='bbox 497 250 652 321; x_wconf 56' lang='grc' dir='ltr'>μερίδα</span> <span class='ocrx_word' id='word_1_9' title='bbox 689 252 1040 322; x_wconf 78' lang='grc' dir='ltr'>προεξενηκόσι.</span> <span class='ocrx_word' id='word_1_10' title='bbox 1100 254 1310 306; x_wconf 85' lang='grc' dir='ltr'>τοιοῦτόν</span> <span class='ocrx_word' id='word_1_11' title='bbox 1347 278 1392 307; x_wconf 91' lang='grc' dir='ltr'>τι</span> <span class='ocrx_word' id='word_1_12' title='bbox 1428 254 1698 321; x_wconf 79' lang='grc' dir='ltr'>πεπρὰχθαι</span> <span class='ocrx_word' id='word_1_13' title='bbox 1737 259 1889 321; x_wconf 89' lang='grc' dir='ltr'>φησιν</span> 
     </span>
     <span class='ocr_line' id='line_1_3' title="bbox 306 331 1889 404; baseline 0.002 -22"><span class='ocrx_word' id='word_1_14' title='bbox 306 331 332 381; x_wconf 83' lang='grc' dir='ltr'>ὁ</span> <span class='ocrx_word' id='word_1_15' title='bbox 369 333 630 401; x_wconf 77' lang='grc' dir='ltr'>Προφήτης</span> <span class='ocrx_word' id='word_1_16' title='bbox 663 335 794 401; x_wconf 78' lang='grc' dir='ltr'>παρὰ</span> <span class='ocrx_word' id='word_1_17' title='bbox 831 340 915 386; x_wconf 87' lang='grc' dir='ltr'>τοῦ</span> <span class='ocrx_word' id='word_1_18' title='bbox 948 337 1396 404; x_wconf 86' lang='grc' dir='ltr'>Ναβουχοδονόσορ,</span> <span class='ocrx_word' id='word_1_19' title='bbox 1430 336 1480 391; x_wconf 72' lang='grc' dir='ltr'>ὃς</span> <span class='ocrx_word' id='word_1_20' title='bbox 1518 335 1615 387; x_wconf 76' lang='grc' dir='ltr'>οἷον</span> <span class='ocrx_word' id='word_1_21' title='bbox 1646 337 1889 404; x_wconf 79' lang='grc' dir='ltr'>ἀγκίστρῳ</span> 
     </span>
     <span class='ocr_line' id='line_1_4' title="bbox 306 417 1890 490; baseline 0.003 -27"><span class='ocrx_word' id='word_1_22' title='bbox 306 436 355 463; x_wconf 92' lang='grc' dir='ltr'>τε</span> <span class='ocrx_word' id='word_1_23' title='bbox 394 418 469 465; x_wconf 75' lang='grc' dir='ltr'>καὶ</span> <span class='ocrx_word' id='word_1_24' title='bbox 509 418 725 482; x_wconf 70' lang='grc' dir='ltr'>σαγήναις</span> <span class='ocrx_word' id='word_1_25' title='bbox 764 420 838 468; x_wconf 75' lang='grc' dir='ltr'>καὶ</span> <span class='ocrx_word' id='word_1_26' title='bbox 876 418 1033 481; x_wconf 75' lang='grc' dir='ltr'>μέντοι</span> <span class='ocrx_word' id='word_1_27' title='bbox 1068 421 1143 469; x_wconf 80' lang='grc' dir='ltr'>καὶ</span> <span class='ocrx_word' id='word_1_28' title='bbox 1177 421 1514 490; x_wconf 71' lang='grc' dir='ltr'>ἁμφιβλήστρῳ</span> <span class='ocrx_word' id='word_1_29' title='bbox 1549 420 1689 470; x_wconf 81' lang='grc' dir='ltr'>αὐτοῦ</span> <span class='ocrx_word' id='word_1_30' title='bbox 1727 417 1809 469; x_wconf 87' lang='grc' dir='ltr'>τόν</span> <span class='ocrx_word' id='word_1_31' title='bbox 1841 439 1890 468; x_wconf 90' lang='grc' dir='ltr'>τε</span> 
     </span>
     <span class='ocr_line' id='line_1_5' title="bbox 261 493 1890 571; baseline 0.002 -25"><span class='ocrx_word' id='word_1_32' title='bbox 261 493 287 533; x_wconf 75' lang='lat' dir='ltr'><strong>b</strong></span> <span class='ocrx_word' id='word_1_33' title='bbox 305 495 506 563; x_wconf 84' lang='grc' dir='ltr'>Ἰσραὴλ</span> <span class='ocrx_word' id='word_1_34' title='bbox 549 498 704 561; x_wconf 81' lang='grc' dir='ltr'>αὐτὸν,</span> <span class='ocrx_word' id='word_1_35' title='bbox 747 502 823 550; x_wconf 78' lang='grc' dir='ltr'>καὶ</span> <span class='ocrx_word' id='word_1_36' title='bbox 866 501 999 566; x_wconf 81' lang='grc' dir='ltr'>ἕτερα</span> <span class='ocrx_word' id='word_1_37' title='bbox 1051 500 1099 552; x_wconf 77' lang='grc' dir='ltr'>δὲ</span> <span class='ocrx_word' id='word_1_38' title='bbox 1143 501 1234 552; x_wconf 79' lang='grc' dir='ltr'>σὺν</span> <span class='ocrx_word' id='word_1_39' title='bbox 1283 503 1408 571; x_wconf 71' lang='grc' dir='ltr'>αὐτῷ</span> <span class='ocrx_word' id='word_1_40' title='bbox 1457 500 1730 567; x_wconf 84' lang='grc' dir='ltr'>περιβαλὼν</span> <span class='ocrx_word' id='word_1_41' title='bbox 1780 499 1890 562; x_wconf 69' lang='grc' dir='ltr'>ε”θνη</span> 
     </span>
     <span class='ocr_line' id='line_1_6' title="bbox 304 580 1931 650; baseline 0.004 -21"><span class='ocrx_word' id='word_1_42' title='bbox 304 580 614 643; x_wconf 82' lang='grc' dir='ltr'>συνεκόμισεν</span> <span class='ocrx_word' id='word_1_43' title='bbox 645 585 707 634; x_wconf 79' lang='grc' dir='ltr'>εἷς</span> <span class='ocrx_word' id='word_1_44' title='bbox 741 581 827 645; x_wconf 85' lang='grc' dir='ltr'>τὴν</span> <span class='ocrx_word' id='word_1_45' title='bbox 861 583 1039 644; x_wconf 85' lang='grc' dir='ltr'>ἑαυτοῦ,</span> <span class='ocrx_word' id='word_1_46' title='bbox 1075 585 1151 634; x_wconf 78' lang='grc' dir='ltr'>καὶ</span> <span class='ocrx_word' id='word_1_47' title='bbox 1190 585 1393 650; x_wconf 84' lang='grc' dir='ltr'>ὡσπερεὶ</span> <span class='ocrx_word' id='word_1_48' title='bbox 1431 584 1592 648; x_wconf 84' lang='grc' dir='ltr'>θοίνην</span> <span class='ocrx_word' id='word_1_49' title='bbox 1630 588 1726 636; x_wconf 80' lang='grc' dir='ltr'>τοῖς</span> <span class='ocrx_word' id='word_1_50' title='bbox 1764 583 1890 635; x_wconf 76' lang='grc' dir='ltr'>ἰδίοις</span> <span class='ocrx_word' id='word_1_51' title='bbox 1910 599 1931 635; x_wconf 90' lang='grc'>5</span> 
     </span>
     <span class='ocr_line' id='line_1_7' title="bbox 305 663 1893 733; baseline 0.003 -22"><span class='ocrx_word' id='word_1_52' title='bbox 305 663 631 716; x_wconf 77' lang='grc' dir='ltr'>ὑπασπισταῖς</span> <span class='ocrx_word' id='word_1_53' title='bbox 674 666 913 730; x_wconf 72' lang='grc' dir='ltr'>παραθεὶς,</span> <span class='ocrx_word' id='word_1_54' title='bbox 959 666 1193 733; x_wconf 80' lang='grc' dir='ltr'>ἐντρυφᾶν</span> <span class='ocrx_word' id='word_1_55' title='bbox 1237 666 1465 728; x_wconf 76' lang='grc' dir='ltr'>ἐκέλευσε,</span> <span class='ocrx_word' id='word_1_56' title='bbox 1509 669 1583 717; x_wconf 81' lang='grc' dir='ltr'>καὶ</span> <span class='ocrx_word' id='word_1_57' title='bbox 1626 671 1721 717; x_wconf 82' lang='grc' dir='ltr'>τῶν</span> <span class='ocrx_word' id='word_1_58' title='bbox 1758 664 1893 733; x_wconf 74' lang='grc' dir='ltr'>ἅπαξ</span> 
     </span>
     <span class='ocr_line' id='line_1_8' title="bbox 302 742 1890 818; baseline 0.003 -25"><span class='ocrx_word' id='word_1_59' title='bbox 302 742 545 809; x_wconf 83' lang='grc' dir='ltr'>ᾐρηκότων</span> <span class='ocrx_word' id='word_1_60' title='bbox 570 743 676 798; x_wconf 77' lang='grc' dir='ltr'>τοὺς</span> <span class='ocrx_word' id='word_1_61' title='bbox 709 744 912 800; x_wconf 80' lang='grc' dir='ltr'>ἁλόντας</span> <span class='ocrx_word' id='word_1_62' title='bbox 948 748 1166 813; x_wconf 79' lang='grc' dir='ltr'>γενέσθαι</span> <span class='ocrx_word' id='word_1_63' title='bbox 1193 751 1370 814; x_wconf 81' lang='grc' dir='ltr'>κλῆρον</span> <span class='ocrx_word' id='word_1_64' title='bbox 1397 751 1471 799; x_wconf 81' lang='grc' dir='ltr'>καὶ</span> <span class='ocrx_word' id='word_1_65' title='bbox 1496 746 1656 818; x_wconf 54' lang='grc' dir='ltr'>μερίδα</span> <span class='ocrx_word' id='word_1_66' title='bbox 1682 757 1890 813; x_wconf 88' lang='grc' dir='ltr'>λιπαρω-</span> 
     </span>
     <span class='ocr_line' id='line_1_9' title="bbox 305 824 1889 904; baseline 0.003 -29"><span class='ocrx_word' id='word_1_67' title='bbox 305 824 463 890; x_wconf 79' lang='grc' dir='ltr'>τάτην.</span> <span class='ocrx_word' id='word_1_68' title='bbox 528 827 750 896; x_wconf 84' lang='grc' dir='ltr'>ταύτῃτοί</span> <span class='ocrx_word' id='word_1_69' title='bbox 772 833 896 897; x_wconf 88' lang='grc' dir='ltr'>φησι</span> <span class='ocrx_word' id='word_1_70' title='bbox 925 830 1046 898; x_wconf 83' lang='grc' dir='ltr'>τάχα</span> <span class='ocrx_word' id='word_1_71' title='bbox 1081 854 1173 882; x_wconf 91' lang='grc' dir='ltr'>που</span> <span class='ocrx_word' id='word_1_72' title='bbox 1208 833 1282 882; x_wconf 79' lang='grc' dir='ltr'>καὶ</span> <span class='ocrx_word' id='word_1_73' title='bbox 1317 830 1429 882; x_wconf 64' lang='grc' dir='ltr'>θύσει</span> <span class='ocrx_word' id='word_1_74' title='bbox 1470 837 1518 904; x_wconf 65' lang='grc' dir='ltr'>τῇ</span> <span class='ocrx_word' id='word_1_75' title='bbox 1556 832 1721 903; x_wconf 63' lang='grc' dir='ltr'>σαγήνῃ</span> <span class='ocrx_word' id='word_1_76' title='bbox 1760 832 1889 881; x_wconf 67' lang='grc' dir='ltr'>αὐτοῦ</span> 
     </span>
     <span class='ocr_line' id='line_1_10' title="bbox 308 907 1889 983; baseline 0.006 -26"><span class='ocrx_word' id='word_1_77' title='bbox 308 913 385 957; x_wconf 67' lang='grc' dir='ltr'>καὶ</span> <span class='ocrx_word' id='word_1_78' title='bbox 428 907 627 976; x_wconf 50' lang='lat' dir='ltr'>&amp;apamio-ez</span> <span class='ocrx_word' id='word_1_79' title='bbox 672 916 731 980; x_wconf 74' lang='grc' dir='ltr'>τῷ</span> <span class='ocrx_word' id='word_1_80' title='bbox 775 914 1112 983; x_wconf 61' lang='grc' dir='ltr'>αζμφιβλήστρῳ</span> <span class='ocrx_word' id='word_1_81' title='bbox 1159 915 1303 972; x_wconf 70' lang='grc' dir='ltr'>αὐτοῦ,</span> <span class='ocrx_word' id='word_1_82' title='bbox 1351 913 1565 964; x_wconf 79' lang='grc' dir='ltr'>τουτέστι</span> <span class='ocrx_word' id='word_1_83' title='bbox 1616 917 1715 967; x_wconf 79' lang='grc' dir='ltr'>ταῖς</span> <span class='ocrx_word' id='word_1_84' title='bbox 1759 912 1889 966; x_wconf 77' lang='grc' dir='ltr'>ἰδίαις</span> 
     </span>
     <span class='ocr_line' id='line_1_11' title="bbox 306 988 1960 1062; baseline 0.004 -23"><span class='ocrx_word' id='word_1_85' title='bbox 306 988 547 1053; x_wconf 78' lang='grc' dir='ltr'>δυνάμεσι,</span> <span class='ocrx_word' id='word_1_86' title='bbox 577 993 631 1042; x_wconf 85' lang='grc' dir='ltr'>δι’</span> <span class='ocrx_word' id='word_1_87' title='bbox 662 990 727 1043; x_wconf 75' lang='grc' dir='ltr'>ὧν</span> <span class='ocrx_word' id='word_1_88' title='bbox 757 992 815 1043; x_wconf 87' lang='grc' dir='ltr'>τὰ</span> <span class='ocrx_word' id='word_1_89' title='bbox 853 994 962 1059; x_wconf 71' lang='grc' dir='ltr'>ε”θνη</span> <span class='ocrx_word' id='word_1_90' title='bbox 1000 994 1303 1061; x_wconf 85' lang='grc' dir='ltr'>ἐσαγήνευσε,</span> <span class='ocrx_word' id='word_1_91' title='bbox 1335 998 1410 1046; x_wconf 77' lang='grc' dir='ltr'>καὶ</span> <span class='ocrx_word' id='word_1_92' title='bbox 1444 994 1641 1062; x_wconf 77' lang='grc' dir='ltr'>προσὲτι</span> <span class='ocrx_word' id='word_1_93' title='bbox 1675 995 1758 1046; x_wconf 81' lang='grc' dir='ltr'>τὸν</span> <span class='ocrx_word' id='word_1_94' title='bbox 1783 995 1885 1045; x_wconf 90' lang='grc' dir='ltr'>Ἰσ-</span> <span class='ocrx_word' id='word_1_95' title='bbox 1913 1018 1960 1043; x_wconf 88' lang='lat'>10</span> 
     </span>
     <span class='ocr_line' id='line_1_12' title="bbox 304 1071 1890 1148; baseline 0.005 -27"><span class='ocrx_word' id='word_1_96' title='bbox 304 1071 442 1137; x_wconf 85' lang='grc' dir='ltr'>ραὴλ,</span> <span class='ocrx_word' id='word_1_97' title='bbox 470 1073 642 1142; x_wconf 79' lang='grc' dir='ltr'>ἀνάψει</span> <span class='ocrx_word' id='word_1_98' title='bbox 669 1075 728 1125; x_wconf 84' lang='grc' dir='ltr'>τὰ</span> <span class='ocrx_word' id='word_1_99' title='bbox 753 1076 1051 1143; x_wconf 86' lang='grc' dir='ltr'>χαριστήρια.</span> <span class='ocrx_word' id='word_1_100' title='bbox 1111 1077 1266 1142; x_wconf 85' lang='grc' dir='ltr'>ἐπειδὴ</span> <span class='ocrx_word' id='word_1_101' title='bbox 1294 1078 1342 1129; x_wconf 77' lang='grc' dir='ltr'>δὲ</span> <span class='ocrx_word' id='word_1_102' title='bbox 1368 1079 1476 1128; x_wconf 88' lang='grc' dir='ltr'>λίαν</span> <span class='ocrx_word' id='word_1_103' title='bbox 1504 1079 1628 1148; x_wconf 72' lang='grc' dir='ltr'>αὐτῷ</span> <span class='ocrx_word' id='word_1_104' title='bbox 1651 1076 1705 1129; x_wconf 76' lang='grc' dir='ltr'>τὸ</span> <span class='ocrx_word' id='word_1_105' title='bbox 1731 1081 1890 1145; x_wconf 81' lang='grc' dir='ltr'>χρῆμα</span> 
     </span>
     <span class='ocr_line' id='line_1_13' title="bbox 305 1155 1890 1229; baseline 0.004 -25"><span class='ocrx_word' id='word_1_106' title='bbox 305 1155 558 1218; x_wconf 68' lang='grc' dir='ltr'>ἐκβέβηκεν</span> <span class='ocrx_word' id='word_1_107' title='bbox 595 1159 930 1222; x_wconf 80' lang='grc' dir='ltr'>ε’πιτευκτικῶς,</span> <span class='ocrx_word' id='word_1_108' title='bbox 958 1162 1040 1211; x_wconf 84' lang='grc' dir='ltr'>οὐκ</span> <span class='ocrx_word' id='word_1_109' title='bbox 1072 1159 1129 1210; x_wconf 78' lang='grc' dir='ltr'>ἂν</span> <span class='ocrx_word' id='word_1_110' title='bbox 1163 1160 1425 1229; x_wconf 79' lang='grc' dir='ltr'>ἀπόσχοιτό</span> <span class='ocrx_word' id='word_1_111' title='bbox 1458 1166 1609 1229; x_wconf 90' lang='grc' dir='ltr'>φησιν</span> <span class='ocrx_word' id='word_1_112' title='bbox 1641 1161 1890 1212; x_wconf 47' lang='lat' dir='ltr'>&amp;vomebam</span> 
     </span>
     <span class='ocr_line' id='line_1_14' title="bbox 263 1236 1888 1312; baseline 0.004 -24"><span class='ocrx_word' id='word_1_113' title='bbox 263 1262 284 1288; x_wconf 86' lang='lat' dir='ltr'>c</span> <span class='ocrx_word' id='word_1_114' title='bbox 308 1236 405 1299; x_wconf 79' lang='grc' dir='ltr'>ἔθνη,</span> <span class='ocrx_word' id='word_1_115' title='bbox 432 1240 506 1288; x_wconf 83' lang='grc' dir='ltr'>καὶ</span> <span class='ocrx_word' id='word_1_116' title='bbox 546 1240 704 1306; x_wconf 85' lang='grc' dir='ltr'>φυλὰς</span> <span class='ocrx_word' id='word_1_117' title='bbox 743 1240 977 1308; x_wconf 79' lang='grc' dir='ltr'>ἁρπάζων,</span> <span class='ocrx_word' id='word_1_118' title='bbox 1009 1245 1083 1293; x_wconf 80' lang='grc' dir='ltr'>καὶ</span> <span class='ocrx_word' id='word_1_119' title='bbox 1120 1244 1275 1310; x_wconf 85' lang='grc' dir='ltr'>χώρας</span> <span class='ocrx_word' id='word_1_120' title='bbox 1310 1244 1388 1311; x_wconf 86' lang='grc' dir='ltr'>ὑφ’</span> <span class='ocrx_word' id='word_1_121' title='bbox 1418 1244 1565 1312; x_wconf 75' lang='grc' dir='ltr'>ἑαυτῷ</span> <span class='ocrx_word' id='word_1_122' title='bbox 1601 1243 1888 1306; x_wconf 83' lang='grc' dir='ltr'>ποιούμενος,</span> 
     </span>
     <span class='ocr_line' id='line_1_15' title="bbox 305 1321 1255 1394; baseline 0.006 -24"><span class='ocrx_word' id='word_1_123' title='bbox 305 1321 382 1371; x_wconf 82' lang='grc' dir='ltr'>καὶ</span> <span class='ocrx_word' id='word_1_124' title='bbox 409 1324 594 1388; x_wconf 84' lang='grc' dir='ltr'>φειδοῦς</span> <span class='ocrx_word' id='word_1_125' title='bbox 620 1323 782 1374; x_wconf 80' lang='grc' dir='ltr'>οὐδένα</span> <span class='ocrx_word' id='word_1_126' title='bbox 806 1329 1051 1379; x_wconf 82' lang='grc' dir='ltr'>παντελῶς</span> <span class='ocrx_word' id='word_1_127' title='bbox 1076 1326 1222 1394; x_wconf 77' lang='grc' dir='ltr'>ἀξιῶν</span> <span class='ocrx_word' id='word_1_128' title='bbox 1244 1348 1255 1387; x_wconf 90' lang='grc'><strong>;</strong></span> 
     </span>
     <span class='ocr_line' id='line_1_16' title="bbox 380 1404 1956 1474; baseline 0.003 -21"><span class='ocrx_word' id='word_1_129' title='bbox 380 1404 604 1472; x_wconf 75' lang='grc' dir='ltr'>Πέπραχε</span> <span class='ocrx_word' id='word_1_130' title='bbox 631 1405 678 1456; x_wconf 77' lang='grc' dir='ltr'>δὲ</span> <span class='ocrx_word' id='word_1_131' title='bbox 705 1411 841 1457; x_wconf 82' lang='grc' dir='ltr'>τοῦτο</span> <span class='ocrx_word' id='word_1_132' title='bbox 873 1410 947 1457; x_wconf 78' lang='grc' dir='ltr'>καὶ</span> <span class='ocrx_word' id='word_1_133' title='bbox 982 1407 1101 1458; x_wconf 86' lang='grc' dir='ltr'>κατὰ</span> <span class='ocrx_word' id='word_1_134' title='bbox 1130 1406 1306 1462; x_wconf 79' lang='grc' dir='ltr'>παντὸς</span> <span class='ocrx_word' id='word_1_135' title='bbox 1331 1408 1416 1471; x_wconf 76' lang='grc' dir='ltr'>μὲν</span> <span class='ocrx_word' id='word_1_136' title='bbox 1441 1408 1702 1474; x_wconf 78' lang='grc' dir='ltr'>ἀνθρώπων</span> <span class='ocrx_word' id='word_1_137' title='bbox 1728 1407 1887 1473; x_wconf 79' lang='grc' dir='ltr'>γε’νους</span> <span class='ocrx_word' id='word_1_138' title='bbox 1912 1432 1956 1469; x_wconf 87' lang='lat'>15</span> 
     </span>
     <span class='ocr_line' id='line_1_17' title="bbox 303 1485 1888 1557; baseline 0.005 -23"><span class='ocrx_word' id='word_1_139' title='bbox 303 1485 329 1534; x_wconf 85' lang='grc' dir='ltr'>ὁ</span> <span class='ocrx_word' id='word_1_140' title='bbox 355 1491 577 1549; x_wconf 85' lang='grc' dir='ltr'>σατανᾶς,</span> <span class='ocrx_word' id='word_1_141' title='bbox 606 1491 758 1542; x_wconf 79' lang='grc' dir='ltr'>ἰδικῶς</span> <span class='ocrx_word' id='word_1_142' title='bbox 785 1489 832 1540; x_wconf 75' lang='grc' dir='ltr'>δὲ</span> <span class='ocrx_word' id='word_1_143' title='bbox 860 1489 978 1540; x_wconf 86' lang='grc' dir='ltr'>κατὰ</span> <span class='ocrx_word' id='word_1_144' title='bbox 1012 1495 1095 1541; x_wconf 82' lang='grc' dir='ltr'>τοῦ</span> <span class='ocrx_word' id='word_1_145' title='bbox 1121 1490 1337 1556; x_wconf 82' lang='grc' dir='ltr'>Ἰσραήλ.</span> <span class='ocrx_word' id='word_1_146' title='bbox 1404 1493 1468 1542; x_wconf 71' lang='grc' dir='ltr'>ἑνὶ</span> <span class='ocrx_word' id='word_1_147' title='bbox 1499 1490 1584 1554; x_wconf 77' lang='grc' dir='ltr'>μὲν</span> <span class='ocrx_word' id='word_1_148' title='bbox 1608 1490 1701 1557; x_wconf 84' lang='grc' dir='ltr'>γὰρ</span> <span class='ocrx_word' id='word_1_149' title='bbox 1727 1489 1888 1557; x_wconf 80' lang='grc' dir='ltr'>ὥσπερ</span> 
     </span>
     <span class='ocr_line' id='line_1_18' title="bbox 303 1568 1888 1645; baseline 0.004 -28"><span class='ocrx_word' id='word_1_150' title='bbox 303 1568 420 1637; x_wconf 76' lang='grc' dir='ltr'>λίνῳ</span> <span class='ocrx_word' id='word_1_151' title='bbox 459 1572 533 1619; x_wconf 82' lang='grc' dir='ltr'>καὶ</span> <span class='ocrx_word' id='word_1_152' title='bbox 574 1573 741 1645; x_wconf 59' lang='grc' dir='ltr'>σαγήνῃ</span> <span class='ocrx_word' id='word_1_153' title='bbox 780 1576 878 1639; x_wconf 74' lang='grc' dir='ltr'>μιᾷ,</span> <span class='ocrx_word' id='word_1_154' title='bbox 906 1577 963 1640; x_wconf 82' lang='grc' dir='ltr'>τῇ</span> <span class='ocrx_word' id='word_1_155' title='bbox 1003 1575 1084 1636; x_wconf 77' lang='grc' dir='ltr'>τῆς</span> <span class='ocrx_word' id='word_1_156' title='bbox 1124 1575 1351 1638; x_wconf 83' lang='grc' dir='ltr'>ἁμαρτίας</span> <span class='ocrx_word' id='word_1_157' title='bbox 1384 1575 1518 1640; x_wconf 74' lang='grc' dir='ltr'>φημὶ,</span> <span class='ocrx_word' id='word_1_158' title='bbox 1545 1574 1888 1639; x_wconf 69' lang='grc' dir='ltr'>περιβέβληκεν</span> 
     </span>
     <span class='ocr_line' id='line_1_19' title="bbox 302 1648 1885 1720; baseline 0.003 -20"><span class='ocrx_word' id='word_1_159' title='bbox 302 1648 531 1705; x_wconf 83' lang='grc' dir='ltr'>ἅπαντας·</span> <span class='ocrx_word' id='word_1_160' title='bbox 584 1654 665 1715; x_wconf 80' lang='grc' dir='ltr'>τῆς</span> <span class='ocrx_word' id='word_1_161' title='bbox 708 1652 857 1718; x_wconf 86' lang='grc' dir='ltr'>γεμὴν</span> <span class='ocrx_word' id='word_1_162' title='bbox 907 1658 971 1707; x_wconf 81' lang='grc' dir='ltr'>εἷς</span> <span class='ocrx_word' id='word_1_163' title='bbox 1022 1656 1237 1720; x_wconf 84' lang='grc' dir='ltr'>Χριστὸν</span> <span class='ocrx_word' id='word_1_164' title='bbox 1290 1656 1420 1706; x_wconf 82' lang='grc' dir='ltr'>ἕνεκα</span> <span class='ocrx_word' id='word_1_165' title='bbox 1469 1656 1764 1715; x_wconf 84' lang='grc' dir='ltr'>δυσσεβείας,</span> <span class='ocrx_word' id='word_1_166' title='bbox 1812 1657 1885 1705; x_wconf 77' lang='grc' dir='ltr'>καὶ</span> 
     </span>
     <span class='ocr_line' id='line_1_20' title="bbox 303 1733 1881 1806; baseline 0.003 -23"><span class='ocrx_word' id='word_1_167' title='bbox 303 1736 456 1787; x_wconf 79' lang='grc' dir='ltr'>ἷδικῶς</span> <span class='ocrx_word' id='word_1_168' title='bbox 480 1733 563 1784; x_wconf 80' lang='grc' dir='ltr'>τὸν</span> <span class='ocrx_word' id='word_1_169' title='bbox 588 1734 809 1801; x_wconf 87' lang='grc' dir='ltr'>Ἰσραήλ.</span> <span class='ocrx_word' id='word_1_170' title='bbox 873 1735 934 1787; x_wconf 69' lang='grc' dir='ltr'>τα.</span> <span class='ocrx_word' id='word_1_171' title='bbox 957 1736 1052 1803; x_wconf 84' lang='grc' dir='ltr'>γὰρ</span> <span class='ocrx_word' id='word_1_172' title='bbox 1077 1738 1305 1806; x_wconf 69' lang='grc' dir='ltr'>βρώματα</span> <span class='ocrx_word' id='word_1_173' title='bbox 1331 1740 1462 1789; x_wconf 63' lang='grc' dir='ltr'>αὐτοῦ</span> <span class='ocrx_word' id='word_1_174' title='bbox 1489 1739 1641 1806; x_wconf 71' lang='grc' dir='ltr'>φησὶν</span> <span class='ocrx_word' id='word_1_175' title='bbox 1667 1737 1881 1788; x_wconf 69' lang='grc' dir='ltr'>ἐκλεκτοί.</span> 
     </span>
    </p>
   </div>
   <div class='ocr_carea' id='block_1_3' title="bbox 301 1815 1956 1886">
    <p class='ocr_par' dir='ltr' id='par_1_3' title="bbox 301 1815 1956 1886">
     <span class='ocr_line' id='line_1_21' title="bbox 301 1815 1956 1886; baseline 0.004 -21"><span class='ocrx_word' id='word_1_176' title='bbox 301 1815 555 1867; x_wconf 85' lang='grc' dir='ltr'>ἀπόλεκτοι</span> <span class='ocrx_word' id='word_1_177' title='bbox 594 1817 641 1867; x_wconf 79' lang='grc' dir='ltr'>δὲ</span> <span class='ocrx_word' id='word_1_178' title='bbox 681 1820 755 1868; x_wconf 78' lang='grc' dir='ltr'>καὶ</span> <span class='ocrx_word' id='word_1_179' title='bbox 790 1817 909 1868; x_wconf 87' lang='grc' dir='ltr'>κατὰ</span> <span class='ocrx_word' id='word_1_180' title='bbox 943 1818 1026 1869; x_wconf 82' lang='grc' dir='ltr'>τὸν</span> <span class='ocrx_word' id='word_1_181' title='bbox 1048 1820 1154 1880; x_wconf 86' lang='grc' dir='ltr'>βίον</span> <span class='ocrx_word' id='word_1_182' title='bbox 1179 1819 1308 1886; x_wconf 77' lang='grc' dir='ltr'>παρὰ</span> <span class='ocrx_word' id='word_1_183' title='bbox 1339 1819 1447 1874; x_wconf 75' lang='grc' dir='ltr'>τοὺς</span> <span class='ocrx_word' id='word_1_184' title='bbox 1472 1821 1650 1874; x_wconf 77' lang='grc' dir='ltr'>ἄλλους</span> <span class='ocrx_word' id='word_1_185' title='bbox 1677 1819 1884 1874; x_wconf 82' lang='grc' dir='ltr'>ἅπαντας</span> <span class='ocrx_word' id='word_1_186' title='bbox 1908 1846 1956 1871; x_wconf 87' lang='lat'>20</span> 
     </span>
    </p>
   </div>
   <div class='ocr_carea' id='block_1_4' title="bbox 76 1893 241 1979">
    <p class='ocr_par' dir='ltr' id='par_1_4' title="bbox 76 1893 241 1979">
     <span class='ocr_line' id='line_1_22' title="bbox 80 1893 178 1923; baseline 0.01 -1"><span class='ocrx_word' id='word_1_187' title='bbox 80 1893 178 1923; x_wconf 60' lang='lat' dir='ltr'><strong>Dent.</strong></span> 
     </span>
     <span class='ocr_line' id='line_1_23' title="bbox 76 1939 241 1979; baseline 0.012 -13"><span class='ocrx_word' id='word_1_188' title='bbox 76 1939 241 1979; x_wconf 43' lang='lat' dir='ltr'>,xxxiifisy</span> 
     </span>
    </p>
   </div>
   <div class='ocr_carea' id='block_1_5' title="bbox 254 1896 1952 2381">
    <p class='ocr_par' dir='ltr' id='par_1_5' title="bbox 302 1896 1885 1971">
     <span class='ocr_line' id='line_1_24' title="bbox 302 1896 1885 1971; baseline 0.005 -23"><span class='ocrx_word' id='word_1_189' title='bbox 302 1896 529 1949; x_wconf 83' lang='grc' dir='ltr'>Ἰουδαῖοι.</span> <span class='ocrx_word' id='word_1_190' title='bbox 563 1898 724 1950; x_wconf 71' lang='grc' dir='ltr'>“”Οτε</span> <span class='ocrx_word' id='word_1_191' title='bbox 759 1898 869 1967; x_wconf 77' lang='grc' dir='ltr'>γὰρ,</span> <span class='ocrx_word' id='word_1_192' title='bbox 913 1903 1048 1970; x_wconf 77' lang='grc' dir='ltr'>φησὶ,</span> <span class='ocrx_word' id='word_1_193' title='bbox 1083 1904 1328 1970; x_wconf 72' lang='grc' dir='ltr'>διεμέριζεν</span> <span class='ocrx_word' id='word_1_194' title='bbox 1355 1902 1644 1971; x_wconf 69' lang='grc' dir='ltr'>ὀ“Υψιστος</span> <span class='ocrx_word' id='word_1_195' title='bbox 1674 1902 1797 1967; x_wconf 76' lang='grc' dir='ltr'>ἔθνη,</span> <span class='ocrx_word' id='word_1_196' title='bbox 1824 1905 1885 1957; x_wconf 86' lang='grc' dir='ltr'>ὡς</span> 
     </span>
    </p>

    <p class='ocr_par' dir='ltr' id='par_1_6' title="bbox 254 1981 1952 2381">
     <span class='ocr_line' id='line_1_25' title="bbox 254 1981 1886 2052; baseline 0.004 -22"><span class='ocrx_word' id='word_1_197' title='bbox 254 1982 280 2023; x_wconf 69' lang='lat' dir='ltr'>&lt;l</span> <span class='ocrx_word' id='word_1_198' title='bbox 303 1987 329 2009; x_wconf 72' lang='lat'>‘⁸&#39;</span> <span class='ocrx_word' id='word_1_199' title='bbox 356 1981 615 2048; x_wconf 75' lang='grc' dir='ltr'>διέσπειρεν</span> <span class='ocrx_word' id='word_1_200' title='bbox 643 1982 764 2036; x_wconf 76' lang='grc' dir='ltr'>υἱοὺς</span> <span class='ocrx_word' id='word_1_201' title='bbox 790 1982 961 2048; x_wconf 80' lang='grc' dir='ltr'>Ἀδὰμ,</span> <span class='ocrx_word' id='word_1_202' title='bbox 988 1983 1194 2049; x_wconf 74' lang='grc' dir='ltr'>ἔστησεν</span> <span class='ocrx_word' id='word_1_203' title='bbox 1226 1985 1330 2052; x_wconf 82' lang='grc' dir='ltr'>ὅρια</span> <span class='ocrx_word' id='word_1_204' title='bbox 1364 1987 1510 2036; x_wconf 85' lang='grc' dir='ltr'>ἐθνῶν</span> <span class='ocrx_word' id='word_1_205' title='bbox 1538 1984 1656 2036; x_wconf 87' lang='grc' dir='ltr'>κατὰ</span> <span class='ocrx_word' id='word_1_206' title='bbox 1688 1985 1886 2051; x_wconf 83' lang='grc' dir='ltr'>ἀριθμὸν</span> 
     </span>
     <span class='ocr_line' id='line_1_26' title="bbox 304 2062 1886 2135; baseline 0.004 -22"><span class='ocrx_word' id='word_1_207' title='bbox 304 2071 331 2093; x_wconf 84' lang='grc'><strong>“</strong></span> <span class='ocrx_word' id='word_1_208' title='bbox 357 2062 578 2130; x_wconf 82' lang='grc' dir='ltr'>ἀγγέλων</span> <span class='ocrx_word' id='word_1_209' title='bbox 622 2069 762 2127; x_wconf 77' lang='grc' dir='ltr'>Θεοῦ,</span> <span class='ocrx_word' id='word_1_210' title='bbox 809 2068 884 2116; x_wconf 80' lang='grc' dir='ltr'>καὶ</span> <span class='ocrx_word' id='word_1_211' title='bbox 934 2067 1130 2132; x_wconf 85' lang='grc' dir='ltr'>ἐγενήθη</span> <span class='ocrx_word' id='word_1_212' title='bbox 1174 2070 1302 2134; x_wconf 75' lang='grc' dir='ltr'>μερὶς</span> <span class='ocrx_word' id='word_1_213' title='bbox 1356 2069 1533 2135; x_wconf 86' lang='grc' dir='ltr'>Κυρίου</span> <span class='ocrx_word' id='word_1_214' title='bbox 1582 2066 1699 2122; x_wconf 80' lang='grc' dir='ltr'>λαὸς</span> <span class='ocrx_word' id='word_1_215' title='bbox 1744 2069 1886 2119; x_wconf 83' lang='grc' dir='ltr'>αὑτοῦ</span> 
     </span>
     <span class='ocr_line' id='line_1_27' title="bbox 303 2145 1879 2219; baseline 0.002 -23"><span class='ocrx_word' id='word_1_216' title='bbox 303 2153 329 2175; x_wconf 78' lang='grc'>“</span> <span class='ocrx_word' id='word_1_217' title='bbox 353 2145 538 2209; x_wconf 81' lang='grc' dir='ltr'>Ἰακὼβ,</span> <span class='ocrx_word' id='word_1_218' title='bbox 587 2148 849 2215; x_wconf 82' lang='grc' dir='ltr'>σχοίνισμα</span> <span class='ocrx_word' id='word_1_219' title='bbox 897 2151 1209 2214; x_wconf 88' lang='grc' dir='ltr'>κληρονομίας</span> <span class='ocrx_word' id='word_1_220' title='bbox 1261 2151 1402 2201; x_wconf 80' lang='grc' dir='ltr'>αὐτοῦ</span> <span class='ocrx_word' id='word_1_221' title='bbox 1450 2149 1696 2216; x_wconf 84' lang='grc' dir='ltr'>Ἰσραήλ.”</span> <span class='ocrx_word' id='word_1_222' title='bbox 1761 2151 1879 2219; x_wconf 75' lang='grc' dir='ltr'>ἐξει-</span> 
     </span>
     <span class='ocr_line' id='line_1_28' title="bbox 301 2229 1952 2300; baseline 0.002 -22"><span class='ocrx_word' id='word_1_223' title='bbox 301 2229 527 2294; x_wconf 73' lang='grc' dir='ltr'>λεγμένος</span> <span class='ocrx_word' id='word_1_224' title='bbox 565 2230 646 2280; x_wconf 78' lang='grc' dir='ltr'>οὖν</span> <span class='ocrx_word' id='word_1_225' title='bbox 685 2230 775 2296; x_wconf 78' lang='grc' dir='ltr'>ἄρα</span> <span class='ocrx_word' id='word_1_226' title='bbox 813 2230 944 2297; x_wconf 80' lang='grc' dir='ltr'>παρὰ</span> <span class='ocrx_word' id='word_1_227' title='bbox 981 2231 1088 2286; x_wconf 76' lang='grc' dir='ltr'>τοὺς</span> <span class='ocrx_word' id='word_1_228' title='bbox 1127 2233 1307 2287; x_wconf 74' lang='grc' dir='ltr'>ἄλλους</span> <span class='ocrx_word' id='word_1_229' title='bbox 1335 2235 1359 2284; x_wconf 86' lang='grc' dir='ltr'><em>ὁ</em></span> <span class='ocrx_word' id='word_1_230' title='bbox 1386 2232 1601 2300; x_wconf 88' lang='grc' dir='ltr'>Ἰσραὴλ,</span> <span class='ocrx_word' id='word_1_231' title='bbox 1629 2234 1690 2286; x_wconf 88' lang='grc' dir='ltr'>ὡς</span> <span class='ocrx_word' id='word_1_232' title='bbox 1726 2235 1801 2282; x_wconf 79' lang='grc' dir='ltr'>καὶ</span> <span class='ocrx_word' id='word_1_233' title='bbox 1836 2233 1883 2283; x_wconf 86' lang='grc' dir='ltr'>ἐν</span> <span class='ocrx_word' id='word_1_234' title='bbox 1905 2255 1952 2292; x_wconf 84' lang='lat'>25</span> 
     </span>
     <span class='ocr_line' id='line_1_29' title="bbox 301 2311 1883 2381; baseline 0.001 -19"><span class='ocrx_word' id='word_1_235' title='bbox 301 2312 474 2365; x_wconf 76' lang='grc' dir='ltr'>τέκνοις</span> <span class='ocrx_word' id='word_1_236' title='bbox 512 2311 824 2378; x_wconf 85' lang='grc' dir='ltr'>πρωτότοκος,</span> <span class='ocrx_word' id='word_1_237' title='bbox 867 2316 930 2367; x_wconf 85' lang='grc' dir='ltr'>ὡς</span> <span class='ocrx_word' id='word_1_238' title='bbox 973 2315 1022 2364; x_wconf 84' lang='grc' dir='ltr'>ἐκ</span> <span class='ocrx_word' id='word_1_239' title='bbox 1064 2315 1189 2381; x_wconf 87' lang='grc' dir='ltr'>ῥίζης</span> <span class='ocrx_word' id='word_1_240' title='bbox 1228 2316 1376 2381; x_wconf 86' lang='grc' dir='ltr'>ἁγίας,</span> <span class='ocrx_word' id='word_1_241' title='bbox 1412 2318 1494 2379; x_wconf 86' lang='grc' dir='ltr'>τῆς</span> <span class='ocrx_word' id='word_1_242' title='bbox 1537 2319 1631 2365; x_wconf 81' lang='grc' dir='ltr'>τῶν</span> <span class='ocrx_word' id='word_1_243' title='bbox 1668 2314 1883 2380; x_wconf 77' lang='grc' dir='ltr'>πατέρων</span> 
     </span>
    </p>
   </div>
   <div class='ocr_carea' id='block_1_6' title="bbox 351 2502 1880 2549">
    <p class='ocr_par' dir='ltr' id='par_1_7' title="bbox 351 2502 1880 2549">
     <span class='ocr_line' id='line_1_30' title="bbox 351 2502 1880 2549; baseline -0.002 -10"><span class='ocrx_word' id='word_1_244' title='bbox 351 2517 379 2539; x_wconf 96' lang='lat'>1.</span> <span class='ocrx_word' id='word_1_245' title='bbox 405 2505 649 2549; x_wconf 79' lang='grc' dir='ltr'>προυξενηκόσι</span> <span class='ocrx_word' id='word_1_246' title='bbox 670 2505 714 2538; x_wconf 88' lang='lat' dir='ltr'>D.</span> <span class='ocrx_word' id='word_1_247' title='bbox 780 2519 881 2548; x_wconf 84' lang='grc' dir='ltr'>πεπρ.</span> <span class='ocrx_word' id='word_1_248' title='bbox 900 2504 940 2549; x_wconf 81' lang='grc' dir='ltr'>φ.</span> <span class='ocrx_word' id='word_1_249' title='bbox 959 2506 977 2537; x_wconf 93' lang='grc' dir='ltr'>ὁ</span> <span class='ocrx_word' id='word_1_250' title='bbox 1002 2518 1060 2548; x_wconf 90' lang='grc' dir='ltr'>πρ.</span> <span class='ocrx_word' id='word_1_251' title='bbox 1087 2504 1153 2539; x_wconf 87' lang='lat' dir='ltr'>hoc</span> <span class='ocrx_word' id='word_1_252' title='bbox 1179 2503 1299 2538; x_wconf 80' lang='lat' dir='ltr'>ordine</span> <span class='ocrx_word' id='word_1_253' title='bbox 1319 2503 1364 2538; x_wconf 88' lang='lat' dir='ltr'>D.</span> <span class='ocrx_word' id='word_1_254' title='bbox 1382 2518 1483 2547; x_wconf 87' lang='grc' dir='ltr'>πεπρ.</span> <span class='ocrx_word' id='word_1_255' title='bbox 1502 2506 1583 2547; x_wconf 77' lang='lat' dir='ltr'><strong>post</strong></span> <span class='ocrx_word' id='word_1_256' title='bbox 1599 2504 1707 2548; x_wconf 87' lang='grc' dir='ltr'>προφ.</span> <span class='ocrx_word' id='word_1_257' title='bbox 1725 2509 1769 2537; x_wconf 91' lang='lat' dir='ltr'>tr.</span> <span class='ocrx_word' id='word_1_258' title='bbox 1789 2502 1880 2537; x_wconf 85' lang='lat' dir='ltr'><strong>Edd.</strong></span> 
     </span>
    </p>
   </div>
   <div class='ocr_carea' id='block_1_7' title="bbox 299 2549 1880 2969">
    <p class='ocr_par' dir='ltr' id='par_1_8' title="bbox 299 2549 1880 2969">
     <span class='ocr_line' id='line_1_31' title="bbox 300 2549 1880 2597; baseline -0.002 -11"><span class='ocrx_word' id='word_1_259' title='bbox 300 2564 333 2596; x_wconf 80' lang='grc'>3.</span> <span class='ocrx_word' id='word_1_260' title='bbox 361 2552 490 2597; x_wconf 69' lang='grc' dir='ltr'>σαγήνῃ</span> <span class='ocrx_word' id='word_1_261' title='bbox 510 2553 556 2586; x_wconf 87' lang='lat' dir='ltr'>D.</span> <span class='ocrx_word' id='word_1_262' title='bbox 606 2553 708 2586; x_wconf 77' lang='grc' dir='ltr'>αὐτοῦ</span> <span class='ocrx_word' id='word_1_263' title='bbox 725 2558 945 2596; x_wconf 80' lang='lat' dir='ltr'>assumptum</span> <span class='ocrx_word' id='word_1_264' title='bbox 964 2563 1004 2585; x_wconf 80' lang='lat' dir='ltr'>ex</span> <span class='ocrx_word' id='word_1_265' title='bbox 1026 2552 1071 2585; x_wconf 88' lang='lat' dir='ltr'>D.</span> <span class='ocrx_word' id='word_1_266' title='bbox 1288 2563 1321 2592; x_wconf 97' lang='lat'>4.</span> <span class='ocrx_word' id='word_1_267' title='bbox 1345 2551 1540 2595; x_wconf 72' lang='grc' dir='ltr'>περιβαλὼν</span> <span class='ocrx_word' id='word_1_268' title='bbox 1560 2550 1605 2583; x_wconf 91' lang='lat' dir='ltr'>D.</span> <span class='ocrx_word' id='word_1_269' title='bbox 1623 2551 1819 2594; x_wconf 78' lang='grc' dir='ltr'>περιλαβὼν</span> <span class='ocrx_word' id='word_1_270' title='bbox 1838 2549 1880 2583; x_wconf 88' lang='grc' dir='ltr'>Β.</span> 
     </span>
     <span class='ocr_line' id='line_1_32' title="bbox 299 2565 1879 2643; baseline -0.001 -11"><span class='ocrx_word' id='word_1_271' title='bbox 299 2601 508 2643; x_wconf 80' lang='grc' dir='ltr'>παραβαλὼν</span> <span class='ocrx_word' id='word_1_272' title='bbox 527 2599 618 2633; x_wconf 81' lang='lat' dir='ltr'><strong>Edd.</strong></span> <span class='ocrx_word' id='word_1_273' title='bbox 868 2609 901 2641; x_wconf 85' lang='lat'>5.</span> <span class='ocrx_word' id='word_1_274' title='bbox 928 2599 1044 2643; x_wconf 82' lang='grc' dir='ltr'>ὥσπερ</span> <span class='ocrx_word' id='word_1_275' title='bbox 1063 2598 1109 2634; x_wconf 82' lang='grc' dir='ltr'>εἷς</span> <span class='ocrx_word' id='word_1_276' title='bbox 1129 2598 1173 2632; x_wconf 89' lang='lat' dir='ltr'>D.</span> <span class='ocrx_word' id='word_1_277' title='bbox 1388 2565 1443 2631; x_wconf 80' lang='grc' dir='ltr'>ρ.6</span> <span class='ocrx_word' id='word_1_278' title='bbox 1468 2595 1646 2642; x_wconf 82' lang='grc' dir='ltr'>παραθεὶς]</span> <span class='ocrx_word' id='word_1_279' title='bbox 1667 2597 1773 2632; x_wconf 85' lang='grc' dir='ltr'>τεθεὶς</span> <span class='ocrx_word' id='word_1_280' title='bbox 1787 2596 1879 2630; x_wconf 86' lang='lat' dir='ltr'><strong>Edd.</strong></span> 
     </span>
     <span class='ocr_line' id='line_1_33' title="bbox 300 2642 1880 2691; baseline -0.001 -13"><span class='ocrx_word' id='word_1_281' title='bbox 300 2648 334 2678; x_wconf 71' lang='lat'>8.</span> <span class='ocrx_word' id='word_1_282' title='bbox 361 2647 412 2679; x_wconf 82' lang='grc' dir='ltr'>καὶ</span> <span class='ocrx_word' id='word_1_283' title='bbox 431 2659 500 2680; x_wconf 91' lang='lat' dir='ltr'>om.</span> <span class='ocrx_word' id='word_1_284' title='bbox 521 2647 566 2680; x_wconf 89' lang='lat' dir='ltr'><strong>D.</strong></span> <span class='ocrx_word' id='word_1_285' title='bbox 752 2657 785 2691; x_wconf 90' lang='lat'>9.</span> <span class='ocrx_word' id='word_1_286' title='bbox 811 2643 967 2679; x_wconf 82' lang='grc' dir='ltr'>τουτέστι</span> <span class='ocrx_word' id='word_1_287' title='bbox 985 2658 1039 2679; x_wconf 77' lang='lat' dir='ltr'>as</span> <span class='ocrx_word' id='word_1_288' title='bbox 1034 2651 1207 2690; x_wconf 87' lang='lat' dir='ltr'>umptum</span> <span class='ocrx_word' id='word_1_289' title='bbox 1224 2656 1265 2678; x_wconf 82' lang='lat' dir='ltr'>ex</span> <span class='ocrx_word' id='word_1_290' title='bbox 1285 2644 1326 2678; x_wconf 94' lang='grc' dir='ltr'>Β.</span> <span class='ocrx_word' id='word_1_291' title='bbox 1332 2644 1378 2678; x_wconf 91' lang='lat' dir='ltr'>D.</span> <span class='ocrx_word' id='word_1_292' title='bbox 1571 2654 1624 2677; x_wconf 92' lang='lat'>10.</span> <span class='ocrx_word' id='word_1_293' title='bbox 1651 2642 1880 2687; x_wconf 80' lang='grc' dir='ltr'>σεσαγήνευκε</span> 
     </span>
     <span class='ocr_line' id='line_1_34' title="bbox 300 2689 1880 2737; baseline -0.001 -12"><span class='ocrx_word' id='word_1_294' title='bbox 300 2693 341 2725; x_wconf 84' lang='grc' dir='ltr'>τὰ</span> <span class='ocrx_word' id='word_1_295' title='bbox 358 2693 434 2735; x_wconf 73' lang='grc' dir='ltr'>ἔθνη</span> <span class='ocrx_word' id='word_1_296' title='bbox 449 2693 493 2727; x_wconf 92' lang='lat' dir='ltr'>D.</span> <span class='ocrx_word' id='word_1_297' title='bbox 635 2704 687 2726; x_wconf 87' lang='lat'>11.</span> <span class='ocrx_word' id='word_1_298' title='bbox 706 2691 840 2736; x_wconf 71' lang='grc' dir='ltr'>ἀνάψεις</span> <span class='ocrx_word' id='word_1_299' title='bbox 857 2707 916 2735; x_wconf 85' lang='grc' dir='ltr'>την</span> <span class='ocrx_word' id='word_1_300' title='bbox 936 2691 990 2736; x_wconf 80' lang='grc' dir='ltr'>[τὸ</span> <span class='ocrx_word' id='word_1_301' title='bbox 1011 2692 1145 2737; x_wconf 57' lang='lat' dir='ltr'><strong>Bfigne.</strong></span> <span class='ocrx_word' id='word_1_302' title='bbox 1150 2690 1164 2737; x_wconf 86' lang='grc'>]</span> <span class='ocrx_word' id='word_1_303' title='bbox 1183 2689 1404 2737; x_wconf 77' lang='grc' dir='ltr'>χαριστήριον</span> <span class='ocrx_word' id='word_1_304' title='bbox 1422 2689 1513 2724; x_wconf 81' lang='lat' dir='ltr'><strong>Edd.</strong></span> <span class='ocrx_word' id='word_1_305' title='bbox 1563 2691 1635 2724; x_wconf 73' lang='grc' dir='ltr'>ἐπεὶ</span> <span class='ocrx_word' id='word_1_306' title='bbox 1653 2691 1689 2724; x_wconf 81' lang='grc' dir='ltr'>δὲ</span> <span class='ocrx_word' id='word_1_307' title='bbox 1710 2690 1756 2724; x_wconf 92' lang='lat' dir='ltr'>D.</span> <span class='ocrx_word' id='word_1_308' title='bbox 1806 2690 1880 2726; x_wconf 75' lang='grc' dir='ltr'>ἐκβ.</span> 
     </span>
     <span class='ocr_line' id='line_1_35' title="bbox 301 2736 1878 2783; baseline -0.002 -11"><span class='ocrx_word' id='word_1_309' title='bbox 301 2740 339 2772; x_wconf 84' lang='grc' dir='ltr'>τὸ</span> <span class='ocrx_word' id='word_1_310' title='bbox 356 2753 412 2783; x_wconf 85' lang='grc' dir='ltr'>χρ.</span> <span class='ocrx_word' id='word_1_311' title='bbox 431 2739 501 2773; x_wconf 83' lang='lat' dir='ltr'><strong>inv.</strong></span> <span class='ocrx_word' id='word_1_312' title='bbox 520 2739 594 2774; x_wconf 82' lang='lat' dir='ltr'><strong>Old.</strong></span> <span class='ocrx_word' id='word_1_313' title='bbox 615 2739 660 2773; x_wconf 89' lang='lat' dir='ltr'>D.</span> <span class='ocrx_word' id='word_1_314' title='bbox 948 2750 1001 2772; x_wconf 83' lang='lat'>12.</span> <span class='ocrx_word' id='word_1_315' title='bbox 1025 2739 1215 2773; x_wconf 81' lang='grc' dir='ltr'>ἀποκτένων</span> <span class='ocrx_word' id='word_1_316' title='bbox 1234 2738 1275 2771; x_wconf 85' lang='lat' dir='ltr'>B.</span> <span class='ocrx_word' id='word_1_317' title='bbox 1283 2738 1327 2771; x_wconf 91' lang='lat' dir='ltr'>D.</span> <span class='ocrx_word' id='word_1_318' title='bbox 1345 2737 1549 2772; x_wconf 81' lang='grc' dir='ltr'>ἀποκτείνων</span> <span class='ocrx_word' id='word_1_319' title='bbox 1566 2737 1626 2781; x_wconf 80' lang='lat' dir='ltr'>(ut</span> <span class='ocrx_word' id='word_1_320' title='bbox 1643 2736 1766 2781; x_wconf 75' lang='lat' dir='ltr'>supla)</span> <span class='ocrx_word' id='word_1_321' title='bbox 1787 2736 1878 2770; x_wconf 86' lang='lat' dir='ltr'><strong>Edd.</strong></span> 
     </span>
     <span class='ocr_line' id='line_1_36' title="bbox 306 2782 1879 2830; baseline -0.001 -12"><span class='ocrx_word' id='word_1_322' title='bbox 306 2796 357 2829; x_wconf 84' lang='lat'>13.</span> <span class='ocrx_word' id='word_1_323' title='bbox 384 2785 441 2829; x_wconf 66' lang='grc' dir='ltr'>ἐφ’</span> <span class='ocrx_word' id='word_1_324' title='bbox 461 2787 578 2820; x_wconf 81' lang='grc' dir='ltr'>ἑαυτοῦ</span> <span class='ocrx_word' id='word_1_325' title='bbox 596 2786 655 2820; x_wconf 83' lang='lat' dir='ltr'><strong>iid.</strong></span> <span class='ocrx_word' id='word_1_326' title='bbox 814 2785 865 2820; x_wconf 86' lang='lat'>16.</span> <span class='ocrx_word' id='word_1_327' title='bbox 892 2785 945 2830; x_wconf 75' lang='grc' dir='ltr'>δέ]</span> <span class='ocrx_word' id='word_1_328' title='bbox 970 2790 1006 2826; x_wconf 60' lang='lat'>4-</span> <span class='ocrx_word' id='word_1_329' title='bbox 1028 2786 1081 2819; x_wconf 81' lang='grc' dir='ltr'>καὶ</span> <span class='ocrx_word' id='word_1_330' title='bbox 1098 2785 1156 2819; x_wconf 84' lang='lat' dir='ltr'><strong>iid.</strong></span> <span class='ocrx_word' id='word_1_331' title='bbox 1174 2785 1233 2819; x_wconf 84' lang='lat' dir='ltr'>inv</span> <span class='ocrx_word' id='word_1_332' title='bbox 1234 2785 1281 2818; x_wconf 84' lang='lat' dir='ltr'>ito</span> <span class='ocrx_word' id='word_1_333' title='bbox 1300 2784 1346 2818; x_wconf 90' lang='lat' dir='ltr'>D.</span> <span class='ocrx_word' id='word_1_334' title='bbox 1504 2794 1557 2828; x_wconf 87' lang='lat'>17.</span> <span class='ocrx_word' id='word_1_335' title='bbox 1583 2786 1641 2827; x_wconf 79' lang='grc' dir='ltr'>μιᾷ</span> <span class='ocrx_word' id='word_1_336' title='bbox 1661 2782 1789 2828; x_wconf 77' lang='grc' dir='ltr'>σαγήνῃ</span> <span class='ocrx_word' id='word_1_337' title='bbox 1807 2783 1879 2818; x_wconf 84' lang='lat' dir='ltr'><strong>inv.</strong></span> 
     </span>
     <span class='ocr_line' id='line_1_37' title="bbox 299 2829 1878 2867; baseline -0.004 1"><span class='ocrx_word' id='word_1_338' title='bbox 299 2832 377 2865; x_wconf 77' lang='lat' dir='ltr'><strong>Ol‘d</strong></span> <span class='ocrx_word' id='word_1_339' title='bbox 398 2832 442 2864; x_wconf 86' lang='lat' dir='ltr'>l).</span> <span class='ocrx_word' id='word_1_340' title='bbox 668 2834 718 2867; x_wconf 80' lang='lat'>18.</span> <span class='ocrx_word' id='word_1_341' title='bbox 746 2833 851 2867; x_wconf 83' lang='grc' dir='ltr'>δυσσ.</span> <span class='ocrx_word' id='word_1_342' title='bbox 870 2832 963 2867; x_wconf 80' lang='grc' dir='ltr'>ἕνεκα</span> <span class='ocrx_word' id='word_1_343' title='bbox 982 2833 1051 2866; x_wconf 85' lang='lat' dir='ltr'><strong>inv.</strong></span> <span class='ocrx_word' id='word_1_344' title='bbox 1070 2832 1144 2867; x_wconf 85' lang='lat' dir='ltr'><strong>01·.d</strong></span> <span class='ocrx_word' id='word_1_345' title='bbox 1166 2832 1211 2865; x_wconf 93' lang='lat' dir='ltr'>D.</span> <span class='ocrx_word' id='word_1_346' title='bbox 1428 2840 1483 2864; x_wconf 87' lang='lat'>20.</span> <span class='ocrx_word' id='word_1_347' title='bbox 1513 2830 1694 2864; x_wconf 82' lang='grc' dir='ltr'>ἀπόλεκτοι</span> <span class='ocrx_word' id='word_1_348' title='bbox 1714 2830 1759 2863; x_wconf 90' lang='lat' dir='ltr'>D.</span> <span class='ocrx_word' id='word_1_349' title='bbox 1778 2829 1878 2864; x_wconf 79' lang='grc' dir='ltr'>ἀπόδ.</span> 
     </span>
     <span class='ocr_line' id='line_1_38' title="bbox 302 2876 1876 2924; baseline -0.001 -12.994"><span class='ocrx_word' id='word_1_350' title='bbox 302 2877 393 2912; x_wconf 78' lang='lat' dir='ltr'><strong>Edd.</strong></span> <span class='ocrx_word' id='word_1_351' title='bbox 443 2879 495 2911; x_wconf 84' lang='grc' dir='ltr'>καὶ</span> <span class='ocrx_word' id='word_1_352' title='bbox 512 2892 581 2913; x_wconf 84' lang='grc' dir='ltr'>01η.</span> <span class='ocrx_word' id='word_1_353' title='bbox 602 2880 647 2913; x_wconf 88' lang='lat' dir='ltr'>D.</span> <span class='ocrx_word' id='word_1_354' title='bbox 931 2890 986 2913; x_wconf 82' lang='lat'>22.</span> <span class='ocrx_word' id='word_1_355' title='bbox 1011 2878 1134 2924; x_wconf 72' lang='grc' dir='ltr'>Ἄδιιμ]</span> <span class='ocrx_word' id='word_1_356' title='bbox 1156 2879 1255 2922; x_wconf 87' lang='grc' dir='ltr'>Εδὼμ</span> <span class='ocrx_word' id='word_1_357' title='bbox 1274 2877 1364 2911; x_wconf 84' lang='lat' dir='ltr'><strong>Edd.</strong></span> <span class='ocrx_word' id='word_1_358' title='bbox 1632 2888 1686 2922; x_wconf 76' lang='lat'>23.</span> <span class='ocrx_word' id='word_1_359' title='bbox 1711 2876 1814 2910; x_wconf 81' lang='grc' dir='ltr'>αὐτοῦ</span> <span class='ocrx_word' id='word_1_360' title='bbox 1833 2876 1876 2910; x_wconf 91' lang='grc' dir='ltr'>Β.</span> 
     </span>
     <span class='ocr_line' id='line_1_39' title="bbox 300 2923 1876 2969; baseline 0 -12"><span class='ocrx_word' id='word_1_361' title='bbox 300 2924 388 2969; x_wconf 70' lang='grc' dir='ltr'>αὐτῷ</span> <span class='ocrx_word' id='word_1_362' title='bbox 408 2924 498 2958; x_wconf 83' lang='lat' dir='ltr'><strong>Edd.</strong></span> <span class='ocrx_word' id='word_1_363' title='bbox 547 2927 629 2961; x_wconf 75' lang='grc' dir='ltr'>λαως</span> <span class='ocrx_word' id='word_1_364' title='bbox 646 2927 747 2961; x_wconf 80' lang='grc' dir='ltr'>αυτοῦ</span> <span class='ocrx_word' id='word_1_365' title='bbox 764 2927 885 2967; x_wconf 83' lang='grc' dir='ltr'>Ἰακὼβ</span> <span class='ocrx_word' id='word_1_366' title='bbox 903 2938 974 2960; x_wconf 86' lang='lat' dir='ltr'>om.</span> <span class='ocrx_word' id='word_1_367' title='bbox 995 2926 1039 2961; x_wconf 87' lang='lat' dir='ltr'>D.</span> <span class='ocrx_word' id='word_1_368' title='bbox 1297 2935 1351 2969; x_wconf 88' lang='lat'>25.</span> <span class='ocrx_word' id='word_1_369' title='bbox 1377 2925 1430 2958; x_wconf 82' lang='grc' dir='ltr'>καὶ</span> <span class='ocrx_word' id='word_1_370' title='bbox 1447 2935 1517 2958; x_wconf 88' lang='lat' dir='ltr'>om.</span> <span class='ocrx_word' id='word_1_371' title='bbox 1539 2923 1579 2958; x_wconf 81' lang='lat' dir='ltr'>B.</span> <span class='ocrx_word' id='word_1_372' title='bbox 1628 2924 1774 2968; x_wconf 86' lang='grc' dir='ltr'>πρωτότ.</span> <span class='ocrx_word' id='word_1_373' title='bbox 1793 2923 1828 2958; x_wconf 77' lang='grc' dir='ltr'>ἐν</span> <span class='ocrx_word' id='word_1_374' title='bbox 1845 2937 1876 2957; x_wconf 85' lang='grc' dir='ltr'>τ.</span> 
     </span>
    </p>
   </div>
   <div class='ocr_carea' id='block_1_8' title="bbox 300 2971 639 3006">
    <p class='ocr_par' dir='ltr' id='par_1_9' title="bbox 300 2971 639 3006">
     <span class='ocr_line' id='line_1_40' title="bbox 300 2971 639 3006; baseline 0.006 -2"><span class='ocrx_word' id='word_1_375' title='bbox 300 2971 438 3005; x_wconf 69' lang='grc' dir='ltr'>ίηνειευ</span> <span class='ocrx_word' id='word_1_376' title='bbox 456 2971 574 3005; x_wconf 79' lang='lat' dir='ltr'>ordine</span> <span class='ocrx_word' id='word_1_377' title='bbox 595 2973 639 3006; x_wconf 78' lang='lat' dir='ltr'>D.</span> 
     </span>
    </p>
   </div>
  </div>
 </body>
</html>
