1997 3361
91 169 323 222 iii.17,18.
541 172 609 210 IN
662 172 925 211 NAHUM.
988 171 1137 211 TOM.
1178 170 1211 211 Ι.
1602 170 1653 207 (ῑῦ

86 279 328 331 τουτέστιν
366 282 389 331 ὁ
432 280 609 348 ἀνέχων
650 285 712 334 εἰς
753 282 1014 344 εὐτολμίαν,
1052 282 1077 331 ὁ
1115 279 1406 346 περικόπτων
1443 277 1525 330 τὰς
1564 281 1658 327 τῶν

86 361 357 429 φευγόντων
393 363 579 424 δειλίας,
615 364 689 412 καὶ
724 362 1039 429 ἀνασειράζειν
1075 361 1325 424 δυνάμενος
1364 359 1447 423 τὴν
1483 361 1657 424 ἀδρανῆ
1676 365 1702 405 b

86 446 160 494 καὶ
190 445 463 513 ῥιψάσπιδα
497 449 590 495 τῶν
621 445 981 510 προδεδωκότων
1006 444 1210 509 πληθύν.
1276 442 1659 509 προαπολώλασι

85 525 178 592 γὰρ
202 530 246 577 οἱ
282 533 419 577 τοῦτο
453 529 567 593 δρᾶν
603 527 825 589 εἰωθότες,
859 530 932 578 καὶ
974 531 1056 591 τῆς
1090 529 1137 577 ἐν
1170 527 1393 590 πολέμοις
1428 525 1660 591 εὐτεχνίας

42 627 66 666 5
87 612 128 659 οἱ
158 608 416 660 ἐπιστάται.

162 692 367 755 Νοηθείη
406 692 443 741 δ’
472 689 540 752 ἂν,
570 693 643 740 καὶ
681 691 813 754 μα’λα
852 690 1049 752 εἰκότως,
1082 694 1155 740 καὶ
1193 691 1303 756 περί
1336 713 1389 754 γε
1428 692 1509 752 τῆς
1535 689 1657 738 Ἰου-

88 773 229 823 δαίων
267 773 451 839 ἀγέλης,
497 772 550 822 τό
590 776 708 823 Οὐαὶ
750 775 911 826 αὐτοῖς.
979 772 1213 841 ἐνύσταξαν
1257 778 1288 822 οἱ
1336 771 1534 839 ποιμένες
1573 794 1662 832 σου,

88 853 309 914 βασιλεῖις
352 853 576 923 Ἀσσύριος
621 856 816 921 ὲκοιμισε
865 853 958 908 τοὺς
1010 851 1229 908 δυνάστας
1272 878 1361 904 σου.
1426 857 1518 904 οὐαὶ
1571 851 1663 917 γὰρ

89 935 234 990 ὅντως
267 941 361 989 τοῖς
397 938 471 986 καὶ
497 934 636 986 αὑτὸν
662 936 743 986 τὸν
771 939 862 985 τῶν
887 934 1013 986 ὅλων
1039 933 1319 986 ἀπεκτονόσι
1354 937 1551 1001 Σωτῆρα
1589 935 1664 984 καὶ

23 1050 70 1074 10
91 1017 358 1085 Λυτρωτὴν,
386 1020 460 1068 καὶ
486 1022 580 1071 τοῖς
618 1021 711 1068 τῶν
742 1018 887 1082 ἁγίων
918 1017 1113 1080 αἵμασιν
1151 1018 1350 1071 ἀνοσίως
1389 1021 1663 1083 προστεθει-

89 1098 197 1151 κόσι
232 1103 306 1150 καὶ
343 1098 455 1150 αὐτὸ
489 1098 542 1150 τὸ
578 1098 889 1150 Δεσποτικόν.
938 1098 1211 1162 συμβέβηκε
1253 1096 1299 1149 δὲ
1330 1104 1466 1149 τοῦτο
1499 1102 1701 1149 παθεΐνο

90 1181 268 1243 αὐτοὺς,
309 1180 455 1233 διάτοι
497 1180 551 1232 τὸ
595 1181 704 1231 λίαν
747 1180 1075 1250 κατανυστάξαι
1118 1178 1236 1247 πρὸς
1278 1180 1570 1241 δυσβουλίαν
1609 1179 1663 1230 τὸ

89 1263 348 1329 ἡγούμενον
397 1265 472 1314 καὶ
522 1261 628 1316 τοὺς
687 1264 735 1313 ἐν
784 1262 1003 1330 ποιμένων
1055 1261 1184 1331 τάξει
1245 1263 1664 1329 παρειλημμένους,

91 1345 392 1412 γραμματέας
441 1344 498 1409 δὴ
549 1344 675 1410 λε’γω
719 1345 793 1395 καὶ
844 1346 1132 1410 Φαρισαίους
1175 1347 1251 1396 καὶ
1293 1343 1401 1398 τοὺς
1444 1349 1539 1397 τοῖς
1583 1346 1665 1407 τῆς

25 1455 72 1492 15
94 1428 349 1495 ἱερουργίας
387 1426 782 1491 κατεστεμμένους
821 1425 1102 1495 αὐχήμασιν,
1142 1426 1219 1481 οὓς
1260 1429 1335 1478 καὶ
1379 1429 1665 1495 κατεκοίμισε

92 1514 266 1575 νοητῶς
304 1511 328 1561 ὁ
366 1509 589 1580 Ἀσσύριος
632 1508 870 1570 βασιλεὺς,
909 1509 1152 1561 τουτέστιν
1191 1511 1215 1559 ὁ
1253 1514 1478 1563 σατανᾶς.
1544 1517 1666 1572 λαμ-

91 1591 282 1653 βάνεται
308 1591 400 1658 γὰρ
427 1596 488 1646 εἷς
513 1591 566 1643 τὸ
593 1592 763 1643 ἐκείνου
787 1591 1021 1645 πολλάκις
1045 1592 1307 1658 πρόσωπον
1332 1592 1359 1656 ἡ
1387 1596 1480 1642 τῶν
1508 1594 1667 1652 Βαβυ-

92 1673 275 1725 λωνίων
298 1673 434 1742 ἀρχή.
503 1673 573 1725 ὅτι
605 1673 653 1725 δὲ
688 1675 763 1725 καὶ
802 1673 1038 1743 ἐνύσταξαν
1068 1681 1100 1725 οἱ
1129 1672 1329 1742 ποιμένες
1356 1675 1430 1724 καὶ
1459 1680 1491 1725 οἱ
1530 1670 1663 1725 δυνα-

94 1755 329 1810 στεύοντες
371 1756 480 1823 παρ’
515 1757 682 1820 αὐτοῖς,
719 1760 819 1810 πῶς
859 1758 989 1807 ἐστὶν
1026 1757 1330 1824 ἀμφιβαλεῖν,
1372 1755 1469 1807 ἅνω
1508 1778 1557 1807 τε
1591 1756 1667 1806 καὶ

27 1873 76 1897 20
95 1837 221 1889 κάτω
252 1841 334 1903 τῆς
365 1838 677 1890 θεοπνεύστου
703 1840 891 1907 γραφῆς
916 1837 1210 1903 ἀνατιθείσης
1237 1839 1391 1893 αὐτοῖς
1416 1843 1511 1889 τῶν
1536 1842 1667 1888 λαῶν
1686 1842 1712 1883 (1

96 1917 181 1984 τὴν
203 1921 441 1971 ἀπώλειαν
461 1942 474 1981 ;
518 1921 778 1987 γέγραπται
802 1919 894 1987 γάρ
922 1918 1025 1971 ίίςΩ
1051 1923 1093 1971 οἱ
1117 1919 1331 1984 ποιμένες
1364 1923 1405 1971 οἱ
1441 1924 1661 1986 διασκορ-
1728 1933 1822 1964 Hier-

1346 2005 1366 2014 .-
1412 2003 1436 2019 „
1727 1977 1817 2007 xxiii.
1836 1985 1862 2007 1.

96 2009 124 2031 ‘⁶
149 2002 353 2069 πίζοντες
379 2005 455 2053 καὶ
480 2002 772 2056 ἀπολλύντες
803 2001 863 2053 τὰ
895 2001 1116 2069 πρόβατα
1141 2005 1224 2066 τῆς
1249 2026 1408 2066 νομης.
1476 2004 1552 2053 καὶ
1576 2001 1667 2053 πά-

96 2090 174 2135 λιν
213 2091 240 2114 “
259 2087 323 2135 Οἱ
362 2087 491 2150 ἱερεῖς
522 2085 603 2135 οὐκ
634 2082 768 2136 εἶπαν
794 2088 898 2136 Ποῦ
935 2086 1037 2136 ἐστὶ
1067 2084 1252 2151 Κύριος,
1288 2087 1363 2135 καὶ
1401 2087 1443 2135 οἱ
1477 2084 1665 2151 ἀντεχό-
1728 2103 1779 2134 Ib.
1798 2103 1830 2134 ii.
1847 2104 1875 2133 8.

96 2172 124 2195 ‘⁶
149 2189 277 2230 μενοι
302 2171 385 2217 τοῦ
409 2166 552 2229 νόμου
578 2167 658 2216 οὐκ
684 2166 945 2231 ἠπίσταντό
970 2190 1027 2231 με
1053 2169 1129 2217 καὶ
1153 2170 1194 2217 οἱ
1226 2166 1436 2229 ποιμένες
1461 2166 1668 2230 ἠσέβουν

30 2281 78 2319 25
98 2255 125 2277 ‘⁶
151 2252 214 2302 εἰς
251 2247 345 2312 ἐμὲ,
373 2249 447 2298 καὶ
474 2251 517 2298 οἱ
542 2250 781 2315 προφῆται
805 2249 1123 2318 προεφήτευον
1148 2251 1206 2316 τῇ
1234 2246 1418 2299 anm-’⁹
1457 2246 1666 2302 “Ησαῖ“ας

99 2329 146 2382 δὲ
195 2330 343 2382 πάλιν
387 2329 514 2399 φησί
561 2336 587 2358 “
616 2333 728 2383 Πῶς
769 2330 948 2395 ἐγένετο
985 2330 1135 2396 πόρνη
1173 2329 1312 2384 πόλις
1352 2328 1501 2394 πιστὴ
1542 2329 1665 2380 Σιὼν
1726 2344 1886 2375 Emm-

99 2419 126 2442 “
150 2413 337 2480 πλήρης
363 2413 559 2479 κρίσεως
583 2433 596 2474 ;
639 2412 687 2462 ἐν
717 2409 745 2479 ᾗ
778 2413 1046 2477 δικαιοσύνη
1085 2411 1304 2477 ἐκοιμήθη
1341 2413 1390 2463 ἐν
1427 2413 1558 2480 αὐτῇ,
1585 2418 1666 2463 νῦν
1730 2397 1777 2426 23’

147 2565 180 2590 2.
204 2555 424 2600 πεφευγότων
440 2566 503 2599 pro
520 2555 714 2600 φευγόντων
733 2553 780 2588 D.
932 2564 966 2598 3.
990 2552 1139 2598 πληθύν]
1158 2553 1291 2599 πληγήν
1308 2553 1398 2587 Edd.
1567 2554 1666 2599 ,γὰρ

98 2608 320 2646 assumptum
337 2613 379 2635 ex
398 2601 439 2635 B.
446 2602 491 2635 D.
555 2601 692 2648 πολεμῳ
711 2599 802 2635 Edd.
1210 2612 1242 2644 9.
1268 2600 1363 2635 ὄντος
1380 2601 1427 2634 D.
1475 2600 1591 2635 ἅπεκτ.
1609 2603 1667 2635 τὸν

97 2652 164 2683 τῶν
180 2648 291 2682 ὅλων
284 2659 354 2682 mv.
373 2648 493 2682 ordine
511 2648 558 2682 D.
741 2658 793 2681 10.
818 2646 960 2681 ἀνοσίως
977 2646 1121 2681 accessit
1137 2658 1178 2680 ex
1197 2647 1238 2681 B.
1244 2647 1288 2680 D.
1480 2658 1532 2689 14.
1557 2661 1666 2692 γραμ-

96 2696 213 2739 parcis
230 2695 277 2728 D.
325 2695 403 2730 τοὺς
419 2707 488 2729 om.
509 2695 555 2728 D.
607 2694 730 2728 Statim
748 2695 818 2728 τοῖς
834 2700 1054 2737 assumptum
1070 2705 1112 2727 ex
1132 2693 1173 2727 B.
1179 2693 1224 2727 D.
1408 2702 1460 2738 15.
1485 2694 1666 2739 γερουσίας

99 2753 162 2786 pro
180 2742 326 2787 ἱερουργ.
345 2741 392 2776 D.
442 2742 495 2775 καὶ
512 2751 732 2786 assumptum
749 2753 790 2774 ex
810 2740 855 2773 D.
1167 2739 1220 2774 16.
1246 2742 1369 2782 νοητῶς
1387 2739 1433 2773 D.
1452 2739 1554 2776 ὅντως
1572 2741 1664 2776 Edd.

103 2797 156 2832 17.
181 2789 347 2823 πολλάκις
363 2803 409 2824 εις
425 2789 463 2822 τὸ
481 2788 605 2823 ἐκείνου
622 2789 759 2822 inverso
777 2786 897 2820 ordine
915 2785 963 2820 D.
1266 2786 1318 2820 18.
1343 2786 1396 2819 καὶ
1414 2786 1598 2830 ἐνύσταξαν
1616 2788 1663 2822 D.

99 2834 273 2870 κατενύστ.
293 2834 384 2868 Edd.
634 2847 666 2879 9.
634 2834 923 2879 9ἀμφιβάλλειν
941 2833 986 2866 D.
1223 2843 1277 2866 21.
1303 2832 1328 2866 ὦ
1346 2833 1376 2865 οἱ
1396 2832 1441 2867 D.
1460 2833 1511 2867 ὅτι
1528 2834 1553 2867 ὦ
1571 2834 1663 2868 Edd.

98 2892 156 2915 22.
173 2880 381 2916 ἀπολλύντες
399 2881 440 2915 Β.
446 2881 492 2915 D.
510 2847 714 2916 ἀπολοΙῦντες
732 2880 822 2914 Edd.
871 2880 971 2922 νομῆς
987 2893 1050 2922 μου
1067 2878 1124 2913 iid.
1267 2890 1322 2923 23.
1345 2877 1439 2913 εἶπον
1456 2880 1503 2914 D.
1521 2882 1592 2924 (22.
1605 2881 1664 2924 al.)

102 2938 158 2969 24.
175 2927 294 2972 νόμου]
318 2933 355 2968 -ί-
375 2942 439 2971 μου
458 2929 504 2961 D.
517 2929 629 2971 (Alex.
642 2928 726 2963 XII.
734 2929 744 2971 )
860 2936 913 2968 25.
931 2925 1087 2969 ποιμένες
1104 2937 1166 2970 pro
1183 2926 1452 2971 προφῆται(8ἰο)
1468 2927 1514 2961 D.
1562 2929 1601 2971 τῇ
1623 2927 1663 2961 B.

101 2976 147 3019 τῷ
166 2974 212 3008 D.
233 2974 322 3008 Edd.
341 2975 413 3018 (22.
431 2975 491 3018 al.)
633 2985 688 3020 27.
721 2974 816 3008 Haec
832 2972 962 3016 πλήρης
978 2973 1118 3017 κρίσεως
1135 2979 1353 3006 accesserunt
1370 2984 1410 3006 ex
1432 2974 1523 3009 B.D.

159 3043 250 3071 VOL.
274 3044 319 3071 II.
871 3043 897 3070 K
