2033 3381
356 162 438 201 144
749 165 797 204 B.
841 162 1129 205 CYRILLI'
1156 165 1534 207 ALEXANDR.
1749 166 1804 206 iii.
1831 166 1868 214 8,
1891 179 1927 218 9.

350 270 532 335 βαλὼν,
563 274 649 341 οὐχ
684 274 824 324 ὕδασι
862 273 947 337 τὴν
986 274 1105 325 ἰδίαν
1140 276 1337 343 ἐπιχέων
1379 276 1544 343 ὀργὴν,
1586 276 1639 326 οὐ
1673 275 1929 339 θαλάσσης

351 352 534 416 κύματα
571 354 750 417 διελὼν,
777 356 859 405 οὐκ
894 356 1156 422 ἀνθρώποις
1192 357 1388 424 ὄλεθρον
1426 358 1674 427 ἐπιφέρων·
1717 358 1930 408 ἀποκτεί-

129 449 217 483 564
236 449 287 485 A.
312 461 334 484 a
351 458 434 489 νας
472 436 520 487 δὲ
557 442 747 499 μᾶλλον
779 436 919 488 αὐτὸν
944 437 1027 488 τὸν
1052 439 1302 507 μιαιφόνον
1328 439 1572 505 δράκοντα,
1600 442 1674 491 καὶ
1706 438 1791 503 τὴν
1817 440 1927 505 παρ’

299 1098 325 1139 b

122 1919 211 1948 Acta
223 1916 279 1947 SS.

123 1963 211 2001 App.
230 1961 269 1992 ix.

128 2013 177 2045 15.

125 2181 169 2212 Ps
195 2181 284 2212 lxvii.

130 2235 140 2255 1
149 2225 177 2256 8.

350 520 490 569 αὐτοῦ
521 541 571 569 τε
605 522 680 569 καὶ
712 519 766 570 δι’
796 519 937 571 αὐτὸν
973 520 1231 586 ηὑρημένην
1262 522 1473 573 καθελὼν
1505 523 1748 589 ἁμαρτίαν,
1774 520 1929 572 καὶτὸ

349 600 643 665 δυσάντητον
686 609 768 653 τοῦ
809 604 1012 654 θανάτου
1053 603 1327 657 καταλύσας
1372 604 1555 670 κράτος,
1597 607 1672 655 καὶ
1723 605 1929 658 καλέσας

348 680 559 737 ἅπαντας
603 688 665 738 εἷς
705 686 1010 750 θεογνωσίαν,
1059 684 1134 736 διὰ
1185 690 1278 736 τῶν
1330 687 1475 752 ἁγίων
1514 687 1846 750 Ἀποστόλων,
1887 686 1930 738 οἳ

345 770 511 815 πᾶσαν
547 767 885 833 ἐκπεριθεόντες
920 765 1006 831 τὴν
1044 768 1116 818 ὑπ’
1147 766 1357 832 οὐρανὸν,
1393 770 1466 818 καὶ
1505 767 1559 819 τὸ
1593 774 1675 819 τοῦ
1713 772 1930 834 Χριστοῦ

344 847 672 916 περιφέροντες
711 848 871 913 ὄνομα,
905 851 980 900 καὶ
1012 849 1144 912 μάλα
1182 852 1380 912 δικαίως,
1417 849 1829 916 κατεθαυμάζοντο,
1893 848 1931 901 ὦ

343 930 497 980 τοίνυν
537 929 777 993 Δέσποτα,
814 936 978 999 φησὶν,
1015 932 1306 1001 ἀξιάκουστα
1340 934 1449 983 λίαν
1483 932 1542 983 τὰ
1576 931 1640 984 ὧν
1671 931 1809 987 αὐτὸς
1845 933 1925 998 γε’-

344 1034 487 1076 γονας
529 1012 799 1080 αὐτουργὸς,
851 1017 926 1065 καὶ
975 1015 1103 1066 πολὺ
1152 1015 1206 1065 τὸ
1259 1016 1446 1079 ἄμεινον
1497 1016 1666 1083 ἔχοντα
1716 1020 1811 1066 τῶν
1855 1015 1929 1066 διὰ

347 1094 592 1149 Μωυσέως
653 1095 712 1146 τὰ
762 1096 891 1163 παρὰ
947 1103 1037 1148 σοῦ
1094 1096 1242 1149 πάλιν
1302 1098 1655 1164 κατωρθωμένα.
1722 1099 1776 1149 οὐ
1837 1097 1930 1165 γὰρ

343 1181 567 1246 ποταμοῖς
617 1179 817 1234 ἐποίσεις
865 1181 1027 1246 ὀργήν*
1089 1182 1176 1249 οὐχ
1227 1180 1449 1247 ὁρμήσεις
1499 1180 1618 1231 κατὰ
1669 1179 1926 1245 θαλάσσης·

343 1261 425 1310 οὐκ
457 1262 505 1310 ἐν
540 1261 734 1315 ἐκείνοις·
785 1261 964 1324 πόθεν;
1014 1265 1096 1326 τῆς
1129 1265 1221 1326 σῆς
1259 1267 1543 1328 θεοπρεποῦς
1574 1263 1790 1332 ἐξουσίας
1825 1265 1925 1314 δια-

343 1342 527 1411 λάμψει
569 1344 623 1393 τὸ
664 1349 834 1407 θαῦμα·
877 1346 986 1394 ἀλλ’
1033 1347 1221 1420 ἐπιβήσῃ
1271 1350 1462 1408 μᾶλλον
1512 1346 1584 1395 ἐπὶ
1629 1344 1724 1400 τοὶς
1761 1346 1930 1400 ἵππους

343 1449 432 1487 σου,
469 1432 545 1476 καὶ
579 1429 600 1486 ἦ
636 1431 848 1478 ἱππασίοι
886 1451 962 1478 σου
1001 1432 1203 1495 σωτηρίαι.
1271 1427 1390 1481 τίνες
1423 1428 1466 1477 δ’
1503 1426 1560 1478 ἂν
1593 1426 1681 1478 εἶεν
1719 1431 1761 1478 οἱ
1796 1428 1927 1479 ἵπποι

342 1506 518 1569 πάλιν;
560 1511 601 1558 οἱ
635 1507 851 1575 μακάριοι
885 1511 1089 1573 μαθηταὶ
1128 1508 1427 1561 Ἀπόστολοί
1460 1532 1509 1560 τε
1548 1512 1621 1560 καὶ
1659 1511 1924 1575 Εὐαγγελι-

344 1592 470 1652 σταῖ,
512 1594 553 1641 οἱ
605 1596 701 1644 τοῖς
752 1593 889 1645 θείοις
933 1592 1075 1642 αὑτοῦ
1118 1590 1384 1656 θελήμασιν
1425 1591 1697 1658 ὁλοτρόπως
1738 1591 1923 1657 ὑπεζευ-

343 1674 520 1738 γμένοι,
551 1677 591 1724 οἱ
628 1676 850 1741 τρυφεροὶ
877 1676 952 1724 καὶ
987 1673 1154 1737 εῦήνιοι
1187 1676 1262 1725 καὶ
1295 1673 1414 1740 πρὸς
1437 1679 1532 1725 πᾶν
1559 1675 1712 1725 ὁτιοῦν
1737 1675 1928 1737 ἑτοίμως

344 1756 526 1825 ἔχοντες
570 1761 664 1807 τῶν
713 1757 973 1808 δοκούντων
1014 1758 1151 1826 αὐτῷ,
1192 1761 1233 1808 οἱ
1281 1757 1497 1823 Χριστὸν
1537 1757 1710 1825 ἔποχον
1753 1779 1801 1807 τε
1853 1759 1928 1807 καὶ

345 1840 533 1907 ἡνίοχον
568 1840 766 1907 ἔχοντες,
801 1838 866 1890 ὧν
900 1838 962 1893 εἷς
999 1840 1100 1890 ἐστὶ
1140 1843 1215 1890 καὶ
1255 1841 1279 1890 ὁ
1318 1840 1541 1906 μακάριος
1575 1843 1785 1901 Παῦλος,
1823 1841 1928 1905 περὶ

799 1921 858 1951 ‘6⁶'

345 1922 399 1973 οὗ
438 1928 589 1990 φησιν
627 1921 764 1976 αὐτός
861 1926 953 1973 Οτι
989 1928 1155 1975 σκεῦος
1193 1924 1392 1987 ἐκλογῆς
1423 1921 1531 1972 ἐστι’
1560 1945 1638 1983 μοι
1677 1922 1811 1975 οὗτος
1845 1926 1928 1972 τοῦ

347 2012 373 2034 “
399 2004 647 2065 βαστάσαι
678 2004 731 2055 τὸ
768 2003 915 2069 ὄνομά
947 2027 1036 2068 μου
1062 2004 1258 2056 ἐνώπιον
1283 2009 1377 2055 τῶν
1402 2005 1586 2056 ἐθνῶν.”
1652 2004 1772 2072 ὀξεῖς
1798 2005 1846 2054 δὲ
1870 2003 1928 2068 δὴ

347 2087 455 2137 λίαν
476 2090 517 2137 οἱ
540 2088 689 2150 ἵπποι,
706 2092 1090 2152 περινοστοῦντες
1116 2085 1312 2138 ἅπασαν
1332 2085 1418 2151 τὴν
1439 2087 1512 2137 ὑπ’
1534 2086 1747 2151 οὐρανόν.
1806 2087 1928 2137 οὕτω

407 2171 420 2187 N

347 2192 422 2219 και
449 2177 475 2198 “
497 2168 568 2220 Τὸ
607 2168 733 2236 ἅρμα
767 2175 850 2220 τοῦ
877 2173 1001 2220 Θεοῦ
1031 2168 1378 2234 μυριοπλάσιον
1404 2166 1516 2219 εἶναι
1548 2168 1746 2234 λέγεται,
1773 2168 1928 2235 χιλιά-

349 2260 375 2281 “
402 2255 484 2306 δας
518 2252 626 2320 ε”χον
660 2251 1014 2316 εὐθηνούντων.”
1078 2257 1297 2303 πλεῖστοι
1323 2250 1417 2317 γὰρ
1451 2250 1556 2302 ὅσοι
1583 2249 1702 2301 κατὰ
1728 2248 1926 2316 καιροὺς,

399 2438 427 2460 1.
455 2424 557 2470 ἰδίαν]
578 2426 700 2459 οἷκεῖαν
718 2425 751 2459 b.
818 2425 985 2469 θαλάττης
1002 2425 1037 2459 b.
1260 2436 1291 2458 2.
1317 2424 1597 2468 οὐκ-ἐπιφέρων
1615 2435 1684 2458 om.
1705 2423 1750 2458 D.
1769 2423 1873 2458 habet
1890 2423 1926 2459 b.

349 2486 382 2516 4.
401 2471 602 2518 ηὑρημένην]
624 2472 681 2506 Sic
699 2471 802 2506 edidi.
821 2472 1001 2517 εὑρημένην
1019 2473 1063 2505 l).
1082 2470 1267 2515 ἠδρυμένην
1286 2471 1326 2505 Β.
1346 2472 1456 2515 ἱδρυμ.
1473 2471 1563 2505 Edd.
1662 2481 1692 2515 7.
1711 2471 1861 2515 ἐμπεριθ.
1877 2471 1925 2504 D.

349 2523 408 2554 τοῦ
425 2526 646 2564 assumptum
665 2532 705 2552 ex
727 2519 768 2553 B.
923 2532 956 2564 9.
983 2519 1081 2554 αὐτὸς
1098 2531 1167 2552 om.
1189 2519 1233 2552 D.
1252 2518 1354 2552 habet
1373 2518 1406 2551 b.
1569 2528 1621 2551 11.
1647 2518 1687 2550 τὰ
1705 2524 1926 2562 assumptum

348 2579 389 2601 ex
410 2567 451 2601 B.
471 2566 566 2600 deest
591 2567 625 2600 in
647 2566 726 2600 D.a.
790 2567 896 2600 πάλαι
914 2566 994 2601 D.a.
1060 2565 1299 2609 κατωρθωμένα
1327 2565 1369 2598 Β.
1396 2564 1660 2608 κατορθωμάτων
1679 2564 1724 2597 D.
1751 2564 1925 2607 κατωρθω-

348 2614 455 2657 μένων
471 2626 501 2647 a.
521 2613 614 2647 Aub.
633 2627 742 2647 κεκατ.
762 2613 863 2647 Pont.
1067 2624 1118 2656 13.
1144 2612 1279 2647 ἐκείνοις
1295 2612 1398 2646 πόθεν
1412 2610 1438 2655 ;]
1461 2611 1517 2644 Sic
1535 2611 1666 2644 correxi
1683 2622 1725 2644 ex
1742 2622 1772 2644 a.
1791 2611 1926 2646 ἐκείνοις

349 2661 453 2695 ποθέν
468 2661 514 2694 D.
531 2659 622 2694 Edd.
827 2659 879 2694 16.
905 2657 1065 2704 μαθηταὶ]
1088 2659 1144 2693 Sic
1162 2671 1192 2694 a.
1214 2658 1302 2693 Edd.
1319 2658 1493 2702 προφῆται
1513 2657 1595 2691 D.b.
1812 2668 1863 2701 19.
1890 2672 1926 2691 τε

349 2720 420 2742 om.
441 2707 524 2741 D.b.
544 2707 673 2740 habent
695 2707 768 2740 ΒΛ.
819 2706 915 2741 Haec
933 2706 1130 2751 καὶὴνίοχον
1143 2711 1323 2749 assumpta
1340 2717 1379 2738 ex
1398 2704 1560 2738 B.D.a.b.
1576 2709 1654 2748 post
1668 2704 1801 2748 ἔχοντες
1814 2710 1856 2737 tr.
1878 2704 1924 2738 D.

352 2765 406 2788 20.
434 2755 476 2789 ὣς
494 2766 557 2799 pro
575 2754 620 2787 ὧν
638 2753 728 2787 Edd.
747 2760 826 2787 ante
846 2754 978 2798 Migne.
1029 2753 1103 2787 ἐστὶ
1125 2753 1165 2787 Β.
1186 2751 1276 2786 Edd.
1294 2750 1333 2795 ἦν
1353 2751 1398 2784 D.
1588 2761 1642 2785 21.
1668 2765 1725 2792 μοι
1742 2751 1837 2785 ἐστὶν
1854 2751 1926 2785 inv.

351 2801 426 2834 ord.
447 2801 491 2834 Ι).
541 2799 638 2835 οὗτος
655 2812 724 2834 om.
745 2800 791 2833 D.
912 2811 967 2834 22.
996 2800 1087 2833 Citat
1104 2799 1192 2843 ἄξεις
1209 2799 1285 2832 λίαν
1301 2799 1332 2831 οἱ
1348 2796 1443 2832 ἵπποι
1460 2797 1550 2831 inter
1567 2797 1696 2831 scholia
1713 2797 1748 2830 in
1768 2797 1925 2831 Psalmos

351 2858 370 2879 a
388 2848 445 2880 fol.
470 2859 534 2891 299
553 2860 585 2881 v.
644 2847 679 2880 δέ
698 2853 917 2892 assumptum
937 2859 978 2880 ex
1000 2847 1091 2880 B.D.
1145 2847 1184 2890 δὴ
1202 2857 1271 2880 om.
1291 2845 1336 2878 D.
1619 2855 1673 2888 23·
1699 2846 1844 2878 τοιοῦτοι
1862 2855 1925 2888 pro

351 2892 445 2926 ἵπποι
466 2894 510 2927 D.
558 2895 672 2928 πᾶσαν
693 2894 736 2927 1).
755 2906 774 2927 a
792 2895 813 2927 1.
827 2894 884 2929 cit.
1037 2905 1092 2936 24.
1118 2893 1213 2927 Haec
1233 2894 1292 2925 τοῦ
1310 2893 1396 2924 Θεοῦ
1414 2896 1633 2924 accesserunt
1650 2902 1689 2924 ex
1711 2891 1802 2924 B.D.
1822 2903 1841 2924 a
1859 2891 1880 2923 l.
1893 2902 1923 2925 c.

351 2939 523 2984 χιλιάδας]
544 2941 705 2983 μυριάδας
726 2940 765 2974 B.
784 2941 941 2985 χιλιάδας
961 2940 989 2973 B
1008 2952 1080 2984 mg.
1224 2950 1278 2983 25.
1304 2939 1384 2982 ἕχον
1401 2949 1470 2972 0111.
1492 2938 1537 2971 l).
1587 2937 1811 2980 εὐθηνούντων
1831 2937 1924 2971 B.D.

352 2998 370 3019 a
389 2987 409 3018 l.
424 2998 451 3019 C.
472 2986 592 3030 (vat.)
611 2987 833 3020 εἰιθυνοὺντων
853 2987 943 3020 Edd.

1949 623 1970 660 0'1

1954 1041 2001 1066 10

1954 1450 1999 1488 15

1949 1869 1998 1895 20
