<?xml version="1.0" encoding="UTF-8"?>
<!DOCTYPE html PUBLIC "-//W3C//DTD XHTML 1.0 Transitional//EN"
    "http://www.w3.org/TR/xhtml1/DTD/xhtml1-transitional.dtd">
<html xmlns="http://www.w3.org/1999/xhtml" xml:lang="en" lang="en">
 <head>
  <title>
</title>
<meta http-equiv="Content-Type" content="text/html;charset=utf-8" />
  <meta name='ocr-system' content='tesseract 3.04.00' />
  <meta name='ocr-capabilities' content='ocr_page ocr_carea ocr_par ocr_line ocrx_word'/>
</head>
<body>
  <div class='ocr_page' id='page_1' title='image "./operacyrilli02cyriuoft/operacyrilli02cyriuoft_0743.png"; bbox 0 0 2049 3366; ppageno 0'>
   <div class='ocr_carea' id='block_1_1' title="bbox 122 197 1717 234">
    <p class='ocr_par' dir='ltr' id='par_1_1' title="bbox 122 197 1717 234">
     <span class='ocr_line' id='line_1_1' title="bbox 122 197 1717 234; baseline 0.001 -4"><span class='ocrx_word' id='word_1_1' title='bbox 122 208 253 234; x_wconf 70' lang='lat' dir='ltr'>runnu.</span> <span class='ocrx_word' id='word_1_2' title='bbox 660 198 671 232; x_wconf 96' lang='lat' dir='ltr'>l</span> <span class='ocrx_word' id='word_1_3' title='bbox 691 198 723 232; x_wconf 86' lang='lat' dir='ltr'>N</span> <span class='ocrx_word' id='word_1_4' title='bbox 745 197 868 232; x_wconf 79' lang='lat' dir='ltr'>DEX</span> <span class='ocrx_word' id='word_1_5' title='bbox 931 197 960 231; x_wconf 68' lang='lat' dir='ltr'>lt</span> <span class='ocrx_word' id='word_1_6' title='bbox 978 197 1173 232; x_wconf 70' lang='lat' dir='ltr'>ERUM.</span> <span class='ocrx_word' id='word_1_7' title='bbox 1644 198 1717 231; x_wconf 88' lang='grc'>733</span> 
     </span>
    </p>
   </div>
   <div class='ocr_carea' id='block_1_2' title="bbox 121 317 883 3009">
    <p class='ocr_par' dir='ltr' id='par_1_2' title="bbox 170 317 883 2245">
     <span class='ocr_line' id='line_1_2' title="bbox 176 317 878 365; baseline 0 -12"><span class='ocrx_word' id='word_1_8' title='bbox 176 318 313 365; x_wconf 81' lang='lat' dir='ltr'>duplici</span> <span class='ocrx_word' id='word_1_9' title='bbox 341 330 452 354; x_wconf 89' lang='lat' dir='ltr'>sensu</span> <span class='ocrx_word' id='word_1_10' title='bbox 480 318 708 365; x_wconf 86' lang='lat' dir='ltr'>intelligendi</span> <span class='ocrx_word' id='word_1_11' title='bbox 735 320 809 354; x_wconf 90' lang='lat'>517</span> <span class='ocrx_word' id='word_1_12' title='bbox 834 317 878 357; x_wconf 78' lang='lat' dir='ltr'>b:</span> 
     </span>
     <span class='ocr_line' id='line_1_3' title="bbox 177 382 879 430; baseline -0.001 -12"><span class='ocrx_word' id='word_1_13' title='bbox 177 384 364 430; x_wconf 85' lang='lat' dir='ltr'>quomodo</span> <span class='ocrx_word' id='word_1_14' title='bbox 388 384 529 418; x_wconf 77' lang='lat' dir='ltr'>Divinis</span> <span class='ocrx_word' id='word_1_15' title='bbox 558 382 716 418; x_wconf 87' lang='lat' dir='ltr'>oraculis</span> <span class='ocrx_word' id='word_1_16' title='bbox 743 383 879 430; x_wconf 82' lang='lat' dir='ltr'>excipi-</span> 
     </span>
     <span class='ocr_line' id='line_1_4' title="bbox 176 448 881 491; baseline -0.001 -8"><span class='ocrx_word' id='word_1_17' title='bbox 176 448 281 483; x_wconf 82' lang='lat' dir='ltr'>endis</span> <span class='ocrx_word' id='word_1_18' title='bbox 329 460 409 483; x_wconf 87' lang='lat' dir='ltr'>sese</span> <span class='ocrx_word' id='word_1_19' title='bbox 456 448 682 484; x_wconf 75' lang='lat' dir='ltr'>instruerent</span> <span class='ocrx_word' id='word_1_20' title='bbox 721 449 797 483; x_wconf 88' lang='grc'>532</span> <span class='ocrx_word' id='word_1_21' title='bbox 837 460 881 491; x_wconf 84' lang='lat' dir='ltr'>a;</span> 
     </span>
     <span class='ocr_line' id='line_1_5' title="bbox 177 512 883 560; baseline -0.001 -13"><span class='ocrx_word' id='word_1_22' title='bbox 177 525 288 560; x_wconf 86' lang='lat' dir='ltr'>quare</span> <span class='ocrx_word' id='word_1_23' title='bbox 341 513 520 548; x_wconf 85' lang='lat' dir='ltr'>visionem</span> <span class='ocrx_word' id='word_1_24' title='bbox 575 526 680 548; x_wconf 84' lang='lat' dir='ltr'>suam</span> <span class='ocrx_word' id='word_1_25' title='bbox 737 512 883 559; x_wconf 86' lang='lat' dir='ltr'>scriptis</span> 
     </span>
     <span class='ocr_line' id='line_1_6' title="bbox 176 577 883 624; baseline -0.001 -12"><span class='ocrx_word' id='word_1_26' title='bbox 176 577 409 613; x_wconf 88' lang='lat' dir='ltr'>committere</span> <span class='ocrx_word' id='word_1_27' title='bbox 430 578 633 624; x_wconf 83' lang='lat' dir='ltr'>jubeantur</span> <span class='ocrx_word' id='word_1_28' title='bbox 659 580 733 613; x_wconf 83' lang='lat'>532</span> <span class='ocrx_word' id='word_1_29' title='bbox 753 590 793 617; x_wconf 84' lang='lat' dir='ltr'>e;</span> <span class='ocrx_word' id='word_1_30' title='bbox 825 589 883 612; x_wconf 88' lang='lat' dir='ltr'>res</span> 
     </span>
     <span class='ocr_line' id='line_1_7' title="bbox 176 642 880 688; baseline 0 -12"><span class='ocrx_word' id='word_1_31' title='bbox 176 642 378 688; x_wconf 86' lang='lat' dir='ltr'>permultas</span> <span class='ocrx_word' id='word_1_32' title='bbox 408 642 570 678; x_wconf 81' lang='lat' dir='ltr'>adventu</span> <span class='ocrx_word' id='word_1_33' title='bbox 602 642 741 678; x_wconf 75' lang='lat' dir='ltr'>Christi</span> <span class='ocrx_word' id='word_1_34' title='bbox 770 654 880 677; x_wconf 89' lang='lat' dir='ltr'>even-</span> 
     </span>
     <span class='ocr_line' id='line_1_8' title="bbox 177 707 880 754; baseline 0 -12"><span class='ocrx_word' id='word_1_35' title='bbox 177 712 279 742; x_wconf 87' lang='lat' dir='ltr'>turas</span> <span class='ocrx_word' id='word_1_36' title='bbox 301 707 564 754; x_wconf 79' lang='lat' dir='ltr'>praevidebant</span> <span class='ocrx_word' id='word_1_37' title='bbox 583 710 654 743; x_wconf 88' lang='lat'>551</span> <span class='ocrx_word' id='word_1_38' title='bbox 674 707 696 743; x_wconf 87' lang='lat' dir='ltr'>b</span> <span class='ocrx_word' id='word_1_39' title='bbox 714 720 721 749; x_wconf 72' lang='grc' dir='ltr'><strong>ς</strong></span> <span class='ocrx_word' id='word_1_40' title='bbox 749 709 823 742; x_wconf 87' lang='grc'>552</span> <span class='ocrx_word' id='word_1_41' title='bbox 839 720 880 751; x_wconf 90' lang='lat' dir='ltr'>a;</span> 
     </span>
     <span class='ocr_line' id='line_1_9' title="bbox 176 772 881 819; baseline 0 -12"><span class='ocrx_word' id='word_1_42' title='bbox 176 778 322 819; x_wconf 84' lang='lat' dir='ltr'>tempus</span> <span class='ocrx_word' id='word_1_43' title='bbox 354 772 493 807; x_wconf 71' lang='lat' dir='ltr'>Clu-isti</span> <span class='ocrx_word' id='word_1_44' title='bbox 529 778 658 807; x_wconf 76' lang='lat' dir='ltr'>exacte</span> <span class='ocrx_word' id='word_1_45' title='bbox 689 784 881 819; x_wconf 87' lang='lat' dir='ltr'>praemon-</span> 
     </span>
     <span class='ocr_line' id='line_1_10' title="bbox 179 837 882 880; baseline 0.001 -9"><span class='ocrx_word' id='word_1_46' title='bbox 179 837 345 872; x_wconf 76' lang='lat' dir='ltr'>strabant</span> <span class='ocrx_word' id='word_1_47' title='bbox 391 839 466 872; x_wconf 82' lang='lat'>552</span> <span class='ocrx_word' id='word_1_48' title='bbox 502 837 553 880; x_wconf 90' lang='lat' dir='ltr'>b;</span> <span class='ocrx_word' id='word_1_49' title='bbox 613 850 740 872; x_wconf 85' lang='lat' dir='ltr'>vocem</span> <span class='ocrx_word' id='word_1_50' title='bbox 781 837 882 872; x_wconf 87' lang='lat' dir='ltr'>intus</span> 
     </span>
     <span class='ocr_line' id='line_1_11' title="bbox 178 901 880 942; baseline 0 -6"><span class='ocrx_word' id='word_1_51' title='bbox 178 902 349 937; x_wconf 86' lang='lat' dir='ltr'>Divinam</span> <span class='ocrx_word' id='word_1_52' title='bbox 380 902 645 942; x_wconf 70' lang='lat' dir='ltr'>auscultantes,</span> <span class='ocrx_word' id='word_1_53' title='bbox 674 901 880 937; x_wconf 76' lang='lat' dir='ltr'>custodiam</span> 
     </span>
     <span class='ocr_line' id='line_1_12' title="bbox 177 966 881 1009; baseline 0 -8"><span class='ocrx_word' id='word_1_54' title='bbox 177 966 313 1001; x_wconf 84' lang='lat' dir='ltr'>habere</span> <span class='ocrx_word' id='word_1_55' title='bbox 355 966 530 1002; x_wconf 84' lang='lat' dir='ltr'>dicuntur</span> <span class='ocrx_word' id='word_1_56' title='bbox 573 969 648 1002; x_wconf 87' lang='lat'>574</span> <span class='ocrx_word' id='word_1_57' title='bbox 684 979 732 1009; x_wconf 86' lang='lat' dir='ltr'>a;</span> <span class='ocrx_word' id='word_1_58' title='bbox 781 971 881 1001; x_wconf 86' lang='lat' dir='ltr'>metu</span> 
     </span>
     <span class='ocr_line' id='line_1_13' title="bbox 178 1030 880 1079; baseline -0.001 -13"><span class='ocrx_word' id='word_1_59' title='bbox 178 1031 326 1066; x_wconf 87' lang='lat' dir='ltr'>videndi</span> <span class='ocrx_word' id='word_1_60' title='bbox 355 1044 449 1079; x_wconf 84' lang='lat' dir='ltr'>quac</span> <span class='ocrx_word' id='word_1_61' title='bbox 479 1031 746 1079; x_wconf 81' lang='lat' dir='ltr'>praevidebant</span> <span class='ocrx_word' id='word_1_62' title='bbox 773 1030 880 1071; x_wconf 83' lang='lat' dir='ltr'>mala,</span> 
     </span>
     <span class='ocr_line' id='line_1_14' title="bbox 179 1095 881 1140; baseline -0.001 -9"><span class='ocrx_word' id='word_1_63' title='bbox 179 1096 375 1131; x_wconf 83' lang='lat' dir='ltr'>tremuisse</span> <span class='ocrx_word' id='word_1_64' title='bbox 406 1096 579 1131; x_wconf 88' lang='lat' dir='ltr'>dicuntur</span> <span class='ocrx_word' id='word_1_65' title='bbox 607 1099 683 1132; x_wconf 89' lang='lat'>574</span> <span class='ocrx_word' id='word_1_66' title='bbox 705 1109 752 1140; x_wconf 77' lang='lat' dir='ltr'>c3</span> <span class='ocrx_word' id='word_1_67' title='bbox 786 1095 881 1137; x_wconf 86' lang='lat' dir='ltr'>falsi,</span> 
     </span>
     <span class='ocr_line' id='line_1_15' title="bbox 176 1160 882 1207; baseline 0.001 -12"><span class='ocrx_word' id='word_1_68' title='bbox 176 1160 453 1197; x_wconf 76' lang='lat' dir='ltr'>dissimulanter</span> <span class='ocrx_word' id='word_1_69' title='bbox 507 1161 727 1200; x_wconf 89' lang='lat' dir='ltr'>illuduntur,</span> <span class='ocrx_word' id='word_1_70' title='bbox 784 1160 882 1207; x_wconf 85' lang='lat' dir='ltr'>quod</span> 
     </span>
     <span class='ocr_line' id='line_1_16' title="bbox 177 1225 883 1273; baseline 0 -13"><span class='ocrx_word' id='word_1_71' title='bbox 177 1225 248 1261; x_wconf 90' lang='lat' dir='ltr'>Dei</span> <span class='ocrx_word' id='word_1_72' title='bbox 297 1225 475 1272; x_wconf 85' lang='lat' dir='ltr'>Spiritum</span> <span class='ocrx_word' id='word_1_73' title='bbox 520 1226 588 1260; x_wconf 87' lang='lat' dir='ltr'>sibi</span> <span class='ocrx_word' id='word_1_74' title='bbox 626 1226 883 1273; x_wconf 80' lang='lat' dir='ltr'>arrogaverint</span> 
     </span>
     <span class='ocr_line' id='line_1_17' title="bbox 177 1290 883 1331; baseline -0.001 -5"><span class='ocrx_word' id='word_1_75' title='bbox 177 1293 252 1326; x_wconf 89' lang='lat'>608</span> <span class='ocrx_word' id='word_1_76' title='bbox 294 1291 316 1327; x_wconf 95' lang='lat' dir='ltr'>b</span> <span class='ocrx_word' id='word_1_77' title='bbox 346 1303 379 1331; x_wconf 90' lang='lat' dir='ltr'>c,</span> <span class='ocrx_word' id='word_1_78' title='bbox 421 1304 497 1331; x_wconf 81' lang='lat' dir='ltr'>sua,</span> <span class='ocrx_word' id='word_1_79' title='bbox 538 1303 611 1326; x_wconf 91' lang='lat' dir='ltr'>non</span> <span class='ocrx_word' id='word_1_80' title='bbox 653 1290 736 1331; x_wconf 92' lang='lat' dir='ltr'>Dei,</span> <span class='ocrx_word' id='word_1_81' title='bbox 774 1291 883 1326; x_wconf 85' lang='lat' dir='ltr'>verba</span> 
     </span>
     <span class='ocr_line' id='line_1_18' title="bbox 175 1355 880 1402; baseline -0.003 -11"><span class='ocrx_word' id='word_1_82' title='bbox 175 1355 335 1391; x_wconf 83' lang='lat' dir='ltr'>edebant</span> <span class='ocrx_word' id='word_1_83' title='bbox 374 1357 450 1391; x_wconf 94' lang='lat'>608</span> <span class='ocrx_word' id='word_1_84' title='bbox 487 1355 522 1396; x_wconf 88' lang='lat' dir='ltr'>d,</span> <span class='ocrx_word' id='word_1_85' title='bbox 564 1355 688 1402; x_wconf 87' lang='lat' dir='ltr'>paleae</span> <span class='ocrx_word' id='word_1_86' title='bbox 727 1355 880 1390; x_wconf 92' lang='lat' dir='ltr'>combu-</span> 
     </span>
     <span class='ocr_line' id='line_1_19' title="bbox 176 1420 882 1467; baseline -0.003 -11"><span class='ocrx_word' id='word_1_87' title='bbox 176 1421 312 1456; x_wconf 81' lang='lat' dir='ltr'>rendae</span> <span class='ocrx_word' id='word_1_88' title='bbox 346 1420 551 1467; x_wconf 85' lang='lat' dir='ltr'>comparati</span> <span class='ocrx_word' id='word_1_89' title='bbox 582 1422 658 1456; x_wconf 91' lang='lat'>609</span> <span class='ocrx_word' id='word_1_90' title='bbox 685 1432 725 1464; x_wconf 89' lang='lat' dir='ltr'>a;</span> <span class='ocrx_word' id='word_1_91' title='bbox 766 1432 882 1467; x_wconf 82' lang='lat' dir='ltr'>usque</span> 
     </span>
     <span class='ocr_line' id='line_1_20' title="bbox 175 1484 881 1532; baseline -0.003 -11"><span class='ocrx_word' id='word_1_92' title='bbox 175 1486 221 1521; x_wconf 86' lang='lat' dir='ltr'>ad</span> <span class='ocrx_word' id='word_1_93' title='bbox 253 1485 480 1532; x_wconf 84' lang='lat' dir='ltr'>Sophoniam</span> <span class='ocrx_word' id='word_1_94' title='bbox 511 1485 663 1521; x_wconf 85' lang='lat' dir='ltr'>Judaeis</span> <span class='ocrx_word' id='word_1_95' title='bbox 693 1484 881 1532; x_wconf 84' lang='lat' dir='ltr'>praedice-</span> 
     </span>
     <span class='ocr_line' id='line_1_21' title="bbox 174 1549 881 1597; baseline -0.003 -11"><span class='ocrx_word' id='word_1_96' title='bbox 174 1551 265 1586; x_wconf 83' lang='lat' dir='ltr'>bant</span> <span class='ocrx_word' id='word_1_97' title='bbox 295 1552 372 1586; x_wconf 81' lang='grc'>626</span> <span class='ocrx_word' id='word_1_98' title='bbox 400 1562 444 1593; x_wconf 83' lang='lat' dir='ltr'>a3</span> <span class='ocrx_word' id='word_1_99' title='bbox 481 1549 739 1597; x_wconf 81' lang='lat' dir='ltr'>particulatim,</span> <span class='ocrx_word' id='word_1_100' title='bbox 772 1549 881 1585; x_wconf 88' lang='lat' dir='ltr'>certis</span> 
     </span>
     <span class='ocr_line' id='line_1_22' title="bbox 174 1613 881 1664; baseline -0.003 -13"><span class='ocrx_word' id='word_1_101' title='bbox 174 1615 417 1664; x_wconf 83' lang='lat' dir='ltr'>temporibus,</span> <span class='ocrx_word' id='word_1_102' title='bbox 440 1620 477 1650; x_wconf 89' lang='lat' dir='ltr'>et</span> <span class='ocrx_word' id='word_1_103' title='bbox 497 1615 607 1650; x_wconf 85' lang='lat' dir='ltr'>variis</span> <span class='ocrx_word' id='word_1_104' title='bbox 629 1614 748 1650; x_wconf 88' lang='lat' dir='ltr'>modis</span> <span class='ocrx_word' id='word_1_105' title='bbox 768 1613 881 1661; x_wconf 88' lang='lat' dir='ltr'>inspi-</span> 
     </span>
     <span class='ocr_line' id='line_1_23' title="bbox 174 1678 878 1727; baseline -0.004 -11"><span class='ocrx_word' id='word_1_106' title='bbox 174 1680 244 1716; x_wconf 82' lang='lat' dir='ltr'>rati</span> <span class='ocrx_word' id='word_1_107' title='bbox 279 1682 356 1716; x_wconf 89' lang='lat'>658</span> <span class='ocrx_word' id='word_1_108' title='bbox 385 1692 426 1723; x_wconf 90' lang='lat' dir='ltr'>c;</span> <span class='ocrx_word' id='word_1_109' title='bbox 470 1679 667 1727; x_wconf 87' lang='lat' dir='ltr'>aliquando</span> <span class='ocrx_word' id='word_1_110' title='bbox 698 1692 763 1727; x_wconf 91' lang='lat' dir='ltr'>per</span> <span class='ocrx_word' id='word_1_111' title='bbox 795 1678 878 1713; x_wconf 89' lang='lat' dir='ltr'>visi-</span> 
     </span>
     <span class='ocr_line' id='line_1_24' title="bbox 175 1743 879 1790; baseline -0.003 -10"><span class='ocrx_word' id='word_1_112' title='bbox 175 1758 266 1781; x_wconf 86' lang='lat' dir='ltr'>ones</span> <span class='ocrx_word' id='word_1_113' title='bbox 293 1745 368 1781; x_wconf 82' lang='lat'>658</span> <span class='ocrx_word' id='word_1_114' title='bbox 392 1745 436 1790; x_wconf 89' lang='lat' dir='ltr'>d;</span> <span class='ocrx_word' id='word_1_115' title='bbox 473 1757 517 1780; x_wconf 85' lang='lat' dir='ltr'>ex</span> <span class='ocrx_word' id='word_1_116' title='bbox 540 1750 675 1780; x_wconf 90' lang='lat' dir='ltr'>eventu</span> <span class='ocrx_word' id='word_1_117' title='bbox 701 1743 879 1780; x_wconf 86' lang='lat' dir='ltr'>verificati</span> 
     </span>
     <span class='ocr_line' id='line_1_25' title="bbox 176 1808 879 1856; baseline -0.003 -11"><span class='ocrx_word' id='word_1_118' title='bbox 176 1823 260 1845; x_wconf 88' lang='lat' dir='ltr'>cum</span> <span class='ocrx_word' id='word_1_119' title='bbox 281 1809 367 1851; x_wconf 90' lang='lat' dir='ltr'>sint,</span> <span class='ocrx_word' id='word_1_120' title='bbox 385 1809 458 1844; x_wconf 84' lang='lat' dir='ltr'>fide</span> <span class='ocrx_word' id='word_1_121' title='bbox 479 1809 581 1856; x_wconf 84' lang='lat' dir='ltr'>digni</span> <span class='ocrx_word' id='word_1_122' title='bbox 597 1808 724 1844; x_wconf 87' lang='lat' dir='ltr'>haberi</span> <span class='ocrx_word' id='word_1_123' title='bbox 742 1809 879 1843; x_wconf 82' lang='lat' dir='ltr'>debent</span> 
     </span>
     <span class='ocr_line' id='line_1_26' title="bbox 177 1873 879 1920; baseline -0.004 -9"><span class='ocrx_word' id='word_1_124' title='bbox 177 1876 251 1911; x_wconf 88' lang='lat'>708</span> <span class='ocrx_word' id='word_1_125' title='bbox 281 1886 322 1919; x_wconf 77' lang='lat' dir='ltr'>a3</span> <span class='ocrx_word' id='word_1_126' title='bbox 364 1873 606 1920; x_wconf 78' lang='lat' dir='ltr'>praedictioni</span> <span class='ocrx_word' id='word_1_127' title='bbox 637 1873 770 1920; x_wconf 87' lang='lat' dir='ltr'>cuique</span> <span class='ocrx_word' id='word_1_128' title='bbox 801 1885 879 1907; x_wconf 87' lang='lat' dir='ltr'>ma-</span> 
     </span>
     <span class='ocr_line' id='line_1_27' title="bbox 170 1937 880 1987; baseline -0.004 -12"><span class='ocrx_word' id='word_1_129' title='bbox 170 1939 245 1987; x_wconf 86' lang='lat' dir='ltr'>jori</span> <span class='ocrx_word' id='word_1_130' title='bbox 261 1938 383 1974; x_wconf 85' lang='lat' dir='ltr'>solent</span> <span class='ocrx_word' id='word_1_131' title='bbox 396 1938 602 1985; x_wconf 84' lang='lat' dir='ltr'>praefigere</span> <span class='ocrx_word' id='word_1_132' title='bbox 617 1937 880 1973; x_wconf 87' lang='lat' dir='ltr'>demonstrati-</span> 
     </span>
     <span class='ocr_line' id='line_1_28' title="bbox 175 2002 882 2051; baseline -0.003 -12"><span class='ocrx_word' id='word_1_133' title='bbox 175 2016 283 2039; x_wconf 83' lang='lat' dir='ltr'>onem</span> <span class='ocrx_word' id='word_1_134' title='bbox 305 2003 446 2051; x_wconf 88' lang='lat' dir='ltr'>gloriae</span> <span class='ocrx_word' id='word_1_135' title='bbox 466 2002 535 2038; x_wconf 90' lang='lat' dir='ltr'>Dei</span> <span class='ocrx_word' id='word_1_136' title='bbox 551 2005 625 2038; x_wconf 89' lang='grc'>773</span> <span class='ocrx_word' id='word_1_137' title='bbox 641 2002 663 2038; x_wconf 94' lang='lat' dir='ltr'>b</span> <span class='ocrx_word' id='word_1_138' title='bbox 680 2014 689 2047; x_wconf 79' lang='lat'>3</span> <span class='ocrx_word' id='word_1_139' title='bbox 715 2014 882 2038; x_wconf 84' lang='lat' dir='ltr'>assume-</span> 
     </span>
     <span class='ocr_line' id='line_1_29' title="bbox 175 2066 880 2108; baseline -0.001 -4"><span class='ocrx_word' id='word_1_140' title='bbox 175 2069 266 2104; x_wconf 92' lang='lat' dir='ltr'>bant</span> <span class='ocrx_word' id='word_1_141' title='bbox 311 2067 476 2103; x_wconf 84' lang='lat' dir='ltr'>Verbum</span> <span class='ocrx_word' id='word_1_142' title='bbox 522 2066 686 2108; x_wconf 87' lang='lat' dir='ltr'>Domini,</span> <span class='ocrx_word' id='word_1_143' title='bbox 726 2067 771 2102; x_wconf 87' lang='lat' dir='ltr'>ab</span> <span class='ocrx_word' id='word_1_144' title='bbox 818 2080 880 2103; x_wconf 90' lang='lat' dir='ltr'>ore</span> 
     </span>
     <span class='ocr_line' id='line_1_30' title="bbox 176 2132 880 2180; baseline -0.003 -11"><span class='ocrx_word' id='word_1_145' title='bbox 176 2132 326 2169; x_wconf 87' lang='lat' dir='ltr'>Domini</span> <span class='ocrx_word' id='word_1_146' title='bbox 354 2132 478 2180; x_wconf 86' lang='lat' dir='ltr'>Ipsius</span> <span class='ocrx_word' id='word_1_147' title='bbox 509 2133 584 2167; x_wconf 91' lang='lat'>818</span> <span class='ocrx_word' id='word_1_148' title='bbox 607 2132 651 2176; x_wconf 77' lang='lat'>(13</span> <span class='ocrx_word' id='word_1_149' title='bbox 682 2132 776 2174; x_wconf 87' lang='lat' dir='ltr'>falsi,</span> <span class='ocrx_word' id='word_1_150' title='bbox 797 2132 880 2167; x_wconf 88' lang='lat' dir='ltr'>vide</span> 
     </span>
     <span class='ocr_line' id='line_1_31' title="bbox 179 2196 547 2245; baseline -0.005 -12"><span class='ocrx_word' id='word_1_151' title='bbox 179 2196 547 2245; x_wconf 88' lang='lat' dir='ltr'>Pseudoprophetae.</span> 
     </span>
    </p>

    <p class='ocr_par' dir='ltr' id='par_1_3' title="bbox 122 2260 880 2362">
     <span class='ocr_line' id='line_1_32' title="bbox 122 2260 880 2309; baseline -0.004 -11"><span class='ocrx_word' id='word_1_152' title='bbox 122 2261 338 2309; x_wconf 87' lang='lat' dir='ltr'>Propinqui,</span> <span class='ocrx_word' id='word_1_153' title='bbox 360 2261 452 2301; x_wconf 90' lang='lat' dir='ltr'>Deo,</span> <span class='ocrx_word' id='word_1_154' title='bbox 475 2273 550 2295; x_wconf 91' lang='lat' dir='ltr'>non</span> <span class='ocrx_word' id='word_1_155' title='bbox 575 2260 670 2301; x_wconf 87' lang='lat' dir='ltr'>loco,</span> <span class='ocrx_word' id='word_1_156' title='bbox 699 2260 764 2296; x_wconf 88' lang='lat' dir='ltr'>sed</span> <span class='ocrx_word' id='word_1_157' title='bbox 788 2261 880 2296; x_wconf 85' lang='lat' dir='ltr'>cari-</span> 
     </span>
     <span class='ocr_line' id='line_1_33' title="bbox 176 2325 583 2362; baseline -0.005 0"><span class='ocrx_word' id='word_1_158' title='bbox 176 2332 252 2362; x_wconf 83' lang='lat' dir='ltr'>tate</span> <span class='ocrx_word' id='word_1_159' title='bbox 273 2338 402 2361; x_wconf 89' lang='lat' dir='ltr'>sumus</span> <span class='ocrx_word' id='word_1_160' title='bbox 425 2327 500 2360; x_wconf 96' lang='lat'>744</span> <span class='ocrx_word' id='word_1_161' title='bbox 517 2325 540 2359; x_wconf 89' lang='lat' dir='ltr'>b</span> <span class='ocrx_word' id='word_1_162' title='bbox 556 2337 583 2360; x_wconf 87' lang='lat' dir='ltr'>c.</span> 
     </span>
    </p>

    <p class='ocr_par' dir='ltr' id='par_1_4' title="bbox 123 2389 880 2621">
     <span class='ocr_line' id='line_1_34' title="bbox 123 2389 880 2438; baseline -0.003 -11"><span class='ocrx_word' id='word_1_163' title='bbox 123 2390 353 2438; x_wconf 89' lang='lat' dir='ltr'>Propitiatio,</span> <span class='ocrx_word' id='word_1_164' title='bbox 392 2402 459 2436; x_wconf 89' lang='lat' dir='ltr'>pro</span> <span class='ocrx_word' id='word_1_165' title='bbox 493 2389 638 2429; x_wconf 87' lang='lat' dir='ltr'>Divina,</span> <span class='ocrx_word' id='word_1_166' title='bbox 673 2394 757 2436; x_wconf 89' lang='lat' dir='ltr'>post</span> <span class='ocrx_word' id='word_1_167' title='bbox 794 2402 880 2437; x_wconf 91' lang='lat' dir='ltr'>poe-</span> 
     </span>
     <span class='ocr_line' id='line_1_35' title="bbox 176 2454 877 2496; baseline -0.003 -5"><span class='ocrx_word' id='word_1_168' title='bbox 176 2469 262 2491; x_wconf 88' lang='lat' dir='ltr'>nam</span> <span class='ocrx_word' id='word_1_169' title='bbox 292 2460 473 2496; x_wconf 83' lang='lat' dir='ltr'>exactam,</span> <span class='ocrx_word' id='word_1_170' title='bbox 505 2454 768 2495; x_wconf 88' lang='lat' dir='ltr'>misericordia,</span> <span class='ocrx_word' id='word_1_171' title='bbox 802 2455 877 2490; x_wconf 91' lang='lat' dir='ltr'>dic-</span> 
     </span>
     <span class='ocr_line' id='line_1_36' title="bbox 175 2519 877 2566; baseline -0.003 -10"><span class='ocrx_word' id='word_1_172' title='bbox 175 2527 255 2557; x_wconf 88' lang='lat' dir='ltr'>tum</span> <span class='ocrx_word' id='word_1_173' title='bbox 288 2522 363 2556; x_wconf 89' lang='grc'>527</span> <span class='ocrx_word' id='word_1_174' title='bbox 393 2531 436 2564; x_wconf 84' lang='lat' dir='ltr'>c;</span> <span class='ocrx_word' id='word_1_175' title='bbox 477 2519 619 2566; x_wconf 86' lang='lat' dir='ltr'>peccati</span> <span class='ocrx_word' id='word_1_176' title='bbox 651 2519 811 2554; x_wconf 90' lang='lat' dir='ltr'>universi</span> <span class='ocrx_word' id='word_1_177' title='bbox 843 2519 877 2554; x_wconf 91' lang='lat' dir='ltr'>in</span> 
     </span>
     <span class='ocr_line' id='line_1_37' title="bbox 176 2585 551 2621; baseline -0.005 -1"><span class='ocrx_word' id='word_1_178' title='bbox 176 2585 328 2621; x_wconf 88' lang='lat' dir='ltr'>Christo</span> <span class='ocrx_word' id='word_1_179' title='bbox 348 2588 405 2620; x_wconf 91' lang='lat' dir='ltr'>est</span> <span class='ocrx_word' id='word_1_180' title='bbox 426 2585 502 2620; x_wconf 90' lang='lat'>550</span> <span class='ocrx_word' id='word_1_181' title='bbox 519 2595 551 2618; x_wconf 84' lang='lat' dir='ltr'>c.</span> 
     </span>
    </p>

    <p class='ocr_par' dir='ltr' id='par_1_5' title="bbox 121 2647 880 2825">
     <span class='ocr_line' id='line_1_38' title="bbox 121 2647 880 2698; baseline -0.005 -11"><span class='ocrx_word' id='word_1_182' title='bbox 121 2649 423 2698; x_wconf 89' lang='lat' dir='ltr'>Propitiatorium</span> <span class='ocrx_word' id='word_1_183' title='bbox 443 2648 480 2684; x_wconf 90' lang='lat' dir='ltr'>in</span> <span class='ocrx_word' id='word_1_184' title='bbox 496 2647 754 2684; x_wconf 88' lang='lat' dir='ltr'>Tabernaculo</span> <span class='ocrx_word' id='word_1_185' title='bbox 774 2648 880 2696; x_wconf 86' lang='lat' dir='ltr'>quale</span> 
     </span>
     <span class='ocr_line' id='line_1_39' title="bbox 175 2712 878 2761; baseline -0.003 -10"><span class='ocrx_word' id='word_1_186' title='bbox 175 2715 298 2755; x_wconf 87' lang='lat' dir='ltr'>fuerit,</span> <span class='ocrx_word' id='word_1_187' title='bbox 348 2713 435 2761; x_wconf 91' lang='lat' dir='ltr'>quid</span> <span class='ocrx_word' id='word_1_188' title='bbox 486 2712 751 2760; x_wconf 86' lang='lat' dir='ltr'>significaverit</span> <span class='ocrx_word' id='word_1_189' title='bbox 802 2714 878 2749; x_wconf 88' lang='lat'>550</span> 
     </span>
     <span class='ocr_line' id='line_1_40' title="bbox 180 2780 450 2825; baseline -0.004 -10"><span class='ocrx_word' id='word_1_190' title='bbox 180 2793 199 2815; x_wconf 91' lang='lat' dir='ltr'>c</span> <span class='ocrx_word' id='word_1_191' title='bbox 214 2780 238 2815; x_wconf 94' lang='lat' dir='ltr'>d</span> <span class='ocrx_word' id='word_1_192' title='bbox 251 2792 270 2815; x_wconf 89' lang='lat' dir='ltr'>e</span> <span class='ocrx_word' id='word_1_193' title='bbox 286 2792 296 2825; x_wconf 76' lang='lat'><em>3</em></span> <span class='ocrx_word' id='word_1_194' title='bbox 328 2781 403 2815; x_wconf 87' lang='grc'>552</span> <span class='ocrx_word' id='word_1_195' title='bbox 421 2790 450 2814; x_wconf 83' lang='lat' dir='ltr'>e.</span> 
     </span>
    </p>

    <p class='ocr_par' dir='ltr' id='par_1_6' title="bbox 122 2842 878 3009">
     <span class='ocr_line' id='line_1_41' title="bbox 122 2842 878 2891; baseline -0.003 -11"><span class='ocrx_word' id='word_1_196' title='bbox 122 2843 366 2891; x_wconf 85' lang='lat' dir='ltr'>Prosperitas,</span> <span class='ocrx_word' id='word_1_197' title='bbox 383 2854 506 2879; x_wconf 89' lang='lat' dir='ltr'>mores</span> <span class='ocrx_word' id='word_1_198' title='bbox 522 2842 727 2890; x_wconf 87' lang='lat' dir='ltr'>corrumpit</span> <span class='ocrx_word' id='word_1_199' title='bbox 747 2843 820 2879; x_wconf 88' lang='lat'>183</span> <span class='ocrx_word' id='word_1_200' title='bbox 838 2842 878 2888; x_wconf 88' lang='lat' dir='ltr'>d;</span> 
     </span>
     <span class='ocr_line' id='line_1_42' title="bbox 175 2907 876 2955; baseline 0 -12"><span class='ocrx_word' id='word_1_201' title='bbox 175 2908 388 2955; x_wconf 90' lang='lat' dir='ltr'>impiorum,</span> <span class='ocrx_word' id='word_1_202' title='bbox 410 2907 599 2943; x_wconf 90' lang='lat' dir='ltr'>nonnullis</span> <span class='ocrx_word' id='word_1_203' title='bbox 629 2907 738 2943; x_wconf 83' lang='lat' dir='ltr'>bonis</span> <span class='ocrx_word' id='word_1_204' title='bbox 772 2920 876 2943; x_wconf 86' lang='lat' dir='ltr'>scan-</span> 
     </span>
     <span class='ocr_line' id='line_1_43' title="bbox 175 2973 450 3009; baseline -0.004 -1"><span class='ocrx_word' id='word_1_205' title='bbox 175 2973 301 3009; x_wconf 87' lang='lat' dir='ltr'>dalum</span> <span class='ocrx_word' id='word_1_206' title='bbox 323 2975 399 3009; x_wconf 84' lang='lat'>864</span> <span class='ocrx_word' id='word_1_207' title='bbox 421 2985 450 3008; x_wconf 92' lang='lat' dir='ltr'>c.</span> 
     </span>
    </p>
   </div>
   <div class='ocr_carea' id='block_1_3' title="bbox 959 315 1712 364">
    <p class='ocr_par' dir='ltr' id='par_1_7' title="bbox 959 315 1712 364">
     <span class='ocr_line' id='line_1_44' title="bbox 959 315 1712 364; baseline -0.001 -12"><span class='ocrx_word' id='word_1_208' title='bbox 959 317 1191 353; x_wconf 76' lang='lat' dir='ltr'>Providentia</span> <span class='ocrx_word' id='word_1_209' title='bbox 1221 317 1301 359; x_wconf 87' lang='lat' dir='ltr'>Dei,</span> <span class='ocrx_word' id='word_1_210' title='bbox 1331 316 1547 364; x_wconf 75' lang='lat' dir='ltr'>temporalis</span> <span class='ocrx_word' id='word_1_211' title='bbox 1577 315 1612 351; x_wconf 90' lang='lat' dir='ltr'>in</span> <span class='ocrx_word' id='word_1_212' title='bbox 1642 315 1712 351; x_wconf 85' lang='lat' dir='ltr'>Ju-</span> 
     </span>
    </p>
   </div>
   <div class='ocr_carea' id='block_1_4' title="bbox 1007 381 1715 613">
    <p class='ocr_par' dir='ltr' id='par_1_8' title="bbox 1007 381 1715 613">
     <span class='ocr_line' id='line_1_45' title="bbox 1008 381 1713 428; baseline -0.001 -11"><span class='ocrx_word' id='word_1_213' title='bbox 1008 383 1108 417; x_wconf 84' lang='lat' dir='ltr'>‹lacis</span> <span class='ocrx_word' id='word_1_214' title='bbox 1125 382 1363 428; x_wconf 75' lang='lat' dir='ltr'>castigandis,</span> <span class='ocrx_word' id='word_1_215' title='bbox 1381 381 1565 428; x_wconf 84' lang='lat' dir='ltr'>descripta</span> <span class='ocrx_word' id='word_1_216' title='bbox 1581 383 1657 417; x_wconf 86' lang='lat'>295</span> <span class='ocrx_word' id='word_1_217' title='bbox 1673 393 1691 416; x_wconf 89' lang='lat' dir='ltr'>e</span> <span class='ocrx_word' id='word_1_218' title='bbox 1706 393 1713 424; x_wconf 91' lang='lat'>;</span> 
     </span>
     <span class='ocr_line' id='line_1_46' title="bbox 1008 446 1715 494; baseline -0.003 -11"><span class='ocrx_word' id='word_1_219' title='bbox 1008 449 1084 483; x_wconf 81' lang='lat'>647</span> <span class='ocrx_word' id='word_1_220' title='bbox 1112 460 1155 492; x_wconf 84' lang='lat' dir='ltr'>a;</span> <span class='ocrx_word' id='word_1_221' title='bbox 1196 460 1217 482; x_wconf 86' lang='lat' dir='ltr'>a</span> <span class='ocrx_word' id='word_1_222' title='bbox 1245 447 1397 482; x_wconf 83' lang='lat' dir='ltr'>Judaeis</span> <span class='ocrx_word' id='word_1_223' title='bbox 1423 447 1500 494; x_wconf 84' lang='lat' dir='ltr'>jam</span> <span class='ocrx_word' id='word_1_224' title='bbox 1531 446 1715 493; x_wconf 71' lang='lat' dir='ltr'>corruptis</span> 
     </span>
     <span class='ocr_line' id='line_1_47' title="bbox 1007 510 1712 561; baseline -0.001 -14"><span class='ocrx_word' id='word_1_225' title='bbox 1007 518 1141 561; x_wconf 79' lang='lat' dir='ltr'>negata</span> <span class='ocrx_word' id='word_1_226' title='bbox 1162 515 1238 548; x_wconf 86' lang='lat'>589</span> <span class='ocrx_word' id='word_1_227' title='bbox 1261 512 1296 551; x_wconf 88' lang='lat' dir='ltr'>b.</span> <span class='ocrx_word' id='word_1_228' title='bbox 1319 526 1340 547; x_wconf 85' lang='lat' dir='ltr'>a</span> <span class='ocrx_word' id='word_1_229' title='bbox 1368 512 1520 547; x_wconf 82' lang='lat' dir='ltr'>Graecis</span> <span class='ocrx_word' id='word_1_230' title='bbox 1552 510 1712 547; x_wconf 88' lang='lat' dir='ltr'>doctori-</span> 
     </span>
     <span class='ocr_line' id='line_1_48' title="bbox 1007 577 1424 613; baseline 0.005 -2"><span class='ocrx_word' id='word_1_231' title='bbox 1007 577 1075 612; x_wconf 82' lang='lat' dir='ltr'>bus</span> <span class='ocrx_word' id='word_1_232' title='bbox 1095 578 1277 613; x_wconf 84' lang='lat' dir='ltr'>affirmata</span> <span class='ocrx_word' id='word_1_233' title='bbox 1299 579 1373 613; x_wconf 89' lang='lat'>589</span> <span class='ocrx_word' id='word_1_234' title='bbox 1392 590 1424 613; x_wconf 83' lang='lat' dir='ltr'>e.</span> 
     </span>
    </p>
   </div>
   <div class='ocr_carea' id='block_1_5' title="bbox 957 642 1712 689">
    <p class='ocr_par' dir='ltr' id='par_1_9' title="bbox 957 642 1712 689">
     <span class='ocr_line' id='line_1_49' title="bbox 957 642 1712 689; baseline -0.001 -12"><span class='ocrx_word' id='word_1_235' title='bbox 957 642 1166 683; x_wconf 81' lang='lat' dir='ltr'>Prudentia,</span> <span class='ocrx_word' id='word_1_236' title='bbox 1202 642 1430 689; x_wconf 82' lang='lat' dir='ltr'>principibus</span> <span class='ocrx_word' id='word_1_237' title='bbox 1469 654 1615 688; x_wconf 78' lang='lat' dir='ltr'>semper</span> <span class='ocrx_word' id='word_1_238' title='bbox 1649 653 1712 676; x_wconf 87' lang='lat' dir='ltr'>ne-</span> 
     </span>
    </p>
   </div>
   <div class='ocr_carea' id='block_1_6' title="bbox 1006 707 1715 751">
    <p class='ocr_par' dir='ltr' id='par_1_10' title="bbox 1006 707 1715 751">
     <span class='ocr_line' id='line_1_50' title="bbox 1006 707 1715 751; baseline -0.001 -9"><span class='ocrx_word' id='word_1_239' title='bbox 1006 707 1165 742; x_wconf 82' lang='lat' dir='ltr'>ccssaria</span> <span class='ocrx_word' id='word_1_240' title='bbox 1186 709 1257 743; x_wconf 86' lang='lat'>186</span> <span class='ocrx_word' id='word_1_241' title='bbox 1274 720 1316 751; x_wconf 89' lang='lat' dir='ltr'>c;</span> <span class='ocrx_word' id='word_1_242' title='bbox 1347 707 1514 748; x_wconf 83' lang='lat' dir='ltr'>carnalis,</span> <span class='ocrx_word' id='word_1_243' title='bbox 1538 719 1637 741; x_wconf 89' lang='lat' dir='ltr'>mors</span> <span class='ocrx_word' id='word_1_244' title='bbox 1659 712 1715 741; x_wconf 84' lang='lat' dir='ltr'>est</span> 
     </span>
    </p>
   </div>
   <div class='ocr_carea' id='block_1_7' title="bbox 1008 772 1133 808">
    <p class='ocr_par' dir='ltr' id='par_1_11' title="bbox 1008 772 1133 808">
     <span class='ocr_line' id='line_1_51' title="bbox 1008 772 1133 808; baseline -0.016 0"><span class='ocrx_word' id='word_1_245' title='bbox 1008 773 1082 808; x_wconf 88' lang='grc'>228</span> <span class='ocrx_word' id='word_1_246' title='bbox 1100 772 1133 807; x_wconf 89' lang='lat' dir='ltr'>d.</span> 
     </span>
    </p>
   </div>
   <div class='ocr_carea' id='block_1_8' title="bbox 959 836 1714 884">
    <p class='ocr_par' dir='ltr' id='par_1_12' title="bbox 959 836 1714 884">
     <span class='ocr_line' id='line_1_52' title="bbox 959 836 1714 884; baseline 0 -13"><span class='ocrx_word' id='word_1_247' title='bbox 959 837 1317 884; x_wconf 63' lang='lat' dir='ltr'>pseudoprophetae,</span> <span class='ocrx_word' id='word_1_248' title='bbox 1341 836 1506 881; x_wconf 76' lang='lat' dir='ltr'>extincti,</span> <span class='ocrx_word' id='word_1_249' title='bbox 1529 837 1597 872; x_wconf 87' lang='lat' dir='ltr'>Dei</span> <span class='ocrx_word' id='word_1_250' title='bbox 1623 837 1714 872; x_wconf 86' lang='lat' dir='ltr'>cari-</span> 
     </span>
    </p>
   </div>
   <div class='ocr_carea' id='block_1_9' title="bbox 1003 901 1715 2827">
    <p class='ocr_par' dir='ltr' id='par_1_13' title="bbox 1003 901 1715 2827">
     <span class='ocr_line' id='line_1_53' title="bbox 1007 901 1713 946; baseline -0.001 -9"><span class='ocrx_word' id='word_1_251' title='bbox 1007 908 1122 937; x_wconf 87' lang='lat' dir='ltr'>tatem</span> <span class='ocrx_word' id='word_1_252' title='bbox 1138 902 1445 938; x_wconf 82' lang='lat' dir='ltr'>demonstrabant</span> <span class='ocrx_word' id='word_1_253' title='bbox 1460 904 1552 943; x_wconf 82' lang='lat' dir='ltr'>97c;</span> <span class='ocrx_word' id='word_1_254' title='bbox 1584 904 1651 937; x_wconf 84' lang='lat'>101</span> <span class='ocrx_word' id='word_1_255' title='bbox 1670 901 1713 946; x_wconf 78' lang='lat' dir='ltr'>b3</span> 
     </span>
     <span class='ocr_line' id='line_1_54' title="bbox 1007 967 1713 1014; baseline -0.001 -12"><span class='ocrx_word' id='word_1_256' title='bbox 1007 973 1159 1014; x_wconf 84' lang='lat' dir='ltr'>propter</span> <span class='ocrx_word' id='word_1_257' title='bbox 1191 980 1386 1002; x_wconf 87' lang='lat' dir='ltr'>numerum</span> <span class='ocrx_word' id='word_1_258' title='bbox 1423 967 1533 1014; x_wconf 87' lang='lat' dir='ltr'>spicis</span> <span class='ocrx_word' id='word_1_259' title='bbox 1565 979 1713 1013; x_wconf 81' lang='lat' dir='ltr'>compa-</span> 
     </span>
     <span class='ocr_line' id='line_1_55' title="bbox 1007 1032 1715 1077; baseline 0 -10"><span class='ocrx_word' id='word_1_260' title='bbox 1007 1032 1075 1067; x_wconf 85' lang='lat' dir='ltr'>rati</span> <span class='ocrx_word' id='word_1_261' title='bbox 1093 1034 1142 1068; x_wconf 89' lang='lat'>98</span> <span class='ocrx_word' id='word_1_262' title='bbox 1160 1045 1201 1077; x_wconf 69' lang='grc' dir='ltr'>εις</span> <span class='ocrx_word' id='word_1_263' title='bbox 1227 1032 1391 1067; x_wconf 86' lang='lat' dir='ltr'>insaniae</span> <span class='ocrx_word' id='word_1_264' title='bbox 1411 1032 1584 1074; x_wconf 87' lang='lat' dir='ltr'>convicti,</span> <span class='ocrx_word' id='word_1_265' title='bbox 1604 1032 1715 1068; x_wconf 85' lang='lat' dir='ltr'>exitio</span> 
     </span>
     <span class='ocr_line' id='line_1_56' title="bbox 1008 1096 1715 1145; baseline 0.001 -13"><span class='ocrx_word' id='word_1_266' title='bbox 1008 1096 1123 1133; x_wconf 89' lang='lat' dir='ltr'>dediti</span> <span class='ocrx_word' id='word_1_267' title='bbox 1149 1099 1218 1133; x_wconf 89' lang='lat'>131</span> <span class='ocrx_word' id='word_1_268' title='bbox 1239 1109 1258 1132; x_wconf 90' lang='lat' dir='ltr'>c</span> <span class='ocrx_word' id='word_1_269' title='bbox 1275 1097 1319 1141; x_wconf 89' lang='lat' dir='ltr'>d;</span> <span class='ocrx_word' id='word_1_270' title='bbox 1352 1097 1508 1144; x_wconf 87' lang='lat' dir='ltr'>quisque</span> <span class='ocrx_word' id='word_1_271' title='bbox 1530 1097 1626 1145; x_wconf 81' lang='lat' dir='ltr'>stylo</span> <span class='ocrx_word' id='word_1_272' title='bbox 1648 1110 1715 1133; x_wconf 91' lang='lat' dir='ltr'>suo</span> 
     </span>
     <span class='ocr_line' id='line_1_57' title="bbox 1008 1162 1714 1210; baseline 0.003 -14"><span class='ocrx_word' id='word_1_273' title='bbox 1008 1162 1197 1197; x_wconf 85' lang='lat' dir='ltr'>vaticinati</span> <span class='ocrx_word' id='word_1_274' title='bbox 1226 1168 1314 1197; x_wconf 87' lang='lat' dir='ltr'>sunt</span> <span class='ocrx_word' id='word_1_275' title='bbox 1342 1163 1414 1198; x_wconf 88' lang='grc'>132</span> <span class='ocrx_word' id='word_1_276' title='bbox 1432 1162 1477 1203; x_wconf 92' lang='lat' dir='ltr'>b;</span> <span class='ocrx_word' id='word_1_277' title='bbox 1513 1162 1714 1210; x_wconf 87' lang='lat' dir='ltr'>unicuique</span> 
     </span>
     <span class='ocr_line' id='line_1_58' title="bbox 1009 1226 1714 1271; baseline 0.003 -10"><span class='ocrx_word' id='word_1_278' title='bbox 1009 1226 1108 1262; x_wconf 91' lang='lat' dir='ltr'>idolo</span> <span class='ocrx_word' id='word_1_279' title='bbox 1121 1226 1291 1262; x_wconf 88' lang='lat' dir='ltr'>nonnulli</span> <span class='ocrx_word' id='word_1_280' title='bbox 1305 1233 1411 1262; x_wconf 87' lang='lat' dir='ltr'>erant</span> <span class='ocrx_word' id='word_1_281' title='bbox 1430 1230 1545 1267; x_wconf 88' lang='lat' dir='ltr'>133a;</span> <span class='ocrx_word' id='word_1_282' title='bbox 1568 1228 1714 1271; x_wconf 84' lang='lat' dir='ltr'>iterum,</span> 
     </span>
     <span class='ocr_line' id='line_1_59' title="bbox 1009 1288 1715 1334; baseline 0.001 -8"><span class='ocrx_word' id='word_1_283' title='bbox 1009 1292 1173 1327; x_wconf 85' lang='lat' dir='ltr'>insaniae</span> <span class='ocrx_word' id='word_1_284' title='bbox 1188 1288 1347 1327; x_wconf 76' lang='lat' dir='ltr'>convic&#39;ti</span> <span class='ocrx_word' id='word_1_285' title='bbox 1367 1293 1488 1334; x_wconf 89' lang='lat' dir='ltr'>133d;</span> <span class='ocrx_word' id='word_1_286' title='bbox 1507 1292 1609 1327; x_wconf 79' lang='lat' dir='ltr'>lucro</span> <span class='ocrx_word' id='word_1_287' title='bbox 1623 1293 1715 1328; x_wconf 85' lang='lat' dir='ltr'>vati-</span> 
     </span>
     <span class='ocr_line' id='line_1_60' title="bbox 1008 1356 1715 1401; baseline 0.001 -10"><span class='ocrx_word' id='word_1_288' title='bbox 1008 1357 1187 1401; x_wconf 85' lang='lat' dir='ltr'>cinantes,</span> <span class='ocrx_word' id='word_1_289' title='bbox 1205 1356 1460 1393; x_wconf 81' lang='lat' dir='ltr'>Samaritanos</span> <span class='ocrx_word' id='word_1_290' title='bbox 1483 1357 1715 1393; x_wconf 85' lang='lat' dir='ltr'>seduxerunt</span> 
     </span>
     <span class='ocr_line' id='line_1_61' title="bbox 1009 1422 1714 1469; baseline 0 -12"><span class='ocrx_word' id='word_1_291' title='bbox 1009 1423 1084 1457; x_wconf 85' lang='lat'>413</span> <span class='ocrx_word' id='word_1_292' title='bbox 1101 1434 1141 1465; x_wconf 88' lang='lat' dir='ltr'>e;</span> <span class='ocrx_word' id='word_1_293' title='bbox 1174 1424 1250 1457; x_wconf 85' lang='lat'>414</span> <span class='ocrx_word' id='word_1_294' title='bbox 1268 1422 1312 1466; x_wconf 82' lang='lat' dir='ltr'>d3</span> <span class='ocrx_word' id='word_1_295' title='bbox 1343 1434 1471 1469; x_wconf 86' lang='lat' dir='ltr'>pacem</span> <span class='ocrx_word' id='word_1_296' title='bbox 1494 1423 1714 1469; x_wconf 86' lang='lat' dir='ltr'>promitten-</span> 
     </span>
     <span class='ocr_line' id='line_1_62' title="bbox 1008 1486 1712 1531; baseline 0.001 -10"><span class='ocrx_word' id='word_1_297' title='bbox 1008 1492 1074 1531; x_wconf 81' lang='lat' dir='ltr'>tes,</span> <span class='ocrx_word' id='word_1_298' title='bbox 1100 1486 1401 1522; x_wconf 89' lang='lat' dir='ltr'>condemnantur</span> <span class='ocrx_word' id='word_1_299' title='bbox 1425 1488 1501 1523; x_wconf 87' lang='lat'>418</span> <span class='ocrx_word' id='word_1_300' title='bbox 1519 1499 1559 1531; x_wconf 90' lang='lat' dir='ltr'>c;</span> <span class='ocrx_word' id='word_1_301' title='bbox 1590 1487 1712 1522; x_wconf 88' lang='lat' dir='ltr'>lucem</span> 
     </span>
     <span class='ocr_line' id='line_1_63' title="bbox 1007 1551 1715 1599; baseline 0.003 -14"><span class='ocrx_word' id='word_1_302' title='bbox 1007 1551 1279 1598; x_wconf 84' lang='lat' dir='ltr'>promittentes,</span> <span class='ocrx_word' id='word_1_303' title='bbox 1306 1551 1455 1599; x_wconf 87' lang='lat' dir='ltr'>caligini</span> <span class='ocrx_word' id='word_1_304' title='bbox 1483 1552 1715 1587; x_wconf 85' lang='lat' dir='ltr'>devoventur</span> 
     </span>
     <span class='ocr_line' id='line_1_64' title="bbox 1007 1616 1712 1660; baseline 0 -9"><span class='ocrx_word' id='word_1_305' title='bbox 1007 1618 1082 1651; x_wconf 89' lang='lat'>419</span> <span class='ocrx_word' id='word_1_306' title='bbox 1111 1629 1154 1656; x_wconf 88' lang='lat' dir='ltr'>a;</span> <span class='ocrx_word' id='word_1_307' title='bbox 1197 1622 1330 1652; x_wconf 90' lang='lat' dir='ltr'>eventu</span> <span class='ocrx_word' id='word_1_308' title='bbox 1364 1616 1511 1660; x_wconf 88' lang='lat' dir='ltr'>detecti,</span> <span class='ocrx_word' id='word_1_309' title='bbox 1544 1622 1712 1652; x_wconf 88' lang='lat' dir='ltr'>contem-</span> 
     </span>
     <span class='ocr_line' id='line_1_65' title="bbox 1005 1681 1712 1729; baseline 0.001 -13"><span class='ocrx_word' id='word_1_310' title='bbox 1005 1686 1146 1716; x_wconf 85' lang='lat' dir='ltr'>nuntur</span> <span class='ocrx_word' id='word_1_311' title='bbox 1173 1683 1249 1717; x_wconf 90' lang='grc'>420</span> <span class='ocrx_word' id='word_1_312' title='bbox 1271 1693 1313 1719; x_wconf 83' lang='lat' dir='ltr'>a:</span> <span class='ocrx_word' id='word_1_313' title='bbox 1351 1694 1372 1716; x_wconf 89' lang='lat' dir='ltr'>a</span> <span class='ocrx_word' id='word_1_314' title='bbox 1393 1681 1533 1717; x_wconf 87' lang='lat' dir='ltr'>Satana</span> <span class='ocrx_word' id='word_1_315' title='bbox 1555 1681 1712 1729; x_wconf 86' lang='lat' dir='ltr'>loquen-</span> 
     </span>
     <span class='ocr_line' id='line_1_66' title="bbox 1005 1745 1713 1794; baseline 0.003 -14"><span class='ocrx_word' id='word_1_316' title='bbox 1005 1750 1074 1786; x_wconf 87' lang='lat' dir='ltr'>tes,</span> <span class='ocrx_word' id='word_1_317' title='bbox 1110 1758 1262 1781; x_wconf 86' lang='lat' dir='ltr'>necesse</span> <span class='ocrx_word' id='word_1_318' title='bbox 1293 1751 1349 1781; x_wconf 87' lang='lat' dir='ltr'>est</span> <span class='ocrx_word' id='word_1_319' title='bbox 1383 1745 1476 1781; x_wconf 87' lang='lat' dir='ltr'>falso</span> <span class='ocrx_word' id='word_1_320' title='bbox 1510 1746 1713 1794; x_wconf 88' lang='lat' dir='ltr'>loquantur</span> 
     </span>
     <span class='ocr_line' id='line_1_67' title="bbox 1006 1810 1710 1858; baseline 0.004 -14"><span class='ocrx_word' id='word_1_321' title='bbox 1006 1812 1082 1845; x_wconf 84' lang='lat'>420</span> <span class='ocrx_word' id='word_1_322' title='bbox 1117 1822 1159 1852; x_wconf 90' lang='lat' dir='ltr'>c;</span> <span class='ocrx_word' id='word_1_323' title='bbox 1205 1810 1456 1857; x_wconf 86' lang='lat' dir='ltr'>corruptionis</span> <span class='ocrx_word' id='word_1_324' title='bbox 1485 1811 1710 1858; x_wconf 89' lang='lat' dir='ltr'>judiciorum</span> 
     </span>
     <span class='ocr_line' id='line_1_68' title="bbox 1004 1874 1711 1923; baseline 0.004 -14"><span class='ocrx_word' id='word_1_325' title='bbox 1004 1874 1241 1910; x_wconf 86' lang='lat' dir='ltr'>condemnati</span> <span class='ocrx_word' id='word_1_326' title='bbox 1269 1876 1345 1911; x_wconf 87' lang='lat'>423</span> <span class='ocrx_word' id='word_1_327' title='bbox 1368 1887 1408 1920; x_wconf 79' lang='lat' dir='ltr'>a;</span> <span class='ocrx_word' id='word_1_328' title='bbox 1444 1881 1530 1911; x_wconf 87' lang='lat' dir='ltr'>ante</span> <span class='ocrx_word' id='word_1_329' title='bbox 1557 1876 1711 1923; x_wconf 88' lang='lat' dir='ltr'>captivi-</span> 
     </span>
     <span class='ocr_line' id='line_1_69' title="bbox 1003 1939 1710 1988; baseline 0.003 -14"><span class='ocrx_word' id='word_1_330' title='bbox 1003 1943 1118 1974; x_wconf 86' lang='lat' dir='ltr'>tatem</span> <span class='ocrx_word' id='word_1_331' title='bbox 1148 1939 1376 1975; x_wconf 87' lang='lat' dir='ltr'>seducebant</span> <span class='ocrx_word' id='word_1_332' title='bbox 1402 1940 1581 1988; x_wconf 89' lang='lat' dir='ltr'>populum</span> <span class='ocrx_word' id='word_1_333' title='bbox 1607 1953 1710 1976; x_wconf 91' lang='lat' dir='ltr'>men-</span> 
     </span>
     <span class='ocr_line' id='line_1_70' title="bbox 1005 2003 1712 2053; baseline 0.004 -15"><span class='ocrx_word' id='word_1_334' title='bbox 1005 2003 1118 2038; x_wconf 86' lang='lat' dir='ltr'>daciis</span> <span class='ocrx_word' id='word_1_335' title='bbox 1149 2006 1225 2040; x_wconf 88' lang='lat'>636</span> <span class='ocrx_word' id='word_1_336' title='bbox 1252 2004 1274 2039; x_wconf 91' lang='lat' dir='ltr'>b</span> <span class='ocrx_word' id='word_1_337' title='bbox 1295 2016 1335 2048; x_wconf 87' lang='lat' dir='ltr'>e;</span> <span class='ocrx_word' id='word_1_338' title='bbox 1373 2017 1393 2039; x_wconf 86' lang='lat' dir='ltr'>a</span> <span class='ocrx_word' id='word_1_339' title='bbox 1422 2004 1502 2040; x_wconf 91' lang='lat' dir='ltr'>Deo</span> <span class='ocrx_word' id='word_1_340' title='bbox 1529 2006 1712 2053; x_wconf 87' lang='lat' dir='ltr'>repudiati</span> 
     </span>
     <span class='ocr_line' id='line_1_71' title="bbox 1005 2068 1713 2117; baseline 0.004 -14"><span class='ocrx_word' id='word_1_341' title='bbox 1005 2073 1041 2103; x_wconf 89' lang='lat' dir='ltr'>et</span> <span class='ocrx_word' id='word_1_342' title='bbox 1073 2068 1238 2104; x_wconf 82' lang='lat' dir='ltr'>damnati</span> <span class='ocrx_word' id='word_1_343' title='bbox 1271 2070 1347 2104; x_wconf 90' lang='lat'>637</span> <span class='ocrx_word' id='word_1_344' title='bbox 1369 2081 1390 2103; x_wconf 88' lang='lat' dir='ltr'>a</span> <span class='ocrx_word' id='word_1_345' title='bbox 1410 2081 1453 2111; x_wconf 76' lang='grc' dir='ltr'>ος</span> <span class='ocrx_word' id='word_1_346' title='bbox 1491 2082 1583 2117; x_wconf 86' lang='lat' dir='ltr'>quae</span> <span class='ocrx_word' id='word_1_347' title='bbox 1615 2070 1713 2106; x_wconf 87' lang='lat' dir='ltr'>mala</span> 
     </span>
     <span class='ocr_line' id='line_1_72' title="bbox 1006 2133 1710 2180; baseline 0.006 -13"><span class='ocrx_word' id='word_1_348' title='bbox 1006 2133 1142 2180; x_wconf 89' lang='lat' dir='ltr'>populo</span> <span class='ocrx_word' id='word_1_349' title='bbox 1162 2133 1355 2169; x_wconf 87' lang='lat' dir='ltr'>intulerint</span> <span class='ocrx_word' id='word_1_350' title='bbox 1373 2136 1448 2169; x_wconf 89' lang='grc'>745</span> <span class='ocrx_word' id='word_1_351' title='bbox 1467 2134 1490 2169; x_wconf 93' lang='lat' dir='ltr'>d</span> <span class='ocrx_word' id='word_1_352' title='bbox 1503 2146 1544 2178; x_wconf 88' lang='lat' dir='ltr'>e;</span> <span class='ocrx_word' id='word_1_353' title='bbox 1575 2136 1650 2171; x_wconf 88' lang='lat'>746</span> <span class='ocrx_word' id='word_1_354' title='bbox 1667 2147 1710 2180; x_wconf 85' lang='lat' dir='ltr'>a;</span> 
     </span>
     <span class='ocr_line' id='line_1_73' title="bbox 1006 2197 1712 2245; baseline 0.004 -13"><span class='ocrx_word' id='word_1_355' title='bbox 1006 2209 1100 2244; x_wconf 82' lang='lat' dir='ltr'>quae</span> <span class='ocrx_word' id='word_1_356' title='bbox 1131 2199 1274 2245; x_wconf 86' lang='lat' dir='ltr'>passuri</span> <span class='ocrx_word' id='word_1_357' title='bbox 1304 2204 1422 2241; x_wconf 85' lang='lat' dir='ltr'>erant,</span> <span class='ocrx_word' id='word_1_358' title='bbox 1457 2197 1538 2234; x_wconf 90' lang='lat' dir='ltr'>Deo</span> <span class='ocrx_word' id='word_1_359' title='bbox 1568 2200 1712 2236; x_wconf 86' lang='lat' dir='ltr'>offenso</span> 
     </span>
     <span class='ocr_line' id='line_1_74' title="bbox 1008 2262 1710 2313; baseline 0.003 -15"><span class='ocrx_word' id='word_1_360' title='bbox 1008 2264 1082 2298; x_wconf 87' lang='lat'>746</span> <span class='ocrx_word' id='word_1_361' title='bbox 1105 2262 1149 2307; x_wconf 86' lang='lat' dir='ltr'>d;</span> <span class='ocrx_word' id='word_1_362' title='bbox 1187 2266 1261 2298; x_wconf 85' lang='lat'>747</span> <span class='ocrx_word' id='word_1_363' title='bbox 1279 2275 1319 2306; x_wconf 89' lang='lat' dir='ltr'>c;</span> <span class='ocrx_word' id='word_1_364' title='bbox 1355 2262 1571 2310; x_wconf 83' lang='lat' dir='ltr'>hypocritae</span> <span class='ocrx_word' id='word_1_365' title='bbox 1598 2276 1710 2313; x_wconf 85' lang='lat' dir='ltr'>argu-</span> 
     </span>
     <span class='ocr_line' id='line_1_75' title="bbox 1007 2327 1712 2375; baseline 0.003 -13"><span class='ocrx_word' id='word_1_366' title='bbox 1007 2333 1118 2363; x_wconf 91' lang='lat' dir='ltr'>untur</span> <span class='ocrx_word' id='word_1_367' title='bbox 1154 2329 1228 2363; x_wconf 88' lang='lat'>788</span> <span class='ocrx_word' id='word_1_368' title='bbox 1259 2340 1302 2371; x_wconf 81' lang='lat' dir='ltr'>a;</span> <span class='ocrx_word' id='word_1_369' title='bbox 1347 2340 1368 2362; x_wconf 87' lang='lat' dir='ltr'>a</span> <span class='ocrx_word' id='word_1_370' title='bbox 1401 2327 1557 2364; x_wconf 82' lang='lat' dir='ltr'>Judaeis</span> <span class='ocrx_word' id='word_1_371' title='bbox 1590 2329 1712 2375; x_wconf 87' lang='lat' dir='ltr'>primo</span> 
     </span>
     <span class='ocr_line' id='line_1_76' title="bbox 1005 2392 1711 2439; baseline 0.001 -12"><span class='ocrx_word' id='word_1_372' title='bbox 1005 2392 1146 2439; x_wconf 83' lang='lat' dir='ltr'>accepti</span> <span class='ocrx_word' id='word_1_373' title='bbox 1182 2394 1257 2428; x_wconf 89' lang='grc'>’788</span> <span class='ocrx_word' id='word_1_374' title='bbox 1293 2404 1336 2435; x_wconf 88' lang='lat' dir='ltr'>c;</span> <span class='ocrx_word' id='word_1_375' title='bbox 1387 2399 1470 2439; x_wconf 90' lang='lat' dir='ltr'>post</span> <span class='ocrx_word' id='word_1_376' title='bbox 1506 2393 1711 2429; x_wconf 86' lang='lat' dir='ltr'>Incarnati-</span> 
     </span>
     <span class='ocr_line' id='line_1_77' title="bbox 1003 2457 1712 2501; baseline 0.003 -10"><span class='ocrx_word' id='word_1_377' title='bbox 1003 2469 1113 2491; x_wconf 91' lang='lat' dir='ltr'>onem</span> <span class='ocrx_word' id='word_1_378' title='bbox 1134 2462 1365 2492; x_wconf 85' lang='lat' dir='ltr'>evanuerunt</span> <span class='ocrx_word' id='word_1_379' title='bbox 1387 2459 1462 2492; x_wconf 88' lang='lat'>788</span> <span class='ocrx_word' id='word_1_380' title='bbox 1480 2457 1524 2501; x_wconf 89' lang='lat' dir='ltr'>d;</span> <span class='ocrx_word' id='word_1_381' title='bbox 1554 2458 1712 2493; x_wconf 88' lang='lat' dir='ltr'>recenti-</span> 
     </span>
     <span class='ocr_line' id='line_1_78' title="bbox 1005 2521 1710 2568; baseline 0.003 -13"><span class='ocrx_word' id='word_1_382' title='bbox 1005 2521 1132 2556; x_wconf 88' lang='lat' dir='ltr'>oribus</span> <span class='ocrx_word' id='word_1_383' title='bbox 1147 2521 1377 2568; x_wconf 84' lang='lat' dir='ltr'>temporibus</span> <span class='ocrx_word' id='word_1_384' title='bbox 1392 2534 1466 2556; x_wconf 91' lang='lat' dir='ltr'>non</span> <span class='ocrx_word' id='word_1_385' title='bbox 1479 2527 1605 2557; x_wconf 87' lang='lat' dir='ltr'>essent</span> <span class='ocrx_word' id='word_1_386' title='bbox 1620 2522 1710 2557; x_wconf 91' lang='lat' dir='ltr'>tole-</span> 
     </span>
     <span class='ocr_line' id='line_1_79' title="bbox 1004 2585 1711 2634; baseline 0.003 -14"><span class='ocrx_word' id='word_1_387' title='bbox 1004 2585 1085 2627; x_wconf 86' lang='lat' dir='ltr'>rati,</span> <span class='ocrx_word' id='word_1_388' title='bbox 1126 2585 1205 2620; x_wconf 89' lang='lat' dir='ltr'>aevi</span> <span class='ocrx_word' id='word_1_389' title='bbox 1244 2585 1407 2621; x_wconf 89' lang='lat' dir='ltr'>melioris</span> <span class='ocrx_word' id='word_1_390' title='bbox 1444 2592 1711 2634; x_wconf 87' lang='lat' dir='ltr'>argumentum</span> 
     </span>
     <span class='ocr_line' id='line_1_80' title="bbox 1007 2649 1711 2698; baseline 0.001 -13"><span class='ocrx_word' id='word_1_391' title='bbox 1007 2651 1082 2685; x_wconf 86' lang='lat'>789</span> <span class='ocrx_word' id='word_1_392' title='bbox 1119 2649 1141 2684; x_wconf 91' lang='lat' dir='ltr'>b</span> <span class='ocrx_word' id='word_1_393' title='bbox 1176 2662 1219 2694; x_wconf 86' lang='lat' dir='ltr'>c;</span> <span class='ocrx_word' id='word_1_394' title='bbox 1268 2656 1420 2697; x_wconf 90' lang='lat' dir='ltr'>propter</span> <span class='ocrx_word' id='word_1_395' title='bbox 1457 2650 1711 2698; x_wconf 86' lang='lat' dir='ltr'>fragmentum</span> 
     </span>
     <span class='ocr_line' id='line_1_81' title="bbox 1005 2714 1709 2761; baseline 0.003 -12"><span class='ocrx_word' id='word_1_396' title='bbox 1005 2714 1109 2761; x_wconf 88' lang='lat' dir='ltr'>panis</span> <span class='ocrx_word' id='word_1_397' title='bbox 1145 2714 1321 2750; x_wconf 87' lang='lat' dir='ltr'>seducere</span> <span class='ocrx_word' id='word_1_398' title='bbox 1356 2715 1526 2750; x_wconf 87' lang='lat' dir='ltr'>solebant</span> <span class='ocrx_word' id='word_1_399' title='bbox 1559 2717 1635 2751; x_wconf 91' lang='lat'>790</span> <span class='ocrx_word' id='word_1_400' title='bbox 1664 2728 1709 2760; x_wconf 85' lang='lat' dir='ltr'>a;</span> 
     </span>
     <span class='ocr_line' id='line_1_82' title="bbox 1005 2778 1712 2827; baseline 0 -13"><span class='ocrx_word' id='word_1_401' title='bbox 1005 2778 1170 2826; x_wconf 88' lang='lat' dir='ltr'>perituri,</span> <span class='ocrx_word' id='word_1_402' title='bbox 1215 2779 1402 2827; x_wconf 88' lang='lat' dir='ltr'>lugentes,</span> <span class='ocrx_word' id='word_1_403' title='bbox 1451 2779 1712 2815; x_wconf 89' lang='lat' dir='ltr'>describuntur</span> 
     </span>
    </p>
   </div>
   <div class='ocr_carea' id='block_1_10' title="bbox 1006 2843 1171 2879">
    <p class='ocr_par' dir='ltr' id='par_1_14' title="bbox 1006 2843 1171 2879">
     <span class='ocr_line' id='line_1_83' title="bbox 1006 2843 1171 2879; baseline 0.006 -1"><span class='ocrx_word' id='word_1_404' title='bbox 1006 2845 1081 2879; x_wconf 85' lang='lat'>790</span> <span class='ocrx_word' id='word_1_405' title='bbox 1101 2843 1124 2878; x_wconf 94' lang='lat' dir='ltr'>b</span> <span class='ocrx_word' id='word_1_406' title='bbox 1140 2855 1171 2879; x_wconf 92' lang='lat' dir='ltr'>e.</span> 
     </span>
    </p>
   </div>
   <div class='ocr_carea' id='block_1_11' title="bbox 953 2907 1710 2956">
    <p class='ocr_par' dir='ltr' id='par_1_15' title="bbox 953 2907 1710 2956">
     <span class='ocr_line' id='line_1_84' title="bbox 953 2907 1710 2956; baseline 0 -12"><span class='ocrx_word' id='word_1_407' title='bbox 953 2907 1069 2952; x_wconf 85' lang='lat' dir='ltr'>Pueri,</span> <span class='ocrx_word' id='word_1_408' title='bbox 1090 2908 1127 2943; x_wconf 91' lang='lat' dir='ltr'>in</span> <span class='ocrx_word' id='word_1_409' title='bbox 1148 2907 1279 2955; x_wconf 86' lang='lat' dir='ltr'>plateis</span> <span class='ocrx_word' id='word_1_410' title='bbox 1299 2907 1484 2951; x_wconf 82' lang='lat' dir='ltr'>ludentes,</span> <span class='ocrx_word' id='word_1_411' title='bbox 1506 2908 1607 2956; x_wconf 89' lang='lat' dir='ltr'>pacis</span> <span class='ocrx_word' id='word_1_412' title='bbox 1626 2908 1710 2945; x_wconf 88' lang='lat' dir='ltr'>des-</span> 
     </span>
    </p>
   </div>
   <div class='ocr_carea' id='block_1_12' title="bbox 1005 2972 1709 3020">
    <p class='ocr_par' dir='ltr' id='par_1_16' title="bbox 1005 2972 1709 3020">
     <span class='ocr_line' id='line_1_85' title="bbox 1005 2972 1709 3020; baseline 0 -12"><span class='ocrx_word' id='word_1_413' title='bbox 1005 2972 1137 3020; x_wconf 90' lang='lat' dir='ltr'>criptio</span> <span class='ocrx_word' id='word_1_414' title='bbox 1168 2974 1243 3009; x_wconf 89' lang='lat'>716</span> <span class='ocrx_word' id='word_1_415' title='bbox 1265 2985 1286 3008; x_wconf 87' lang='lat' dir='ltr'>a</span> <span class='ocrx_word' id='word_1_416' title='bbox 1305 2985 1349 3017; x_wconf 88' lang='lat' dir='ltr'>c;</span> <span class='ocrx_word' id='word_1_417' title='bbox 1394 2972 1632 3020; x_wconf 86' lang='lat' dir='ltr'>spiritualiter</span> <span class='ocrx_word' id='word_1_418' title='bbox 1662 2973 1709 3009; x_wconf 86' lang='lat' dir='ltr'>de</span> 
     </span>
    </p>
   </div>
  </div>
 </body>
</html>
