2018 3391
75 578 155 608 Mic.
174 577 208 609 ii.

78 632 105 658 1,
124 631 151 653 2.

77 1898 161 1939 Eph.
179 1909 211 1930 V.

81 1953 129 1982 14.

79 2062 132 2092 Ps.
148 2061 215 2092 lvii.

290 130 377 169 214
679 133 730 173 B.
773 131 1049 173 CYRILLI
1101 132 1482 174 ALEXANDR.
1748 129 1802 168 iii.
1824 141 1862 182 3·

290 245 519 302 μελοῦσιν
551 240 682 292 οὐδὲν
715 243 1027 304 ἀπειλοῦντες,
1069 245 1105 292 εὶ
1143 242 1207 306 μὴ
1248 246 1363 309 δρᾶν
1399 242 1579 292 ἕλοιντο
1616 239 1675 290 τὰ
1712 239 1866 291 αὐτοῖς

293 322 477 388 θυμήρη
512 346 561 374 τε
592 325 667 373 καὶ
702 324 840 390 φίλα,
867 326 941 374 καὶ
965 330 1351 391 παραχωροῦντες
1378 326 1662 390 ἐγκαλοῦσιν
1687 321 1865 386 ἑτέροις,

293 403 439 469 ἤγουν
489 405 643 458 αὐτοῖς
692 410 787 459 τοῖς
829 404 1068 471 δικάζουσι
1119 407 1331 470 κτήσεων
1378 408 1504 458 ἰδίων
1552 402 1862 474 ἐξιστάμενοι.

295 485 586 555 καταγράφει
638 486 731 552 γὰρ
787 489 940 538 αὐτῶν
990 488 1049 539 τὰ
1109 488 1262 540 τοιάδε
1323 494 1416 540 τῶν
1475 492 1627 539 κακῶν
1683 489 1756 536 καὶ
1810 485 1865 534 δι’

295 567 448 633 ἑτερου
485 569 746 638 προφήτου,
799 569 966 636 λέγων’
1024 571 1231 638 Μιχαίας
1273 570 1320 621 δὲ
1359 571 1506 624 οὗτος·
1572 578 1598 599 “
1620 568 1868 634 Ἐγένοντο

297 657 324 679 “
349 650 639 717 λογιζόμενοι
677 651 847 707 κόπους
887 655 962 704 καὶ
999 652 1293 720 ἐργαζόμενοι
1331 652 1450 704 κακὰ
1487 655 1534 703 ἐν
1567 656 1665 705 ταῖς
1700 652 1871 702 κοίταις

253 739 325 779 b“
351 733 517 796 αὐτῶν,
565 737 640 785 καὶ
687 734 785 797 ἅμα
827 740 885 803 τῇ
930 736 1077 805 ἡμέρᾳ
1127 735 1407 786 συνετέλουν
1449 733 1579 797 αὐτὰ,
1630 732 1744 784 διότι
1787 733 1868 783 οὐκ

298 822 324 844 “
350 813 468 882 ἦραν
500 816 619 883 πρὸς
649 815 731 868 τὸν
757 816 879 869 Θεὸν
905 824 1059 885 χεῖρας
1085 819 1250 870 αὐτῶν.
1301 821 1375 869 καὶ
1401 817 1658 880 ἐπεθύμουν
1684 814 1868 881 ἀγροὺς,

293 904 320 926 “
347 899 423 948 καὶ
466 898 717 965 διήρπαζον
756 900 1004 967 ὀρφανοὺς,
1048 905 1124 951 καὶ
1163 900 1313 954 οἴκους
1351 898 1757 961 κατεδυνάστευον,
1795 900 1868 948 καὶ

293 986 321 1008 “
345 979 597 1047 διήρπαζον
623 981 770 1048 ἄνδρα
803 985 878 1033 καὶ
910 982 992 1033 τὸν
1017 981 1143 1034 οῖκον
1175 984 1329 1045 αὐτοῦ,
1355 983 1501 1049 ἄνδρα
1531 984 1605 1032 καὶ
1635 981 1720 1046 τὴν
1755 988 1868 1045 κλη-

294 1068 321 1092 “
345 1063 569 1130 ρονομίαν
595 1065 780 1116 αὐτοῦ.”

371 1152 777 1217 Καταβρυχῶνται
823 1150 871 1201 δὲ
914 1148 1077 1218 ὥσπερ
1121 1156 1215 1202 τῶν
1265 1153 1313 1202 ἐν
1364 1152 1496 1218 ἁπλῇ
1539 1151 1694 1202 πίστει
1737 1154 1871 1209 βιοῦν

292 1231 536 1298 ᾑρημένων
571 1234 646 1283 καὶ
685 1236 726 1283 οἱ
761 1237 855 1283 τῶν
888 1234 1112 1299 αἱρέσεων
1141 1236 1330 1300 εὑρεταὶ,
1358 1236 1431 1285 καὶ
1462 1231 1712 1297 θεοστυγές
1744 1232 1868 1282 ἀνοί-

293 1336 455 1378 γοντες
501 1313 672 1378 στόμα,
717 1314 824 1370 τοὺς
868 1316 998 1367 οὐδὲν
1042 1316 1218 1371 εἰδότας
1257 1319 1502 1384 μονονουχὶ
1542 1316 1872 1367 κατεσθίουσιν

294 1397 640 1463 ἀμαθεστέρους
691 1400 1042 1461 ἀποτελοῦντες,
1095 1403 1170 1450 καὶ
1221 1398 1412 1468 ψυχρὰς
1462 1401 1615 1452 αὐτοῖς
1660 1400 1733 1449 καὶ
1784 1401 1871 1448 διε-

294 1479 598 1544 στραμμένας
639 1481 828 1534 ἐνιέντες
866 1481 1056 1543 ἐννοίας,
1094 1486 1586 1548 καταμυθολογοῦντες
1627 1480 1675 1531 δὲ
1714 1481 1870 1543 οὕτως,

255 1561 371 1610 (ἐκαὶ
410 1559 463 1611 τό
508 1583 564 1626 γε
609 1562 784 1631 σφίσιν
826 1563 981 1617 αὐτοῖς
1026 1564 1075 1614 εὖ
1120 1563 1239 1631 ἔχειν
1291 1563 1633 1627 ὑπειλημμένον
1683 1567 1872 1630 φρονεῖν

295 1643 631 1707 ἀναπείθοντες,
659 1647 721 1698 ὡς
753 1645 841 1709 ἤδη
876 1648 1024 1696 δοκεῖν
1049 1644 1155 1699 τοὺς
1181 1650 1276 1700 τοῖς
1310 1647 1418 1712 παρ’
1445 1647 1596 1697 αὐτῶν
1622 1644 1872 1699 ἐναλόντας

294 1724 501 1792 βρόχοις,
544 1725 667 1794 τάχα
709 1750 801 1778 που
845 1729 919 1778 καὶ
967 1727 1244 1789 ε’κτεθνάναι,
1288 1730 1362 1779 καὶ
1406 1729 1553 1781 λίθοις
1597 1728 1738 1793 ὀλίγα
1779 1733 1873 1781 τοῖς

296 1807 598 1873 ἀναισθήτοις
628 1815 939 1878 παραχωρεῖν,
971 1810 1038 1864 οἷς
1077 1811 1135 1861 ἄν
1168 1834 1236 1864 τις
1274 1810 1596 1879 ἐπιφωνήσειε,
1631 1813 1705 1860 καὶ
1743 1809 1874 1873 μάλα

296 1888 481 1944 εἰκότως
509 1889 769 1958 “’Έγειραι
804 1893 829 1943 ὁ
868 1893 1105 1944 καθεύδων
1143 1895 1218 1943 καὶ
1254 1892 1438 1943 ἀνάστα
1476 1894 1525 1944 ἐκ
1562 1897 1655 1943 τῶν
1687 1897 1873 1959 νεκρῶν,

298 1979 325 2001 “
351 1974 426 2023 καὶ
459 1974 707 2042 ἐπιφαύσει
733 1998 813 2025 σοι
840 1976 865 2025 ὁ
892 1975 1145 2041 Χριστός.”
1211 1975 1361 2040 πλὴν,
1390 1973 1450 2029 ὥς
1483 1980 1634 2044 φησιν
1666 1977 1690 2025 ὁ
1725 1976 1874 2037 μακά-

297 2079 394 2122 ριος
421 2057 595 2108 Δαυείδ
620 2065 647 2086 “
666 2059 728 2109 ‘O
756 2057 875 2111 Θεὸς
910 2060 1159 2127 συντρίψει
1193 2057 1299 2112 τοὺς
1338 2060 1529 2114 ὀδόντας
1555 2059 1707 2108 αὐτῶν
1736 2059 1784 2108 ἐν
1808 2063 1875 2128 τῷ

299 2145 326 2166 “
351 2138 555 2201 στόματι
599 2140 769 2199 αὐτῶν,
811 2138 895 2194 τὰς
938 2140 1091 2204 μύλας
1136 2144 1229 2192 τῶν
1269 2139 1472 2191 λεόντων
1509 2140 1805 2192 συνέθλασεν
1849 2143 1874 2192 ὁ

299 2228 326 2250 “
354 2221 571 2287 Κύριος.”

255 2411 351 2457 (1οἷ
390 2415 527 2471 κριταὶ
565 2416 696 2457 αὐτῇε
730 2416 790 2456 ὡς
825 2417 946 2458 λύκοι
980 2421 1055 2458 τῆς
1082 2417 1297 2474 Ἀραβίας,
1335 2418 1408 2472 οὐχ
1443 2416 1699 2457 ὑπελίποντο
1730 2414 1789 2457 εἰς
1825 2416 1873 2457 τὸ

367 2495 494 2555 Πρωΐ.

374 2611 504 2660 Φασὶ
529 2609 637 2665 τοὺς
663 2611 711 2661 ἐν
734 2612 939 2679 Ἀραβίᾳ
967 2611 1136 2665 λύκους
1166 2609 1340 2664 παντὸς
1365 2609 1570 2661 ἐπέκεινα
1597 2607 1737 2674 θηρὸς
1764 2608 1874 2658 ἰέναι

300 2689 419 2757 πρὸς
452 2691 720 2758 ἀγριότητα,
755 2693 1193 2760 κατηῤῥωστηκέναι
1218 2715 1267 2743 τε
1305 2692 1414 2742 λίαν
1445 2691 1499 2742 τὸ
1532 2690 1789 2757 ἀκόρεστον
1813 2693 1876 2743 εἷς

348 2864 379 2897 3.
405 2855 524 2891 αὐτοὺς
541 2855 618 2892 τοὺς
634 2856 826 2899 δικάζοντας
844 2855 936 2891 Edd.
1166 2869 1199 2898 4.
1226 2855 1278 2889 καὶ
1295 2853 1499 2900 δι’-οὗτος]
1520 2855 1573 2889 καὶ
1590 2855 1645 2889 διὰ
1661 2857 1722 2889 τοῦ
1738 2855 1875 2912 μιχαίου

300 2898 409 2942 λέγων
428 2901 474 2936 D.
693 2904 727 2938 6.
753 2904 806 2937 καὶ
823 2909 1045 2947 assumptum
1063 2916 1103 2937 ex
1124 2903 1170 2938 D.
1190 2902 1284 2937 deest
1303 2902 1337 2935 in
1357 2902 1398 2936 B.
1613 2913 1667 2946 23.
1694 2904 1874 2947 συντριψει

301 2944 404 2979 habet
424 2947 469 2981 D.
662 2950 716 2983 26.
741 2949 925 2995 ’Λρῥαβίας
944 2951 1072 2994 passim
1094 2950 1135 2983 B.

1889 577 1910 614 5

1896 1004 1942 1029 10

1897 1829 1945 1853 20
