2007 3387
277 159 361 201 332
660 161 709 201 B.
747 157 1022 200 CYRILLI
1074 155 1460 197 ALEXANDR.
1682 150 1859 202 iv.4-6.

274 268 562 322 παιδεύσεως
587 266 784 319 κατόπιν
808 270 974 318 ἰοῦσαν
999 264 1084 329 τὴν
1116 264 1309 329 νομικὴν
1333 269 1416 316 τοῦ
1449 262 1728 330 πράγματος
1752 259 1863 323 ἡμῖν

277 350 723 415 κατασημαίνοντος.
788 348 871 400 θεά
913 347 1006 415 γὰρ
1056 346 1184 401 ὅπως
1228 352 1324 401 τοῖς
1367 346 1452 410 μὲν
1499 347 1548 396 ἐν
1597 347 1655 412 τῇ
1699 341 1864 408 πρώτῃ

278 436 432 500 σκηνῇ
466 430 608 495 μόνος
642 430 703 485 εἷς
739 431 915 482 ἐκαίετο
953 431 1148 498 λύχνος,
1177 435 1272 484 τοῖς
1305 428 1454 496 γεμὴν
1491 423 1866 494 εἶσπεφθακόσιν

279 519 341 569 εἰς
367 514 425 565 τὰ
451 513 562 580 ἅγια
592 517 686 564 τῶν
718 514 864 579 ἁγίων
902 511 1023 565 ἑπτα
1062 512 1213 576 λύχνοι
1244 517 1320 564 καὶ
1349 511 1393 564 τὶ
1422 506 1686 578 λαμπάδιον
1711 509 1860 576 ἀμφι-

279 595 590 662 λαφεστάτην
616 596 779 663 ὥσπερ
806 595 988 647 ἐνίεσαν
1014 593 1100 660 τὴν
1128 595 1292 661 αὐγήν.
1886 609 1909 648 5

241 804 262 835 4
285 791 359 832 Καὶ
385 791 648 849 ἐΠΗρώτΗσα
681 791 749 832 καὶ
781 787 880 832 εἶπα
914 790 1021 848 Πρὸς
1056 792 1129 833 τὸν
1156 791 1334 838 (ΞΠ-ελον
1360 790 1433 833 τὸν
1460 792 1675 831 λαλοῦντα
1702 789 1746 830 ἐν
1774 786 1867 837 ἐμοὶ

241 888 263 926 5
350 876 486 923 λέΓων
512 875 563 916 Τί
597 876 684 918 ἐστι
715 878 863 927 ταῦτα,
893 875 1045 932 Κύριε,
1085 875 1153 916 καὶ
1180 874 1391 931 ἀπεκρίθΗ
1419 874 1441 916 ὁ
1469 873 1645 921 &ff-ehoe
1672 873 1694 914 ὁ
1721 871 1867 912 λαλῶν

237 960 264 999 (1
349 959 393 1001 ὲν
420 960 515 1009 ἐμοὶ
555 960 623 1000 καὶ
660 955 753 1000 εἶπε
790 959 898 1016 Πρὸς
935 959 985 1008 με
1021 960 1157 1006 λεΓων
1185 958 1244 1000 Οὐ
1285 956 1503 1004 Γινώσκειε
1530 956 1567 998 τί
1596 956 1685 997 ἐστι
1710 958 1868 1006 *susm-013

242 1046 263 1081 6
352 1042 421 1083 καὶ
447 1039 545 1084 εἶπα
576 1043 676 1099 Οὐχὶ
707 1043 841 1100 Κύριε.
902 1043 969 1083 καὶ
1004 1042 1213 1100 ἁπεκρίΟΗ
1263 1043 1285 1083 ὁ
1315 1042 1493 1089 dim-cmc
1532 1039 1599 1081 καί
1637 1035 1730 1081 εἶπε
1761 1039 1868 1095 Πρὸς

348 1127 399 1176 μὲ
433 1128 568 1174 λέγων
603 1124 739 1168 Οὗτος
774 1127 796 1168 ὁ
831 1127 956 1174 Abs-oc
998 1125 1147 1183 Κυρίου
1185 1126 1292 1183 Πρὸς
1324 1124 1567 1182 Ζοροβάβελ
1606 1123 1742 1170 λέγων
1780 1121 1868 1163 Οὐκ
1892 1136 1940 1161 10

348 1211 393 1251 ὲν
438 1210 615 1259 δυνάμει
658 1211 823 1268 μει-αλῌ
865 1209 964 1251 οὐδὲ
1006 1209 1051 1250 ἐν
1097 1207 1216 1265 ἰσχύϊ,
1255 1209 1344 1249 ἀλλ’
1392 1208 1415 1249 fi
1454 1208 1498 1249 ἐν
1537 1205 1753 1251 Πνεύματί
1788 1220 1868 1254 μου

348 1296 462 1343 λέπει
498 1295 648 1353 Κύριος
681 1295 1008 1352 Παντοκράτωρ.

347 1413 463 1466 ‘'On
503 1416 578 1465 καὶ
619 1415 818 1477 ἀμείνων
858 1416 932 1464 καὶ
972 1413 1211 1479 ἱερώτερος
1246 1415 1328 1475 τῆς
1371 1413 1420 1463 ἐν
1458 1411 1567 1475 ἡμῖν
1605 1409 1808 1463 διανοιάς
1844 1409 1870 1460 ὀ

281 1501 375 1547 τῶν
414 1501 592 1561 νοητῶν
633 1496 874 1559 δυνάμεων
915 1501 1034 1558 νοῦς,
1073 1499 1148 1546 καὶ
1186 1493 1489 1561 άσυγκρίτοις
1528 1495 1774 1559 ὑπεροχαῖς
1812 1490 1871 1542 τὰ

61 1590 169 1664 ῗέΓιπΞι
243 1601 265 1627 e
283 1580 388 1631 καθ’
411 1580 530 1643 ἡμᾶς
559 1579 893 1645 ὑπερκείμενος,
919 1580 995 1629 καὶ
1021 1580 1229 1629 ἐντεῦθεν
1255 1576 1312 1627 ἂν
1338 1576 1520 1640 μάθοις.
1565 1583 1590 1604 “
1604 1575 1869 1642 ἐπέστρεψε
1896 1597 1940 1636 ι5

124 1659 128 1664 ¹
170 1655 178 1664 ’
283 1669 311 1691 “
335 1661 421 1726 μὲν
459 1660 552 1727 γὰρ
592 1663 617 1711 ὁ
650 1661 869 1727 ἅγγελος,
899 1663 959 1714 ὡς
999 1662 1024 1711 ὁ
1066 1658 1326 1728 Προφήτης
1362 1660 1498 1728 φησὶ,
1526 1659 1601 1708 καὶ
1634 1654 1870 1725 ἐξήγειρεν

284 1752 310 1774 “
339 1744 492 1806 αὐτὸν,
534 1743 586 1795 ’ὸν
620 1742 796 1809 τρόπον
833 1743 945 1794 ὅταν
980 1743 1202 1812 ἐξεγερθῇ
1241 1742 1486 1807 ἅνθρωπος
1517 1742 1567 1791 ἐκ
1604 1745 1686 1790 τοῦ
1726 1740 1872 1789 ὕπνου

285 1835 311 1857 “
337 1827 518 1879 αὑτοῦ.”
584 1831 619 1877 εὶ
648 1825 741 1892 γὰρ
776 1825 832 1890 δὴ
871 1825 1139 1892 συγκρίνειν
1178 1824 1340 1875 ἕλοιτό
1367 1846 1450 1887 τις,
1477 1825 1539 1876 ὡς
1565 1820 1683 1888 πρός
1710 1844 1764 1886 γε
1790 1820 1872 1872 τὸν

284 1915 385 1965 ταῖς
411 1909 506 1960 ἄνω
534 1908 787 1972 δυνάμεσιν
812 1907 975 1959 ἐνόντα
1007 1914 1131 1966 νοῦν,
1159 1909 1242 1970 τῆς
1273 1907 1566 1972 ἀνθρωπίνης
1592 1904 1795 1957 διανοίας
1817 1902 1872 1954 τὸ

284 1993 474 2059 μέτρον,
513 1992 920 2057 μειονεκτούμενον
954 1989 1138 2057 εὑρήσει
1183 1994 1430 2051 τοσοῦτον,
1471 1987 1588 2039 ὅσον
1626 1985 1683 2037 ἂν
1722 1990 1872 2037 νοοῖτο
1892 2011 1943 2037 20

285 2074 482 2127 κατόπιν
506 2077 658 2126 ἐλθεῖν
693 2076 768 2125 καὶ
804 2076 885 2137 τῆς
917 2077 1011 2124 τῶν
1047 2071 1296 2141 νηφόντων
1326 2071 1528 2124 διανοίας
1554 2069 1613 2121 τὰ
1639 2071 1686 2120 ἐν
1714 2070 1872 2122 ὕπνοις

66 2172 152 2206 685
170 2171 220 2205 Α.
247 2159 417 2223 αὴμῶν
456 2159 631 2225 ἀδρανῆ
667 2155 1006 2224 φαντάσματα.
1074 2153 1320 2220 ἐγήγερται
1359 2152 1415 2218 δὴ
1452 2154 1533 2204 οὖν
1559 2154 1583 2203 ὁ
1613 2151 1873 2221 Προφήτης

286 2245 349 2294 εἷς
375 2243 535 2309 νῆψιν,
562 2238 692 2290 ἀλλὰ
725 2240 800 2289 καὶ
828 2240 973 2292 οὕτως
1007 2237 1127 2306 ἔχων
1159 2239 1234 2288 καὶ
1268 2235 1552 2301 ἠκονημένος
1578 2233 1712 2301 ἄγαν,
1741 2233 1873 2285 οὐδὲν

285 2322 427 2387 ἧττόν
464 2323 566 2373 ἐστι
603 2319 781 2388 βραδὺς
813 2320 931 2386 πρός
962 2342 1016 2385 γε
1053 2318 1107 2370 τὸ
1146 2319 1390 2380 δύνασθαι,
1418 2319 1552 2386 φημὶ,
1579 2316 1785 2368 συνιέναι
1814 2315 1873 2367 τὰ

287 2403 570 2467 δεικνύμενα.
634 2403 863 2471 ταύτῃτοι,
901 2403 975 2452 καὶ
1014 2401 1146 2464 μάλα
1180 2400 1379 2464 εἰκότως,
1413 2396 1790 2451 ἀναπυνθάνεταί
1823 2421 1872 2449 τε
1893 2422 1941 2461 25

288 2490 364 2538 καὶ
407 2487 536 2555 ἀξιοῖ
571 2485 822 2550 μανθάνειν
862 2483 993 2551 παρὰ
1035 2489 1119 2535 τοῦ
1162 2487 1429 2552 σοφοῦντος
1464 2479 1689 2547 ἀγγέλου.
1754 2481 1779 2531 ὁ
1824 2480 1873 2532 δὲ

336 2661 368 2684 2.
395 2650 484 2686 ὅπως
509 2649 787 2695 suprascriptum
814 2648 855 2682 C.
925 2649 996 2683 τοῖς
1015 2647 1056 2682 C.
1079 2647 1357 2692 suprascriptum
1376 2645 1418 2679 B.
1436 2643 1486 2680 οἷς
1504 2643 1596 2679 Edd.
1660 2643 1722 2687 μὲν
1745 2642 1781 2676 ἐν
1804 2642 1872 2677 hoc

287 2697 409 2731 ordine
428 2697 469 2730 C.
743 2707 776 2741 3.
803 2697 904 2739 μόνος
921 2701 1141 2739 assumptum
1160 2706 1201 2728 ex
1221 2692 1262 2727 C.
1311 2692 1583 2737 εἷσπεφθακόσιν
1599 2690 1745 2724 accessit
1763 2702 1804 2723 ex
1825 2690 1871 2724 1).

289 2744 533 2787 εἷο-βεβηκόσιν
550 2743 654 2778 hodie
673 2742 714 2777 C.
730 2742 797 2788 [σβ
817 2742 982 2786 (fortasse
1001 2742 1083 2776 olim
1101 2740 1170 2785 σπ)
1188 2746 1222 2774 et
1238 2741 1282 2783 βη
1301 2751 1409 2773 manu
1425 2735 1636 2782 recentiori]
1760 2737 1792 2770 6.
1810 2736 1869 2771 ἐπ-

289 2793 443 2834 ερώτησα
463 2790 503 2824 C.
762 2802 795 2835 9.
821 2791 839 2822 ὁ
857 2789 1001 2834 ἅγγελος
1019 2794 1199 2832 assumpta
1216 2798 1257 2820 ex
1276 2785 1317 2820 C.
1574 2794 1627 2818 11.
1651 2782 1729 2816 ἀλλ’
1748 2782 1766 2826 ἢ
1787 2783 1871 2817 C.F.

290 2838 409 2881 (Alex.
427 2837 466 2882 N)
484 2837 575 2871 ἀλλὰ
594 2836 685 2871 Edd.
830 2847 884 2878 14.
910 2834 980 2880 καὶ]
1005 2839 1041 2876 4-
1063 2836 1098 2868 ἐν
1117 2833 1207 2868 Edd.
1226 2833 1296 2867 inv.
1316 2831 1408 2866 C.D.
1554 2840 1607 2875 15.
1633 2830 1810 2864 κάντεῦθεν
1828 2830 1870 2864 C.

290 2884 343 2916 καὶ
361 2884 425 2917 ε’ντ.
445 2884 491 2918 D.
512 2883 603 2918 Edd.
837 2893 893 2917 20.
917 2881 1212 2927 μειονεκτουμένην
1230 2880 1270 2914 C.
1508 2888 1562 2911 21.
1588 2876 1703 2912 ὕπνοις
1719 2876 1810 2920 ἡμῶν
1828 2876 1870 2911 C.

289 2932 359 2964 τοῖς
376 2929 490 2965 ὕπνοις
509 2930 600 2964 Edd.
947 2939 1002 2974 23.
1032 2929 1128 2962 Haec
1146 2928 1199 2961 καὶ
1216 2924 1414 2970 ἧκονημένος
1430 2924 1515 2970 ι’ίγαν
1532 2930 1754 2958 accesserunt
1767 2936 1808 2958 ex
1828 2923 1870 2958 C.

292 2976 346 3009 26.
371 2977 546 3019 μανθάνειν
565 2977 605 3011 C.
624 2976 742 3020 μαθεῖν
762 2975 852 3010 Edd.
902 2977 1095 3021 σοφοῦντος
1114 2974 1154 3008 C.
1174 2974 1425 3018 διασαφοῦντος
1444 2970 1536 3006 Edd.
