2028 3356
88 462 145 494 Es.
158 462 249 493 xxiii.

89 516 144 581 3³3.
160 550 251 581 xviii.

92 603 119 625 2.

312 165 396 204 104
704 164 754 203 B.
794 160 1070 203 CYRILLI
1120 160 1504 200 ALEXANDR.
1760 156 1801 196 ii.
1826 169 1887 195 Π.

270 299 292 325 e
311 279 385 325 καὶ
424 274 723 339 ἀναισθήτοις
762 271 937 342 φωνὰς,
964 272 1051 338 οὐχ
1076 270 1144 341 ἶὼς
1176 270 1320 340 φάναι
1359 294 1403 323 τι
1440 268 1584 337 τυχὸν
1611 267 1890 332 δυναμένοις,

311 359 420 408 ἀλλ’
467 355 564 408 οἷον
612 357 766 409 αὐτοῖς
809 354 1061 421 πράγμασι
1111 355 1357 421 μονονουχὶ
1401 351 1746 418 διακεκραγόσι.
1815 351 1890 400 καὶ

311 445 427 505 γοῦν
462 440 486 489 ὁ
524 437 748 504 μακάριος
772 436 983 490 εΗσαίἀς
1023 443 1048 465 “
1071 435 1366 503 Αἷσχύνθητι
1393 435 1560 493 Σιδὼν,
1589 432 1714 485 εἶπεν
1744 433 1772 497 ἡ
1799 432 1885 484 θοί-

313 529 340 551 “
366 521 573 572 λασσα”
615 520 753 588 φησί·
796 521 871 570 καὶ
909 519 1066 581 με’ντοι
1093 519 1267 569 Δαυείδ
1305 526 1331 548 “
1353 522 1417 569 Οἱ
1455 519 1640 583 οὐρανοὶ
1678 519 1890 581 διηγοῦν-

312 611 339 633 ‘'‘
365 627 441 654 ται
479 602 624 671 δόξαν
658 605 796 664 Θεοῦ,
825 602 1018 665 ποίησιν
1050 600 1098 651 δὲ
1136 605 1303 668 χειρῶν
1336 601 1476 651 αὐτοῦ
1515 599 1799 665 ἀναγγέλλει
1837 596 1891 647 τὸ

313 693 339 715 “
364 685 653 751 στερε’ωμα.”
706 683 823 748 αὐτὴ
848 683 942 750 γὰρ
968 684 996 748 ἡ
1023 684 1194 746 κτίσις,
1219 684 1272 734 δι’
1298 681 1363 733 ὧν
1389 683 1437 733 εὖ
1459 680 1744 746 πεποιημένη
1772 684 1890 731 θαυ-

310 767 515 833 μάζεται,
545 766 620 817 διὰ
652 766 830 817 τούτων
857 767 1010 817 αὐτῶν
1036 771 1118 817 τοῦ
1152 763 1458 830 πεποιηκότος
1483 762 1784 828 ἁνακηρύττει
1807 760 1893 826 τὴν

89 865 179 900 540
193 865 243 899 Α.
273 849 472 919 ιιδόξαν.
534 850 699 900 οὐκοῦν
725 850 772 900 ἐν
797 847 1078 915 πράγμασιν
1112 851 1158 899 αἱ
1198 849 1364 916 φωναὶ,
1393 844 1478 897 κᾶν
1513 850 1550 896 εἱ
1588 845 1652 909 μὴ
1690 845 1893 911 γίνοιντο

312 932 464 998 λόγοι.
522 931 732 983 τοιοῦτόν
769 954 814 982 τι
852 930 1051 982 κάνθάδε
1086 930 1310 995 συνήσεις
1344 929 1503 981 πάλιν.
1563 927 1674 979 λίθον
1711 927 1804 994 γὰρ
1843 927 1893 978 ἐκ

312 1020 457 1078 τοίχου
483 1016 620 1082 φησὶ,
651 1019 726 1065 κοιῖ
757 1012 959 1080 κοίνθοιρον
990 1015 1039 1065 ἐκ
1071 1013 1200 1083 ξύλου
1238 1011 1650 1082 καταφθέγξασθαι
1682 1016 1764 1061 τοῦ
1790 1013 1890 1060 Βα-

311 1097 563 1157 βυλωνίου·
609 1096 713 1147 τίνα
747 1096 793 1146 δὲ
825 1095 1018 1162 τρόπον,
1053 1097 1258 1161 ἐροῦμεν·
1308 1100 1407 1148 ταῖς
1437 1097 1519 1158 τῆς
1542 1093 1768 1146 Ἰουδαίας
1799 1090 1889 1143 πό-

312 1186 463 1242 λεσιν,
501 1178 530 1243 ὴ
567 1181 641 1230 καὶ
680 1183 779 1232 ταῖς
819 1178 991 1244 ἑτέραις
1030 1177 1273 1238 εἰσβαλὼν
1313 1179 1337 1228 ὁ
1378 1175 1694 1237 Βαβυλώνιος,
1733 1172 1895 1228 πάσας

314 1262 630 1328 κατενεῆτρησε
668 1262 751 1315 τὰς
781 1263 829 1312 ἐν
855 1263 1013 1314 αὐταῖς
1054 1261 1213 1314 οἰκίας.
1281 1258 1378 1311 εἶτα
1417 1258 1719 1323 συμβέβηκεν
1745 1259 1891 1322 ἀναγ-

316 1346 454 1398 καίως
497 1347 572 1395 καὶ
614 1343 765 1398 λίθους
813 1344 1164 1410 συνθραύεσθαι
1208 1345 1283 1394 καὶ
1328 1341 1659 1393 κατασείεσθαι
1702 1342 1894 1402 τοίχους,

315 1427 645 1478 συνεκπίπτειν
684 1426 731 1478 δὲ
770 1428 924 1480 αὐτοῖς
960 1430 1035 1477 καὶ
1074 1426 1204 1496 ξύλα,
1237 1427 1311 1476 καὶ
1351 1423 1528 1493 ὀροφὰς
1563 1425 1612 1473 ἐκ
1654 1425 1735 1486 τῆς
1772 1422 1895 1488 ἄγαν

316 1509 647 1574 παλαιότητος,
690 1508 929 1579 κανθοίρους
962 1507 1165 1574 μικροὺς,
1189 1509 1289 1573 ἤτοι
1323 1510 1473 1571 σῆτας
1504 1506 1719 1573 ἕχουσας.
1786 1504 1895 1556 ταύ-

272 1610 300 1652 b
318 1593 451 1660 τῃτοί
485 1597 607 1660 φησι
646 1594 943 1652 καταβοήσειν
969 1592 1110 1641 αὐτοῦ
1135 1593 1216 1654 τῆς
1241 1589 1479 1654 ὠμότητος
1505 1587 1564 1639 τὰ
1602 1610 1896 1651 κατεστραμ-

316 1675 447 1737 μένα·
489 1679 636 1725 ταῦτα
671 1674 730 1736 δὲ,
768 1675 829 1728 ὡς
867 1673 998 1742 ἔφην,
1034 1672 1091 1737 ἦν
1130 1674 1253 1724 λίθοι
1291 1695 1341 1723 τε
1379 1670 1695 1738 διερῥιμμένοι,
1735 1671 1810 1720 καὶ
1848 1670 1896 1719 ἐν

316 1757 449 1827 μέσῳ
487 1761 723 1808 πλατειῶν
763 1757 972 1819 κείμενοι,
1001 1758 1074 1806 καὶ
1115 1755 1239 1824 ξύλα
1276 1754 1463 1807 πάντως
1497 1753 1780 1820 ἡμίφλεκτα,
1820 1752 1897 1802 καὶ

317 1840 410 1890 ἀπό
448 1862 503 1904 γε
541 1845 623 1889 τοῦ
656 1841 902 1907 σεσῆφθαι
937 1837 1105 1889 λοιπὸν
1130 1842 1454 1903 μαρτυροῦντα
1492 1840 1591 1888 ταῖς
1629 1832 1804 1886 πόλεσι
1841 1832 1896 1884 τὸ

317 1924 524 1989 ἀρχαῖον.
589 1921 803 1987 ἔγκλημα
837 1920 893 1984 δὴ
918 1921 999 1971 οὖν
1024 1924 1090 1990 τῷ
1119 1920 1411 1988 Βαβυλωνίῳ
1437 1916 1520 1970 τὰς
1545 1915 1751 1970 παλαιὰς
1777 1916 1897 1966 οὕτω

318 2006 391 2055 καὶ
420 2003 730 2071 ἀρχαιοτάτας
756 2006 1084 2068 κατεμπρῆσαι
1117 2002 1292 2064 πόλεις,
1320 2004 1530 2052 καθελεῖν
1556 1998 1604 2050 δὲ
1632 2001 1707 2050 καὶ
1733 1999 1896 2061 οἴκους,

317 2087 615 2155 ἀνῃρημένων
642 2084 860 2150 δηλονότι
886 2090 979 2136 τῶν
1005 2086 1052 2135 ἐν
1078 2086 1245 2138 αὐτοῖς.

390 2170 571 2220 Ἰστέον
595 2168 656 2231 δὲ,
682 2169 751 2219 ὅτι
784 2169 885 2218 ἀντὶ
910 2173 1005 2230 τοῦ,
1036 2166 1242 2236 κάνθαρος
1270 2170 1424 2228 εἰπεῖν,
1456 2166 1600 2232 ἕτεροι
1632 2170 1725 2216 τῶν
1749 2165 1893 2231 ἑρμη-

279 2257 490 2305 ονευτῶν
528 2251 837 2303 ἐκδεδώκασιν
872 2249 1142 2314 ’Ένδεσμος
1188 2249 1352 2318 ξύλου.
1396 2248 1503 2300 ὅθεν
1546 2250 1676 2298 ἐστὶν
1713 2249 1896 2312 ἐννοεῖν,

318 2335 389 2386 ὅτι
430 2333 553 2403 τάχα
595 2357 686 2385 που
730 2332 814 2387 τὰς
857 2337 951 2385 τῶν
995 2336 1149 2384 οἰκιῶν
1201 2333 1367 2398 μίτρας
1406 2333 1481 2382 καὶ
1524 2329 1609 2395 τὴν
1646 2332 1694 2381 ἐν
1738 2331 1897 2384 αὐταῖς

368 2518 397 2541 ῑ.
423 2507 540 2551 φωνὴν
559 2507 605 2541 D.
655 2521 685 2540 τι
704 2512 925 2551 assumptum
943 2518 984 2540 ex
1004 2506 1051 2540 D.
1244 2516 1274 2539 2.
1302 2505 1481 2548 κεκραγόσι
1501 2503 1547 2537 D.
1724 2514 1757 2548 3.
1782 2503 1895 2547 μέντοι

318 2554 369 2587 καὶ
388 2566 450 2598 pro
464 2557 546 2598 γοῦν
568 2554 610 2588 D.
660 2551 750 2587 εἶπεν
767 2565 837 2587 om.
858 2553 903 2587 Ι).
1259 2565 1291 2594 4.
1316 2550 1445 2595 μέντοι]
1470 2554 1506 2590 -1-
1530 2550 1582 2583 καὶ
1600 2549 1692 2584 Edd.
1710 2550 1779 2584 inv.
1801 2550 1894 2585 BD.

316 2613 350 2645 9.
378 2602 429 2634 καὶ
448 2601 562 2634 ἐνθάδε
585 2601 629 2634 D.
679 2600 811 2643 νοήσεις
831 2600 876 2633 D.
1033 2610 1045 2632 Ι
1058 2610 1085 2632 Ι.
1112 2600 1170 2641 τῆς
1185 2598 1349 2633 Ἰουδαίας
1368 2598 1452 2632 D.b.
1472 2596 1563 2630 Edd.
1582 2600 1647 2631 τῶν
1662 2596 1832 2631 Ἰουδαίων
1852 2597 1894 2632 Β.

322 2658 373 2680 12.
400 2650 471 2683 ταῖς
488 2660 558 2681 om.
578 2648 623 2681 D.
674 2648 847 2686 εἰσβαλὼν
866 2646 907 2680 Β.
927 2645 1018 2680 Edd.
1039 2646 1197 2689 ἐμβαλὼν
1217 2645 1298 2679 l).b.
1527 2655 1579 2687 13.
1605 2644 1830 2687 κατενέπρησε
1851 2644 1893 2678 Β.

319 2693 410 2727 Edd.
430 2695 676 2738 κατενεμπίπρα
695 2695 804 2739 (legas
823 2695 1084 2737 κατενεπίμπρα)
1104 2693 1137 2726 b.
1157 2693 1367 2735 κατεπίμπρα
1387 2691 1431 2724 D.
1630 2702 1682 2732 14.
1706 2689 1813 2726 οἴκους
1831 2703 1894 2735 pro

319 2741 455 2784 τοίχους
472 2741 506 2774 b.
705 2752 757 2785 15.
784 2741 1020 2775 συνεκπίπτειν
1040 2740 1085 2773 D.
1098 2740 1131 2773 b.
1152 2740 1390 2781 συνεμπίπτειν
1411 2738 1450 2771 13.
1471 2737 1674 2781 συμπίπτειν
1693 2736 1784 2770 Edd.
1841 2738 1894 2770 καὶ

317 2786 404 2828 ξύλα
424 2787 514 2820 D.b.
536 2787 625 2821 Edd.
645 2787 761 2831 ξύλοις
782 2788 821 2821 Β.
873 2787 1004 2831 ὀροφὴν
1025 2786 1115 2820 Edd.
1134 2787 1250 2820 invitis
1269 2785 1443 2819 omnibus.
1590 2784 1641 2817 16.
1668 2784 1816 2828 ἔχουσαν
1834 2783 1892 2817 iid.

322 2834 374 2866 18.
401 2835 440 2866 τὰ
458 2834 492 2866 δέ
513 2846 573 2877 pro
591 2837 693 2868 ταῦτα
712 2835 747 2867 δὲ
765 2835 810 2870 ὡς
827 2834 914 2878 ἕφην
934 2834 979 2867 D.
1022 2832 1062 2876 ἧν
1083 2834 1126 2866 D.
1147 2832 1237 2866 Edd.
1256 2831 1342 2875 ἦσαν
1363 2831 1403 2865 B.
1517 2842 1570 2865 21.
1590 2831 1647 2865 τὰς
1666 2830 1712 2863 D.
1732 2831 1781 2863 καὶ
1803 2830 1893 2865 Edd-

318 2890 373 2912 22.
401 2879 533 2913 καθελεῖ
551 2881 609 2914 iid.
659 2881 728 2926 καὶ]
754 2886 789 2921 4-
812 2881 889 2916 τοὺς
909 2881 954 2914 D.
1146 2891 1200 2923 23.
1226 2880 1341 2913 αὐταῖς
1361 2878 1400 2912 ss.
1584 2888 1638 2919 24.
1665 2877 1828 2920 κάνθαρον
1848 2878 1893 2911 l).

319 2926 442 2959 Statim
465 2926 499 2959 ἐκ
518 2927 622 2968 ξύλου
640 2928 719 2961 add.
740 2927 831 2962 Edd.
851 2928 968 2962 invitis
989 2927 1082 2960 B.D.
1132 2927 1162 2959 οἶ
1180 2926 1286 2969 ἕτεροι
1306 2925 1352 2959 D.
1598 2933 1652 2969 25.
1679 2925 1824 2969 ἕνδεσμα
1846 2925 1893 2958 D.

317 2972 422 3017 ξύλου
443 2972 487 3006 D.
509 2973 597 3007 Edd.
617 2973 751 3016 ξύλινος
772 2975 811 3008 B.
1016 2974 1070 3007 26.
1098 2972 1224 3018 μήτρας
1243 2972 1288 3006 D.

1911 613 1933 651 5

1916 1031 1963 1055 10

1918 1855 1965 1880 20
