2049 3366
118 212 165 234 (ῚΙ
175 211 324 236 ΚΙθΤυΒ.

172 321 391 358 Consolatio
408 327 545 366 nostra,
561 321 727 370 quamvis
745 321 878 357 fratres

172 398 348 433 separans
374 388 446 422 188
468 387 536 422 cd.
593 386 777 427 Christus,
798 386 877 421 Au-

173 450 276 485 strali
313 457 427 486 vento
465 456 703 499 comparatur
740 452 813 487 189
844 463 877 485 a.

173 513 358 556 Christus,
378 514 499 551 factus
519 521 575 551 est
597 515 673 551 suis
693 521 734 551 ut
754 514 879 550 vinum

174 577 305 613 Libani
331 580 403 614 194
422 591 454 615 e.
503 579 689 621 Christus,
713 579 879 614 omnium

174 641 354 677 virtutum
370 648 582 679 nostrarum
604 648 733 679 auctor
754 642 881 678 unicus

178 707 252 742 196
273 718 305 742 a.
364 706 548 749 Christus,
581 707 710 755 Nepos
740 713 880 748 noster,

175 776 305 817 utpote
332 784 379 806 ex
409 784 536 807 sorore
558 772 716 819 Virgine
744 771 883 807 Sancta

175 840 284 870 natus
314 838 390 872 205
413 849 446 872 a.
505 837 690 877 Christus,
713 835 883 883 Sponsus

175 899 344 936 caelestis
375 902 450 937 205
473 912 505 936 e.
564 900 748 940 Christus,
768 898 884 934 fideli-

177 963 245 999 bus
275 965 436 1012 seipsum
467 965 531 1000 dat
550 964 727 1012 pabulum
749 966 826 1001 207
847 963 883 999 b.

179 1028 365 1070 Christus,
386 1029 558 1065 fidelibus
579 1028 730 1065 delicias
751 1028 885 1075 imper-

177 1092 224 1128 tit
262 1094 336 1128 211
370 1105 402 1129 e.
461 1093 647 1136 Christus,
682 1093 886 1129 “locustas

178 1157 331 1198 animi,''
354 1157 555 1194 daemones
575 1157 727 1206 expellit
749 1160 826 1194 223
848 1157 885 1193 b.

180 1220 368 1264 Christus,
409 1222 509 1258 solus
556 1223 619 1258 dat
664 1234 806 1270 pacem,
850 1226 887 1258 et

180 1286 338 1333 copiam,
355 1298 490 1334 nempe
510 1287 740 1335 spiritualem
762 1289 837 1323 223
855 1298 886 1322 e.

180 1351 346 1386 omnium
378 1351 645 1387 charismatum
672 1356 801 1387 auctor
827 1363 886 1386 so-

180 1415 238 1450 lus
268 1417 344 1451 224
367 1415 414 1460 d;
447 1417 523 1451 225
545 1428 576 1451 c.
635 1414 821 1456 Christus,
843 1415 888 1450 ab

181 1479 378 1515 haereticis
440 1479 661 1527 quibusdam
722 1480 889 1515 locustae

182 1549 419 1591 comparatur
440 1546 516 1580 226
537 1557 569 1580 a.
623 1543 809 1586 Christus,
831 1543 886 1578 in-

184 1613 358 1644 carnatus
374 1621 395 1645 a
406 1608 430 1644 J
433 1608 514 1644 oele
528 1608 753 1656 praedicitur
768 1610 844 1645 226
854 1608 889 1644 b.

184 1673 371 1716 Christus,
401 1685 603 1721 resurgens
637 1672 701 1709 dat
730 1672 891 1721 gratiam

185 1737 415 1774 merentibus
447 1739 524 1774 226
549 1738 586 1774 d.
644 1737 829 1778 Christus,
855 1742 892 1773 et

186 1802 343 1838 remittit
384 1808 550 1849 peccata,
589 1807 628 1838 et
670 1801 815 1852 peccati
852 1813 893 1836 os

187 1866 340 1902 obturat
379 1868 456 1903 227
486 1866 522 1903 d.
579 1865 764 1907 Christus,
795 1865 895 1913 quod

189 1930 332 1979 primus
360 1930 484 1966 Adam
515 1929 692 1977 corrupit,
724 1929 810 1977 Ipse
839 1940 896 1964 se-

189 1995 332 2031 cundus
365 1994 489 2030 Adam
521 1994 716 2030 renovavit
755 1995 831 2030 227
862 2005 895 2029 e.

189 2059 375 2101 Christus,
398 2071 470 2107 qua
489 2059 591 2095 Deus
611 2064 681 2100 est,
704 2058 789 2106 Ipse
816 2056 898 2104 Spi-

189 2124 285 2160 ritus
305 2129 374 2166 est,
391 2136 464 2171 qua
485 2123 613 2159 Homo
634 2127 702 2165 est,
719 2121 899 2170 Spiritum

191 2188 305 2224 habet
338 2188 468 2224 datum
507 2189 583 2224 228
615 2200 649 2223 a.
712 2186 898 2229 Christus,

191 2253 402 2301 baptizatus
469 2251 723 2288 Oeconomiae
789 2263 901 2287 causa

194 2319 270 2355 228
291 2318 328 2354 b.
372 2316 557 2363 Christus,
577 2315 762 2364 primitiae
782 2314 901 2351 nostri

193 2381 354 2430 generis⁹
389 2381 574 2417 secundus
608 2380 730 2416 Adam
761 2382 837 2416 228
867 2391 900 2415 c.

195 2446 383 2487 Christus,
408 2444 619 2492 expectatio
648 2444 818 2492 gentium
845 2447 903 2478 est

196 2513 274 2548 229
291 2523 325 2546 a.
364 2509 549 2551 Christus,
565 2508 769 2544 secundum
790 2519 904 2555 opera

191 2574 388 2624 judicabit,
408 2574 550 2609 incerto
574 2578 745 2620 tempore
772 2574 849 2608 230
871 2584 902 2607 e.

197 2639 383 2678 Christus,
404 2643 545 2674 temere
565 2637 757 2673 venientes
783 2635 902 2683 repel-

196 2704 297 2740 lebat
336 2705 410 2739 231
452 2713 498 2747 e;
541 2700 746 2749 Apostolos
791 2711 902 2735 cunc-

197 2773 321 2805 tantes
337 2766 551 2803 stimulabat
565 2768 640 2802 232
656 2777 689 2801 a.
720 2764 904 2805 Christus,

199 2832 424 2881 proeliantes
465 2830 632 2867 Judaeos
677 2841 768 2865 voce
814 2828 904 2864 hor-

200 2902 301 2932 tatur
335 2898 408 2932 241
448 2907 495 2941 aj,
532 2894 584 2930 ita
616 2899 654 2930 et
686 2893 724 2929 in
757 2893 905 2929 Judicio

202 2961 278 2995 suis
338 2959 510 2996 clamabit
570 2960 644 2995 241
704 2958 753 3003 b3
816 2970 906 2995 voce

657 199 866 235 INDEX
933 200 1172 235 RERUM.
1628 198 1697 231 {551

1001 322 1161 358 excicbit
1201 319 1405 368 sepulchris
1447 322 1629 357 mortuos,
1669 322 1709 350 ut

1001 387 1089 422 oliui
1121 386 1305 422 Lazarum
1337 386 1409 420 241
1442 395 1472 418 c.
1518 381 1706 422 Christus,

1002 451 1123 486 omnis
1140 451 1282 499 gratiae
1296 449 1395 484 Fons
1416 447 1567 483 ultimus
1584 447 1660 482 244
1677 457 1709 480 a.

1003 515 1189 556 Christus,
1229 513 1379 550 Fluvius
1418 512 1519 560 pacis
1559 512 1634 546 244
1670 509 1709 546 b.

1003 579 1187 624 Christus,
1201 578 1414 614 venditores
1436 577 1472 612 in
1493 574 1633 622 templo
1654 585 1710 608 re-

1418 640 1605 679 Christus,
1634 649 1709 673 scr-

1003 714 1146 755 pcutes,
1186 713 1224 743 et
1261 718 1371 743 omne
1414 705 1562 748 malum,
1604 701 1712 737 nobis

1004 772 1127 807 subdit
1168 774 1240 808 271
1279 784 1312 807 a.

1004 837 1101 872 vitac
1136 839 1209 872 271
1243 836 1280 871 d.

1005 901 1127 948 phetis
1175 907 1212 936 et
1257 899 1445 947 Apostolis
1494 897 1582 937 suis,
1630 895 1714 942 Ipse

1006 966 1111 1001 adest
1153 966 1229 1001 276
1268 976 1301 1000 e.

1009 1030 1152 1071 Pastor,
1182 1041 1270 1064 oves
1302 1040 1387 1063 suas
1417 1040 1436 1063 e
1467 1026 1606 1062 Leonis
1636 1024 1715 1060 fau-

1003 644 1200 692 prehendit
1231 645 1306 678 268
1328 655 1359 678 e.

1381 769 1567 809 Christus,
1607 766 1713 815 panis

1339 834 1524 875 Christus,
1556 832 1592 867 in
1625 832 1713 866 l'ro-

1371 962 1555 1003 Christus,
1594 961 1715 995 bonus

1007 1094 1111 1130 cibus
1138 1093 1300 1141 cripiens
1329 1092 1552 1128 describitur
1582 1092 1658 1126 285
1680 1089 1716 1124 b.

1009 1158 1197 1200 Christus,
1247 1156 1446 1204 aliquando
1492 1167 1560 1202 pro
1608 1154 1717 1201 Rege

1009 1222 1140 1271 quovis
1190 1227 1304 1258 uncto
1357 1220 1509 1268 ponitur
1557 1220 1634 1255 296
1683 1230 1718 1253 a.

1009 1287 1197 1330 Christus,
1218 1285 1383 1327 Judaeis,
1404 1296 1469 1332 per
1489 1283 1615 1324 fidem,
1633 1294 1718 1330 gra-

1008 1352 1100 1388 tiam
1138 1351 1292 1386 daturus
1331 1349 1536 1385 affirmatur
1575 1349 1651 1384 297
1686 1358 1717 1381 e.

1011 1417 1197 1456 Christus,
1220 1415 1256 1450 in
1286 1414 1394 1449 nobis
1423 1418 1479 1449 est
1508 1424 1574 1460 per
1604 1410 1719 1458 Spiri-

1010 1487 1090 1517 tum
1113 1482 1188 1517 307
1206 1491 1238 1515 e.
1287 1478 1474 1518 Christus,
1491 1476 1537 1512 ab
1557 1475 1719 1512 haereti-

1012 1545 1065 1582 cis
1080 1543 1360 1592 blasphematus
1376 1544 1451 1579 307
1466 1541 1501 1577 (1.
1533 1540 1719 1580 Christus,

1013 1609 1200 1647 adamanti
1214 1611 1452 1655 comparatus
1466 1610 1596 1654 utpote
1610 1603 1722 1651 Lapis

1016 1673 1220 1710 Electionis
1264 1670 1466 1719 Angularis
1516 1671 1591 1706 326
1636 1681 1657 1704 a
1682 1667 1721 1703 b.

1017 1738 1204 1779 Christus,
1240 1748 1262 1771 a
1289 1735 1443 1771 Judaeis
1476 1732 1723 1770 calumniatus

1018 1804 1094 1839 327
1144 1814 1176 1837 e.
1258 1799 1444 1840 Christus,

1018 1873 1105 1903 ante
1148 1864 1274 1901 omnia
1315 1862 1535 1900 aestimabat
1574 1862 1647 1898 331
1690 1859 1724 1895 d.

1019 1931 1206 1971 Christus,
1227 1929 1266 1964 in
1289 1927 1519 1964 torrentibus
1543 1925 1726 1961 malorum

1021 1995 1118 2032 salus
1163 1993 1273 2030 unica
1314 1995 1389 2029 335
1429 2003 1461 2027 c,
1539 1990 1725 2030 Christus,

1021 2057 1256 2099 Emmanuel,
1276 2057 1391 2093 homo
1410 2055 1448 2091 in
1468 2055 1577 2091 terris
1600 2056 1674 2091 337
1692 2066 1726 2090 a.

1022 2123 1210 2164 Christus,
1243 2122 1288 2157 ab
1321 2119 1475 2156 avaritia
1508 2118 1728 2155 dehortatur

1024 2191 1099 2226 337
1116 2188 1152 2224 b.
1201 2186 1387 2227 Christus,
1409 2183 1632 2224 Crucifixus,
1651 2194 1728 2217 non

1024 2252 1262 2289 obliviscetur
1299 2249 1422 2286 caedis
1460 2260 1548 2284 suae
1587 2249 1662 2284 337
1694 2258 1727 2283 e.

1023 2317 1196 2353 mulieres
1238 2315 1411 2350 hortatur
1451 2312 1729 2361 lachrymantes

1026 2383 1101 2419 337
1122 2393 1156 2417 e.
1213 2379 1398 2420 Christus,
1421 2377 1577 2413 defletus
1597 2388 1619 2411 a
1637 2375 1729 2411 fide-

1023 2445 1133 2486 libus,
1177 2449 1215 2480 et
1259 2456 1280 2479 a
1324 2442 1506 2478 Creatura
1548 2446 1728 2488 tanquam

1025 2509 1181 2546 dilectus
1217 2509 1292 2544 338
1321 2519 1355 2543 a.
1429 2504 1615 2546 Christus,
1646 2504 1730 2540 fons

1024 2573 1136 2614 vitae,
1182 2572 1351 2608 desertus
1397 2575 1524 2606 tamen
1572 2571 1646 2606 341
1696 2581 1728 2604 a.

1026 2636 1212 2677 Christus,
1243 2635 1328 2671 finis
1358 2633 1485 2682 Legis,
1515 2633 1732 2682 repudiatus

1025 2706 1152 2738 tamen
1184 2702 1260 2737 342
1292 2699 1327 2735 b.
1385 2698 1569 2740 Christus,
1602 2710 1731 2733 ascen-

1028 2765 1119 2801 dens
1139 2764 1176 2799 in
1196 2763 1353 2804 caelum,
1368 2775 1434 2810 per
1445 2762 1626 2798 visionem
1643 2762 1732 2798 Sca-

1027 2829 1098 2870 lae,
1128 2827 1224 2876 patri
1252 2827 1386 2870 Jacob,
1414 2832 1733 2874 praemonstratus

1032 2895 1107 2930 345
1137 2904 1170 2928 c.
1229 2891 1414 2934 Christus,
1441 2891 1542 2926 Deus
1571 2903 1618 2927 ex
1648 2891 1732 2926 Deo

1034 2958 1109 2994 346
1131 2969 1162 2992 a.
1204 2955 1389 2997 Christus,
1412 2955 1658 2993 essentialiter
1678 2968 1733 2991 as-

1154 3030 1276 3070 402

1503 1797 1723 1833 charitatem
