2070 3387
75 589 96 626 5

53 1006 99 1030 10

119 138 275 190 γης-48.
493 137 564 176 IN
613 135 1031 190 'AACHARL—ml.
1092 133 1242 172 '1¹0M.
1282 132 1336 171 11.
1609 132 1684 168 :351

117 249 299 297 διοικεῖν
337 246 703 312 ἐπιτεταγμένων
756 243 1186 311 ἁπονοσφίσασθαί
1227 264 1271 292 τι
1312 245 1404 290 τῶν
1449 243 1509 292 εἷς
1550 238 1694 306 δόξαν

117 332 242 379 Θεοῦ
281 328 773 394 προσκεκομισμένων·
818 326 1033 393 ταύτῃτοι
1069 327 1141 375 καὶ
1177 322 1295 374 κατὰ
1329 325 1544 373 κλεπτῶν
1584 321 1695 370 ἱέναι

117 410 201 474 τὴν
227 410 341 479 ἀράν
369 411 416 460 εὖ
441 409 573 473 μάλα
600 412 763 477 φησὶν,
791 410 865 459 ἵνα
898 411 971 459 καὶ
1006 409 1134 457 αὐτοὶ
1168 406 1446 470 λημματίων
1482 407 1695 470 αἰσχρῶν

116 491 360 557 γεγονότες
392 493 616 554 ἀμείνους,
654 492 718 555 μὴ
757 496 850 542 τῶν
890 495 1021 555 ἱερῶν
1060 488 1296 540 ἅπτωνται
1334 485 1600 554 χρημάτων,
1634 489 1695 537 εἰς

117 574 232 626 ἰδίας
257 573 375 624 αὐτὰ
401 577 694 627 δαπανῶντες
721 574 889 640 χρείας.
955 574 1069 635 αὕτη
1104 570 1188 635 μὲν
1215 571 1294 621 οὖν
1322 571 1348 632 ἡ
1375 573 1456 633 τῆς
1487 567 1695 633 ὁράσεως
1715 577 1741 617 d

115 656 372 725 πρόφασις.
437 659 603 723 χρῆναι
641 655 695 706 δέ
731 662 851 723 φημι
890 655 1081 704 δεδιέναι
1119 653 1204 716 τὴν
1239 652 1344 721 capam
1382 653 1455 701 καὶ
1494 649 1579 713 τὴν
1613 654 1696 699 τοῦ

118 736 341 807 ὃρεπάνου
384 738 529 802 τομὴν
572 738 679 792 τούς
727 761 775 788 τε
827 738 1040 788 κλέπτειν
1078 735 1107 800 ἦ
1146 738 1422 804 ψευδορκεῖν
1466 731 1697 792 εἰωθότας,

116 823 386 874 ἐννοοῦντας
419 820 488 871 ὅτι
520 819 672 884 πάντη
699 843 745 870 τε
780 822 854 870 καὶ
880 819 1067 872 πάντως
1095 823 1156 872 εὶς
1180 818 1321 882 πέρας
1349 817 1466 866 οἴσει
1493 814 1614 868 Θεὸς
1639 813 1698 864 τὰ

117 904 414 969 διωρισμένα,
438 904 511 953 καὶ
537 904 640 953 οὔτε
670 907 884 953 κλεπτῶν
911 903 1011 952 οὕτε
1039 900 1130 964 μὴν
1157 905 1250 950 τῶν
1276 900 1442 964 ἑτέρων
1469 898 1694 964 φείσεται.

117 989 311 1035 ποιεῖται
338 985 429 1051 γάρ
455 1008 554 1038 πως
579 987 647 1035 ἀεὶ
674 983 1121 1049 κατεστυγημένους,
1151 981 1257 1035 τοὺς
1289 983 1372 1044 τῆς
1405 981 1529 1032 θείας
1555 979 1697 1028 αὐτοῦ

118 1071 526 1135 καταφρονοῦντας
562 1066 715 1136 δόξης,
744 1070 815 1117 καὶ
847 1066 952 1119 τοὺς
984 1065 1218 1134 ἀπλήστῳ
1253 1063 1417 1130 γνώμῃ
1444 1065 1538 1111 τῶν
1565 1059 1698 1111 οὐδὲν

118 1149 271 1203 αὐτοῖς
297 1149 634 1215 προσηκόντων
661 1149 935 1218 ἐφιεμένους.

124 1375 198 1416 Καὶ
246 1376 426 1419 ἐξῆλθεν
475 1376 497 1417 ὁ
546 1377 723 1423 ὀίΓΓελοε
770 1377 792 1416 ὁ
836 1375 980 1415 λαλῶν
1031 1374 1075 1414 ἐν
1117 1372 1210 1420 ἐμοὶ
1260 1371 1323 1412 καί
1368 1366 1459 1410 εἶπε
1499 1368 1605 1425 Πρόε
1643 1370 1738 1419 μέ5

181 1459 448 1509 Ἀνάβλεψον
494 1457 582 1500 τοῖς
630 1458 871 1514 ὀφθαλμοῖο
920 1474 993 1499 οου
1044 1456 1111 1497 καί
1157 1454 1219 1496 {Ee
1264 1455 1310 1496 τὸ
1354 1455 1696 1509 ἐκπορευόμενον

188 1545 322 1583 τοῦτο.
384 1542 451 1582 καί
489 1538 587 1584 εἶπα
623 1542 673 1583 Τί
710 1543 824 1594 ἑοτι;
865 1542 931 1582 καί
971 1537 1063 1581 εἶπε
1100 1540 1240 1580 Τοῦτο
1277 1538 1324 1580 τὸ
1363 1539 1517 1593 μέτρον
1550 1537 1597 1578 τὸ
1631 1536 1741 1579 έκ-6

188 1626 491 1682 Πορευόμενον.
552 1626 619 1666 καί
662 1622 779 1667 εἶπεν
819 1627 928 1666 ΑὕτΗ
971 1626 993 1666 ἡ
1040 1624 1181 1665 ἀδικία
1219 1623 1360 1664 αὐτῶν
1404 1622 1448 1663 ἐν
1487 1622 1603 1677 Παοῌ
1645 1623 1696 1677 τῷ

188 1715 252 1768 Γᾷ.
313 1711 380 1752 καί
419 1709 508 1752 ἰδοὺ
546 1712 756 1753 τάλαντον
801 1711 974 1760 μολίβου
1024 1710 1315 1765 ἑξαιρόμενοψ
1356 1707 1424 1746 καὶ
1464 1703 1554 1746 ἰδοὺ
1596 1703 1738 1753 ΓυνΑῚ

190 1795 262 1843 μία
306 1796 492 1837 {mmmm
534 1796 578 1836 ἐν
622 1797 738 1849 μέσῳ
769 1799 842 1837 τοῦ
881 1796 1052 1851 μέτρου.
1113 1793 1181 1833 καὶ
1219 1788 1335 1833 εἶπεν
1373 1791 1483 1830 ΑὕτΗ
1521 1789 1634 1830 ἐστίν
1673 1789 1696 1828 ἡ
1720 1799 1741 1833 S

190 1879 357 1927 ἀνομία·
398 1880 465 1920 καί
501 1879 677 1936 ἔρριψεν
716 1878 847 1920 αὐτὴν
892 1879 935 1919 ἐ-ῑν
973 1879 1091 1931 μέσῳ
1127 1879 1200 1918 τοῦ
1239 1876 1406 1931 μέτρου,
1443 1873 1511 1913 καί
1549 1872 1699 1929 ἔρριψε

191 1962 263 2003 τὸν
290 1962 406 2003 λίθον
433 1966 505 2004 τοῦ
533 1962 707 2012 μολίβου
735 1960 794 2002 εἰς
820 1962 868 2003 τὸ
896 1963 1028 2009 στόμα
1057 1961 1200 2001 αὐτῆς.

199 2103 399 2159 Φθάσας
438 2106 555 2174 ε”φην
599 2109 681 2169 τῆς
722 2110 781 2159 εἰς
826 2104 907 2156 τὸν
951 2103 1212 2172 Προφήτην
1251 2100 1512 2170 σαφηνείας
1551 2097 1694 2165 ἀρχό·
1720 2122 1741 2145 a
1764 2112 1853 2192 {397
1871 2111 1921 2144 A.

1763 2171 1869 2201 supra

1762 2205 1824 2245 653
1842 2215 1870 2234 a.

1680 2183 1698 2191 Α

125 2188 273 2250 με’νος,
312 2187 382 2238 ὅτι
425 2188 540 2250 μετὰ
577 2187 661 2252 τὴν
703 2190 751 2238 ἐκ
788 2192 1075 2249 Βαβυλῶνος
1119 2185 1357 2245 ἐπάνοδον,
1391 2182 1509 2248 ἅπερ
1548 2182 1596 2231 ἐν
1634 2203 1701 2248 τῳ

127 2273 270 2339 καιρῷ
303 2273 385 2333 τῆς
420 2270 750 2337 αἰχμαλωσίας
787 2269 1009 2331 τεθέαται,
1036 2274 1182 2319 ταῦτα
1215 2271 1310 2320 τοῖς
1336 2261 1703 2328 λελυτρωμένοις

129 2354 376 2420 ἀφηγεῖται
438 2353 696 2418 χρησίμως.
787 2351 941 2415 ἐπειδὴ
990 2350 1082 2417 γὰρ
1138 2351 1213 2400 καὶ
1262 2347 1428 2401 αὐτοὺς
1477 2344 1705 2396 ἐθεάσατο

62 2454 110 2490 25
131 2435 598 2501 καταῤῥαθυμοῦντας
643 2433 765 2498 ἄγαν
808 2438 890 2483 τοῦ
929 2435 1094 2500 χρῆναι
1130 2436 1344 2497 πληροῦν
1385 2427 1443 2480 τὰ
1483 2447 1700 2489 νενομισ-

180 2623 210 2646 1.
236 2610 544 2656 ἅπονοσφίσασθαί
561 2610 601 2644 C.
620 2608 915 2655 ἁπονοσφίζεσθαί
934 2607 1024 2642 Edd.
1073 2623 1104 2642 τι
1124 2607 1252 2641 C.D.b.
1270 2620 1342 2640 τινα
1361 2603 1453 2639 Edd.
1611 2613 1643 2646 3.
1670 2601 1707 2636 εὖ

131 2658 227 2693 deest
244 2659 280 2692 in
300 2658 390 2692 Edd.
439 2657 634 2701 λημματίων
652 2656 692 2691 C.
709 2657 890 2701 λημμάτων
907 2654 1001 2689 Edd.
1133 2667 1165 2696 4.
1190 2653 1358 2688 ἅπτωνται
1378 2651 1418 2685 C.
1436 2650 1593 2684 ἅπτοιντο
1614 2648 1705 2682 Edd.

133 2709 165 2739 6.
192 2707 311 2750 χρῆναι
329 2704 367 2738 δέ
383 2706 471 2750 φημι
491 2704 531 2738 C.
548 2704 614 2750 χρὴ
634 2704 669 2738 δέ
688 2703 780 2738 Edd.
1171 2702 1203 2734 8.
1230 2700 1422 2734 ἐννοοῦντας
1439 2696 1585 2731 accessit
1602 2707 1643 2729 ex
1663 2695 1705 2729 C.

133 2765 166 2797 9.
191 2753 329 2797 ἑταίρων
348 2751 389 2786 C.
592 2762 645 2785 10.
670 2748 978 2795 κατεστυγημένους
996 2747 1036 2782 C.
1055 2762 1258 2792 κατεστυγμ.
1276 2744 1369 2780 Edd.
1559 2754 1613 2784 14.
1640 2757 1706 2776 σου

133 2811 203 2833 om.
224 2799 265 2833 B.
314 2797 381 2843 ἴδε]
405 2802 442 2839 -1-
463 2799 495 2832 τί
514 2798 550 2831 F.
570 2797 646 2841 (22.
665 2797 729 2842 al.)
928 2806 980 2840 17.
1004 2795 1150 2837 μολίβου
1169 2793 1251 2827 C.F.
1270 2791 1410 2837 (Alex.)
1427 2789 1595 2835 μολίβδου
1613 2788 1706 2822 Edd.

139 2857 189 2890 19.
216 2845 251 2879 ἐν
267 2845 361 2891 μέσῳ
381 2845 468 2879 B.C.
487 2846 523 2887 (N
540 2846 638 2878 Alex.
658 2844 760 2888 XII.)
779 2844 825 2879 εἷς
841 2843 947 2887 μέσον
966 2841 1056 2875 Edd.
1076 2840 1197 2885 (Vat.)
1545 2847 1600 2870 20.
1626 2834 1704 2881 τοῦ]

135 2894 192 2926 τὸν
211 2892 249 2926 C.
269 2893 358 2937 (23.)
406 2892 573 2935 μολίβδου
592 2890 684 2925 Edd.
921 2900 975 2922 22.
1001 2890 1046 2933 τῷ
1065 2900 1135 2922 om.
1156 2887 1196 2921 C.
1416 2895 1469 2928 ²3·
1495 2883 1647 2918 τεθέαται
1665 2882 1707 2918 C.

135 2938 296 2973 τέθεινται
314 2937 405 2973 Edd.
605 2949 659 2980 24.
685 2938 736 2971 καὶ
755 2942 975 2981 assumptum
993 2947 1034 2969 ex
1054 2934 1094 2969 C.
1145 2933 1308 2968 ἐθεάσατο
1327 2931 1368 2966 C.
1389 2931 1504 2966 ἐθεᾶτο
1524 2929 1614 2964 Edd.
