2053 3382
94 1661 170 1691 Joel
188 1662 207 1693 i.

99 1714 213 1746 13—15.

323 152 407 192 372
716 154 765 195 B.
810 153 1091 194 CYRILLI
1133 153 1518 194 ALEXANDR.
1721 152 1791 193 vii.
1816 164 1908 206 1—3.

324 266 350 289 (ί
409 259 421 274 x
504 263 514 277 2
749 261 761 278 Χ
861 263 874 279 X
923 263 934 277 9
979 260 991 275 ἵ
1026 263 1036 278 9
1092 261 1130 278 --Ν
1229 264 1243 280 X
1300 264 1310 278 Σ
1357 262 1369 276 N
1464 266 1473 279 y
1525 262 1536 276 ἱ
1668 263 1679 276 K

377 283 459 312 τον
491 284 542 312 εκ
572 265 767 312 Χουνθα
802 284 876 312 και
907 285 1001 313 απο
1045 269 1137 312 Αια
1171 285 1245 312 και
1285 285 1378 313 απο
1415 266 1575 324 Αιμαθ
1609 284 1683 311 και
1716 264 1911 327 Σεπφα-

322 348 348 370 “
374 343 558 407 ρουαῒμ,
587 344 661 393 καὶ
695 343 1064 412 κατῳκίσθησαν
1095 345 1142 394 ἐν
1176 347 1277 398 ταῖς
1309 342 1483 394 πόλεσι
1512 343 1776 408 Σαμαρείας
1810 343 1912 391 ἀντὶ

321 431 348 452 “
377 428 470 474 τῶν
503 428 611 474 υἱῶν
637 424 853 490 Ἰσραὴλ,
881 427 955 475 καὶ
991 425 1382 491 ἐκληρονόμησαν
1417 425 1502 489 τὴν
1538 424 1804 489 Σαμάρειαν
1839 425 1914 472 καὶ

282 519 303 545 0
323 511 349 534 “
375 504 658 573 κατῴκησαν
677 507 725 556 ἐν
746 511 847 560 ταῖς
871 506 1075 558 πολέσιν
1101 508 1285 571 αὑτῆς.”
1327 507 1454 558 οῦτοι
1480 506 1536 571 δὴ
1562 507 1643 557 οὖν
1669 509 1708 556 οἱ
1736 507 1915 569 κλῆρον

319 584 504 640 ἑλόντες
539 586 625 651 τὴν
653 591 969 654 Σαμαρειτῶν,
999 587 1318 658 κατῳκηκότες
1350 591 1442 655 γῆν
1478 591 1552 640 καὶ
1586 588 1759 640 τέκνων
1790 586 1914 654 τάχα

317 690 410 719 που
459 667 689 734 γεγόνασι
740 670 937 737 πατέρες
989 673 1062 722 καὶ
1108 676 1204 724 τοῖς
1249 671 1491 722 Ἰουδαίων
1541 670 1669 722 ε”θεσι
1710 691 1915 736 προσνε-

318 749 529 812 νεύκασι,
573 749 656 805 τὰς
708 755 802 803 τῶν
849 751 1055 804 λεόντων
1105 751 1304 820 ἐφόδους
1353 751 1813 819 κατορῥωδήσαντες·
1863 750 1920 819 ἐξ

317 833 471 881 αὐτῶν
521 832 751 898 γεγόνασι
805 834 1021 903 {apoto-dp
1061 856 1111 884 τε
1160 835 1235 884 καὶ
1281 834 1525 903 Ἀρβεο-εέρ,
1571 833 1621 887 ὃς
1667 836 1739 884 καὶ
1793 832 1912 883 ὠνό-

317 935 498 976 μασται
532 913 772 977 βασιλεὺς,
800 915 946 966 διάτοι
981 915 1036 967 τὸ
1076 920 1389 981 καθηγεῖσθαι
1419 916 1473 967 τὸ
1504 914 1718 980 τηνικάδε
1750 919 1843 965 τῶν
1868 917 1916 965 ἐν

319 996 560 1065 Σαμαρείᾳ
583 997 972 1066 μετῳκισθέντων
998 999 1048 1048 ἐκ
1075 1000 1157 1061 τῆς
1186 1001 1410 1064 Περσῶν.

394 1079 488 1128 Καὶ
523 1083 670 1129 ταῦτα
708 1078 793 1141 μὲν
830 1081 934 1144 περὶ
971 1083 1065 1130 τῶν
1099 1081 1298 1145 ἀνδρῶν·
1340 1081 1444 1145 περὶ
1473 1079 1528 1130 δέ
1553 1102 1607 1144 γε
1634 1085 1717 1130 τοῦ
1742 1079 1916 1145 ἁγιάσ-

317 1181 486 1225 ματος,
533 1160 647 1229 φέρε
692 1160 750 1224 δὴ
795 1160 944 1212 πάλιν
990 1161 1048 1212 τὰ
1094 1160 1249 1212 εἰκότα
1294 1162 1523 1227 λέγωμεν.
1594 1162 1762 1212 οὐκοῦν
1805 1163 1917 1226 πρὶν

273 1246 299 1287 d
319 1242 499 1292 ἁλῶναι
524 1241 610 1307 τὴν
636 1243 866 1293 Ἰουδαίαν
891 1242 1021 1309 παρὰ
1051 1249 1135 1294 τοῦ
1162 1242 1613 1311 Ναβουχοδονόσορ,
1640 1245 1665 1294 ὁ
1691 1242 1916 1309 μακάριος

317 1323 566 1392 προφήτης
601 1324 744 1389 Ἰωὴλ
777 1325 1179 1392 προανακεκράγει
1217 1325 1272 1376 τὸ
1312 1324 1704 1390 συμβησόμενον,
1741 1326 1816 1375 καὶ
1857 1323 1915 1388 δὴ

318 1408 393 1455 καὶ
432 1410 617 1457 πενθεῖν
652 1412 747 1460 τοῖς
784 1411 955 1472 ἱερεῦσι
993 1407 1343 1473 παρεκελεύετο,
1372 1410 1447 1458 καὶ
1479 1408 1677 1472 προσέτι
1713 1409 1788 1458 καὶ
1819 1411 1915 1461 τοῖς

320 1487 410 1538 ὑπὸ
437 1492 569 1555 χεῖρα
597 1493 744 1551 λαοῖς,
773 1491 834 1542 ὡς
869 1489 987 1540 ὅσον
1023 1490 1205 1540 οὐδέπω
1244 1492 1326 1553 τῆς
1365 1488 1450 1551 μὲν
1475 1488 1792 1555 Ἰερουσαλὴμ
1825 1487 1915 1540 ὑπὸ

319 1567 468 1624 πόδας
502 1571 728 1635 ἐσομένης
762 1573 958 1638 ἐχθρῶν,
986 1571 1536 1636 κατεμπρησθησομένου
1576 1571 1624 1621 δέ
1662 1573 1737 1621 καὶ
1773 1571 1915 1621 αὐτοῦ

381 1657 400 1666 ⁶
427 1656 458 1703 θ
491 1653 501 1668 '
672 1659 691 1668 ⁶
785 1654 805 1670 '²
936 1652 946 1669 ⁸
1016 1655 1038 1671 ‘⁷
1156 1660 1183 1682 cc
1372 1653 1384 1669 ‘
1635 1655 1648 1671 Ν
1723 1651 1733 1666 ’

320 1674 402 1702 του
459 1675 551 1702 ειου
579 1676 708 1704 ναου.
776 1660 866 1720 εφη
899 1657 947 1704 δε
983 1676 1128 1706 ουτως
1205 1653 1547 1720 Περιζωσασθε
1575 1676 1649 1703 και
1681 1657 1915 1703 κοπτεσθε

320 1741 345 1763 “
373 1737 414 1784 οὶ
465 1737 609 1799 ἱερεῖς,
656 1738 864 1800 θρηνεῖτε
911 1738 951 1785 οἱ
998 1740 1380 1800 λειτουργοῦντες
1422 1735 1766 1803 θυσιαστηρίῳ·
1809 1737 1910 1784 εἱσ-

321 1823 347 1846 “
371 1816 537 1866 ε’λθατε
575 1816 825 1867 ὑπνώσατε
861 1818 908 1867 ἐν
947 1817 1143 1870 σάκκοις
1184 1823 1561 1882 λειτουργοῦντες
1593 1821 1659 1884 τῷ
1696 1818 1818 1884 Θεῷ,
1845 1817 1915 1866 ὅτι

320 1905 347 1927 “
372 1897 641 1965 ἁπέσχηκεν
676 1898 734 1967 ἐξ
761 1898 887 1949 οἴκου
918 1902 1043 1949 Θεοῦ
1083 1898 1214 1961 ἡμῶν
1240 1899 1383 1949 θυσία
1415 1900 1491 1949 καὶ
1518 1898 1718 1961 σπονδή.
1774 1896 1911 1963 ἁγιά-

320 1987 346 2009 “
372 2002 489 2030 σατε
530 1980 765 2043 νηστείαν,
794 1980 1027 2049 κηρύξατε
1067 1982 1331 2045 θεραπείαν,
1358 1979 1655 2045 συναγάγετε
1693 1984 1910 2044 πρεσβυ-

321 2069 347 2090 “
373 2061 546 2127 τέρους,
573 2060 752 2115 πάντας
788 2067 1117 2116 κατοικοῦντας
1153 2065 1244 2127 γῆν
1270 2066 1332 2116 εἰς
1361 2060 1487 2114 οἶκον
1515 2066 1641 2113 Θεοῦ
1668 2062 1814 2125 ἡμῶν,
1842 2063 1916 2111 καὶ

321 2152 348 2172 “
375 2143 566 2212 κράξετε
598 2142 717 2210 πρὸς
752 2143 928 2210 Κύριον
959 2146 1151 2198 ἐκτενῶς
1189 2142 1370 2207 Οῖμμοι
1407 2143 1565 2207 οἶμμοι
1601 2148 1662 2197 εὶς
1694 2142 1914 2209 ἡμε’ραν.”

321 2227 397 2276 καὶ
434 2227 567 2276 ταυτὶ
601 2224 687 2289 μὲν
725 2227 750 2276 ὁ
787 2225 1052 2293 προφήτης·
1096 2226 1200 2276 τίνα
1235 2226 1283 2277 δὲ
1318 2225 1374 2290 δὴ
1401 2224 1577 2292 τρόπον
1609 2225 1916 2291 διεπεραίνετο

373 2370 403 2393 1.
428 2358 557 2403 χουνθᾶ
572 2358 665 2393 C.D.
679 2359 744 2402 (ΙΙ.
758 2359 822 2393 XI.
829 2359 987 2404 )χοβηθὰ
1005 2359 1044 2394 B.
1058 2359 1168 2405 χουθὰ
1188 2359 1280 2394 Edd.
1331 2360 1383 2394 καὶ
1401 2359 1556 2404 primum
1574 2361 1798 2403 assumptum
1812 2369 1854 2392 ex
1873 2356 1915 2391 C.

323 2406 335 2449 (
342 2406 438 2440 Alex.
444 2406 455 2448 )
504 2405 570 2440 ἀπὸ
587 2405 662 2440 Ἀἵὰ
679 2417 750 2440 om.
767 2406 807 2440 B.
815 2406 860 2439 D.
880 2406 984 2440 habet
1004 2406 1044 2440 C.
1158 2417 1191 2450 3.
1220 2406 1317 2440 Haec
1335 2410 1388 2440 καὶ
1407 2405 1526 2451 κατῴκ.
1529 2406 1678 2449 -ιιιῖτῆς
1694 2409 1917 2439 accesserunt

322 2464 364 2486 ex
384 2452 424 2486 C.
431 2452 475 2486 l).
717 2462 751 2497 5.
777 2451 853 2497 τὴν]
874 2454 932 2486 τὸν
949 2452 1097 2486 correxit
1117 2452 1252 2498 Migne.
1302 2455 1529 2498 κατῳκηκότες
1546 2451 1625 2497 γῆν]
1646 2452 1699 2485 καὶ
1717 2465 1837 2496 κατῳκ.
1855 2450 1916 2494 τὴν

322 2501 385 2543 γῆν
412 2498 503 2533 Edd.
529 2499 647 2533 invitis
675 2498 716 2533 C.
745 2499 821 2533 Cat.
847 2500 882 2533 in
908 2512 929 2541 4
955 2499 1040 2533 libb.
1068 2499 1154 2544 Reg.
1234 2514 1299 2534 που
1325 2500 1412 2545 τάχιι
1438 2500 1576 2533 inverso
1601 2498 1723 2532 ordine
1750 2497 1827 2531 Cat.
1855 2498 1914 2531 cit.

323 2546 355 2579 6.
382 2545 495 2579 ἔθνεσι
514 2545 606 2579 Edd.
626 2546 745 2579 invitis
766 2546 807 2579 B.
813 2545 854 2581 C.
875 2545 953 2580 Cat.
972 2546 1029 2580 cit.
1400 2555 1432 2591 7.
1457 2547 1494 2589 ἐξ
1514 2546 1554 2579 C.
1575 2544 1652 2579 Cat.
1672 2545 1729 2578 cit.
1749 2545 1803 2577 καὶ
1822 2543 1915 2579 Edd.

322 2592 355 2626 8.
381 2606 416 2625 τε
435 2598 659 2636 assumptum
677 2604 717 2626 ex
738 2592 779 2626 C.
799 2592 875 2626 Cat.
895 2593 952 2626 cit.
1009 2591 1199 2636 Ἀρβεσεέρ
1219 2591 1311 2627 C.D.
1332 2592 1410 2626 Cat.
1432 2591 1542 2636 (Cod.
1564 2591 1672 2625 Coisl.
1691 2590 1761 2624 viii.
1780 2596 1814 2623 et
1833 2590 1914 2624 Esc.

323 2643 358 2671 Σ.
378 2638 412 2672 ii.
436 2638 509 2683 19.)
526 2638 741 2682 Ἀρβεσέο-ερ
761 2638 838 2672 Cat.
859 2638 933 2682 (ed.
954 2638 1060 2680 Maii)
1077 2639 1229 2683 ἀρβεσὲρ
1249 2639 1290 2673 B.
1311 2638 1404 2673 Edd.
1668 2648 1721 2670 10.
1746 2650 1913 2681 μετῳκισ-

322 2685 446 2718 θέντων
466 2686 507 2719 C.
528 2685 605 2718 Cat.
624 2685 681 2719 cit.
699 2685 889 2729 μετοικισθ.
911 2685 952 2718 Β.
973 2699 1097 2719 κατοικ.
1120 2684 1211 2718 Edd.
1490 2695 1542 2725 14.
1567 2683 1852 2727 προανακεκράγει
1872 2681 1913 2716 C.

322 2730 526 2776 ιῖνακέκριιγε
545 2731 604 2765 iid.
861 2740 913 2775 15.
939 2732 992 2765 καὶ
1010 2732 1073 2765 ult.
1092 2743 1162 2765 om.
1183 2731 1224 2765 C.
1528 2729 1579 2763 16.
1608 2730 1660 2762 καὶ
1679 2740 1742 2773 pro
1759 2729 1803 2763 ὡς
1821 2728 1913 2762 Edd.

329 2789 379 2819 u).
407 2778 585 2812 εἷσέλθατε
605 2777 645 2811 C.
665 2778 786 2821 (Alex.
802 2778 841 2822 Ν)
860 2777 1035 2811 εἰσέλθετε
1056 2777 1147 2811 Edd.
1168 2778 1279 2821 (vat.)
1424 2787 1478 2810 20.
1505 2777 1552 2821 τῷ
1572 2781 1793 2819 assumptum
1811 2787 1853 2808 ex
1872 2774 1912 2809 C.

326 2835 379 2857 21.
408 2824 498 2867 ἡμῶν
520 2824 558 2858 Β.
578 2824 654 2868 (26.
674 2824 739 2869 al.)
757 2825 801 2859 cf.
821 2836 927 2869 supra
944 2824 987 2858 ad
1005 2825 1071 2859 loc.
1091 2824 1181 2869 ὑμῶν
1199 2824 1240 2858 C.
1260 2822 1351 2857 Edd.
1677 2833 1732 2855 22.
1756 2823 1910 2866 πρεσβυ·

324 2870 440 2911 τὲρους
459 2872 499 2905 C.
518 2871 716 2914 πρεσβύτας
737 2870 827 2905 Edd.
1409 2880 1463 2913 23.
1491 2868 1582 2912 ἡμῶν
1602 2868 1689 2902 B.C.
1708 2869 1801 2910 ὑμῶν
1822 2867 1912 2901 Edd.

327 2926 380 2957 24.
408 2918 546 2961 κριὶξετε
563 2917 604 2951 C.
624 2918 766 2961 κράξιιτε
786 2917 843 2951 iid.
906 2915 1018 2962 οῖμμοι
1038 2915 1151 2961 οἶμμοι
1172 2916 1212 2950 C.
1225 2916 1346 2959 (Alex.
1367 2915 1407 2960 N)
1419 2914 1507 2959 οἴμοι
1527 2914 1613 2960 οἴμοι
1635 2915 1676 2949 Β.
1692 2915 1806 2959 (Vat.)
1824 2913 1913 2959 οἴμοι

327 2962 419 2996 Edd.
611 2973 665 3007 25.
693 2965 788 2998 ταυτὶ
809 2964 849 2998 C.
870 2967 973 2998 ταῦτα
991 2964 1050 2998 iid.
1101 2963 1142 3007 δὴ
1160 2974 1230 2998 0111.
1252 2961 1292 2996 C.

1935 604 1957 641 5

1940 1015 1988 1040 10
