<?xml version="1.0" encoding="UTF-8"?>
<!DOCTYPE html PUBLIC "-//W3C//DTD XHTML 1.0 Transitional//EN"
    "http://www.w3.org/TR/xhtml1/DTD/xhtml1-transitional.dtd">
<html xmlns="http://www.w3.org/1999/xhtml" xml:lang="en" lang="en">
 <head>
  <title>
</title>
<meta http-equiv="Content-Type" content="text/html;charset=utf-8" />
  <meta name='ocr-system' content='tesseract 3.04.00' />
  <meta name='ocr-capabilities' content='ocr_page ocr_carea ocr_par ocr_line ocrx_word'/>
</head>
<body>
  <div class='ocr_page' id='page_1' title='image "./operacyrilli02cyriuoft/operacyrilli02cyriuoft_0308.png"; bbox 0 0 2007 3387; ppageno 0'>
   <div class='ocr_carea' id='block_1_1' title="bbox 104 1159 263 1189">
    <p class='ocr_par' dir='ltr' id='par_1_1' title="bbox 104 1159 263 1189">
     <span class='ocr_line' id='line_1_1' title="bbox 104 1159 263 1189; baseline 0 0"><span class='ocrx_word' id='word_1_1' title='bbox 104 1159 263 1189; x_wconf 74' lang='lat' dir='ltr'><strong>Ps.lxxiv.</strong></span> 
     </span>
    </p>
   </div>
   <div class='ocr_carea' id='block_1_2' title="bbox 104 1202 181 1243">
    <p class='ocr_par' dir='ltr' id='par_1_2' title="bbox 104 1202 181 1243">
     <span class='ocr_line' id='line_1_2' title="bbox 104 1202 181 1243; baseline 0.013 -10"><span class='ocrx_word' id='word_1_2' title='bbox 104 1211 133 1243; x_wconf 86' lang='lat'>5,</span> <span class='ocrx_word' id='word_1_3' title='bbox 152 1202 181 1234; x_wconf 93' lang='lat'>6.</span> 
     </span>
    </p>
   </div>
   <div class='ocr_carea' id='block_1_3' title="bbox 102 1394 233 1425">
    <p class='ocr_par' dir='ltr' id='par_1_3' title="bbox 102 1394 233 1425">
     <span class='ocr_line' id='line_1_3' title="bbox 102 1394 233 1425; baseline 0.008 -1"><span class='ocrx_word' id='word_1_4' title='bbox 102 1394 155 1424; x_wconf 78' lang='lat' dir='ltr'>Ib-</span> <span class='ocrx_word' id='word_1_5' title='bbox 172 1394 233 1425; x_wconf 76' lang='lat' dir='ltr'><strong>cxi.</strong></span> 
     </span>
    </p>
   </div>
   <div class='ocr_carea' id='block_1_4' title="bbox 329 164 1912 213">
    <p class='ocr_par' dir='ltr' id='par_1_4' title="bbox 329 164 1912 213">
     <span class='ocr_line' id='line_1_4' title="bbox 329 164 1912 213; baseline 0.001 -7"><span class='ocrx_word' id='word_1_6' title='bbox 329 164 413 206; x_wconf 88' lang='lat'>300</span> <span class='ocrx_word' id='word_1_7' title='bbox 722 172 771 212; x_wconf 93' lang='lat' dir='ltr'>B.</span> <span class='ocrx_word' id='word_1_8' title='bbox 816 171 1090 212; x_wconf 88' lang='lat' dir='ltr'><strong>CYRILLI</strong></span> <span class='ocrx_word' id='word_1_9' title='bbox 1134 173 1517 213; x_wconf 85' lang='lat' dir='ltr'><strong>ALEXANDR.</strong></span> <span class='ocrx_word' id='word_1_10' title='bbox 1716 172 1912 212; x_wconf 84' lang='lat' dir='ltr'><strong>i.18-21.</strong></span> 
     </span>
    </p>
   </div>
   <div class='ocr_carea' id='block_1_5' title="bbox 397 291 1912 352">
    <p class='ocr_par' dir='ltr' id='par_1_5' title="bbox 397 291 1912 352">
     <span class='ocr_line' id='line_1_5' title="bbox 397 291 1912 352; baseline 0.001 -21"><span class='ocrx_word' id='word_1_11' title='bbox 397 291 569 347; x_wconf 74' lang='grc' dir='ltr'>κέρατα,</span> <span class='ocrx_word' id='word_1_12' title='bbox 596 293 646 333; x_wconf 78' lang='grc' dir='ltr'>τὰ</span> <span class='ocrx_word' id='word_1_13' title='bbox 685 294 785 334; x_wconf 77' lang='grc' dir='ltr'>ἓθνΗ</span> <span class='ocrx_word' id='word_1_14' title='bbox 825 295 875 335; x_wconf 70' lang='grc' dir='ltr'>τοὶ</span> <span class='ocrx_word' id='word_1_15' title='bbox 910 295 1174 351; x_wconf 77' lang='grc' dir='ltr'>ἐπαιρόμενοι</span> <span class='ocrx_word' id='word_1_16' title='bbox 1203 296 1329 352; x_wconf 76' lang='grc' dir='ltr'>κε’ραε</span> <span class='ocrx_word' id='word_1_17' title='bbox 1356 296 1425 337; x_wconf 79' lang='grc' dir='ltr'>ἐπὶ</span> <span class='ocrx_word' id='word_1_18' title='bbox 1452 295 1529 337; x_wconf 60' lang='grc' dir='ltr'>τὴν</span> <span class='ocrx_word' id='word_1_19' title='bbox 1558 298 1632 342; x_wconf 65' lang='grc' dir='ltr'>Γιῖν</span> <span class='ocrx_word' id='word_1_20' title='bbox 1658 299 1731 335; x_wconf 86' lang='grc' dir='ltr'>τοῦ</span> <span class='ocrx_word' id='word_1_21' title='bbox 1762 292 1912 349; x_wconf 82' lang='grc' dir='ltr'>Κυρίου</span> 
     </span>
    </p>
   </div>
   <div class='ocr_carea' id='block_1_6' title="bbox 397 374 973 431">
    <p class='ocr_par' dir='ltr' id='par_1_6' title="bbox 397 374 973 431">
     <span class='ocr_line' id='line_1_6' title="bbox 397 374 973 431; baseline 0.009 -17"><span class='ocrx_word' id='word_1_22' title='bbox 397 377 470 414; x_wconf 83' lang='grc' dir='ltr'>τοῦ</span> <span class='ocrx_word' id='word_1_23' title='bbox 498 374 797 431; x_wconf 72' lang='grc' dir='ltr'>ὃιασκορπίσαι</span> <span class='ocrx_word' id='word_1_24' title='bbox 826 378 973 419; x_wconf 64' lang='grc' dir='ltr'>αὐτήν.</span> 
     </span>
    </p>
   </div>
   <div class='ocr_carea' id='block_1_7' title="bbox 325 498 1955 901">
    <p class='ocr_par' dir='ltr' id='par_1_7' title="bbox 325 498 1955 901">
     <span class='ocr_line' id='line_1_7' title="bbox 401 498 1915 573; baseline 0.005 -25"><span class='ocrx_word' id='word_1_25' title='bbox 401 498 512 566; x_wconf 80' lang='grc' dir='ltr'>Ἐφ’</span> <span class='ocrx_word' id='word_1_26' title='bbox 557 500 717 566; x_wconf 77' lang='grc' dir='ltr'>ἑτέραν</span> <span class='ocrx_word' id='word_1_27' title='bbox 767 502 936 569; x_wconf 81' lang='grc' dir='ltr'>ὅρασιν</span> <span class='ocrx_word' id='word_1_28' title='bbox 987 506 1012 556; x_wconf 88' lang='grc' dir='ltr'>ὁ</span> <span class='ocrx_word' id='word_1_29' title='bbox 1061 505 1311 573; x_wconf 76' lang='grc' dir='ltr'>προφήτης</span> <span class='ocrx_word' id='word_1_30' title='bbox 1359 505 1553 572; x_wconf 76' lang='grc' dir='ltr'>ἔρχεται,</span> <span class='ocrx_word' id='word_1_31' title='bbox 1599 507 1674 554; x_wconf 84' lang='grc' dir='ltr'>καὶ</span> <span class='ocrx_word' id='word_1_32' title='bbox 1725 504 1807 554; x_wconf 84' lang='grc' dir='ltr'>οὐκ</span> <span class='ocrx_word' id='word_1_33' title='bbox 1852 506 1915 556; x_wconf 81' lang='grc' dir='ltr'>εἰς</span> 
     </span>
     <span class='ocr_line' id='line_1_8' title="bbox 326 580 1916 658; baseline 0.004 -29"><span class='ocrx_word' id='word_1_34' title='bbox 326 580 531 645; x_wconf 81' lang='grc' dir='ltr'>μακρὰν,</span> <span class='ocrx_word' id='word_1_35' title='bbox 573 583 648 633; x_wconf 84' lang='grc' dir='ltr'>ἵνα</span> <span class='ocrx_word' id='word_1_36' title='bbox 684 583 750 649; x_wconf 83' lang='grc' dir='ltr'>μὴ</span> <span class='ocrx_word' id='word_1_37' title='bbox 795 585 928 657; x_wconf 75' lang='grc' dir='ltr'>λόγῳ</span> <span class='ocrx_word' id='word_1_38' title='bbox 969 586 1098 658; x_wconf 73' lang='grc' dir='ltr'>μόνῳ</span> <span class='ocrx_word' id='word_1_39' title='bbox 1135 588 1398 639; x_wconf 78' lang='grc' dir='ltr'>παιδεύοιτο</span> <span class='ocrx_word' id='word_1_40' title='bbox 1437 586 1495 638; x_wconf 82' lang='grc' dir='ltr'>τὰ</span> <span class='ocrx_word' id='word_1_41' title='bbox 1534 586 1748 649; x_wconf 85' lang='grc' dir='ltr'>ἐσόμενα,</span> <span class='ocrx_word' id='word_1_42' title='bbox 1785 583 1916 636; x_wconf 78' lang='grc' dir='ltr'>ἀλλὰ</span> 
     </span>
     <span class='ocr_line' id='line_1_9' title="bbox 327 664 1955 735; baseline 0.006 -24"><span class='ocrx_word' id='word_1_43' title='bbox 327 664 402 712; x_wconf 78' lang='grc' dir='ltr'>καὶ</span> <span class='ocrx_word' id='word_1_44' title='bbox 429 664 582 715; x_wconf 84' lang='grc' dir='ltr'>αὐτῶν</span> <span class='ocrx_word' id='word_1_45' title='bbox 607 670 702 716; x_wconf 85' lang='grc' dir='ltr'>τῶν</span> <span class='ocrx_word' id='word_1_46' title='bbox 726 669 1112 734; x_wconf 79' lang='grc' dir='ltr'>συμβησομένων</span> <span class='ocrx_word' id='word_1_47' title='bbox 1131 671 1178 720; x_wconf 79' lang='grc' dir='ltr'>ε”ν</span> <span class='ocrx_word' id='word_1_48' title='bbox 1204 671 1415 734; x_wconf 80' lang='grc' dir='ltr'>θεωρίαις</span> <span class='ocrx_word' id='word_1_49' title='bbox 1443 668 1701 735; x_wconf 83' lang='grc' dir='ltr'>γενόμενος,</span> <span class='ocrx_word' id='word_1_50' title='bbox 1729 671 1914 720; x_wconf 78' lang='grc' dir='ltr'>λεπτῶς</span> <span class='ocrx_word' id='word_1_51' title='bbox 1934 682 1955 719; x_wconf 88' lang='grc'>5</span> 
     </span>
     <span class='ocr_line' id='line_1_10' title="bbox 325 748 1914 818; baseline 0.003 -23"><span class='ocrx_word' id='word_1_52' title='bbox 325 768 374 795; x_wconf 90' lang='grc' dir='ltr'>τε</span> <span class='ocrx_word' id='word_1_53' title='bbox 401 748 476 796; x_wconf 79' lang='grc' dir='ltr'>καὶ</span> <span class='ocrx_word' id='word_1_54' title='bbox 504 748 710 813; x_wconf 76' lang='grc' dir='ltr'>ἀκριβῶς</span> <span class='ocrx_word' id='word_1_55' title='bbox 744 753 881 815; x_wconf 81' lang='grc' dir='ltr'>εἰδείη</span> <span class='ocrx_word' id='word_1_56' title='bbox 916 751 974 802; x_wconf 79' lang='grc' dir='ltr'>τὰ</span> <span class='ocrx_word' id='word_1_57' title='bbox 1008 752 1348 817; x_wconf 81' lang='grc' dir='ltr'>σημαινόμενα.</span> <span class='ocrx_word' id='word_1_58' title='bbox 1416 751 1484 805; x_wconf 86' lang='grc' dir='ltr'>τίς</span> <span class='ocrx_word' id='word_1_59' title='bbox 1509 753 1590 802; x_wconf 85' lang='grc' dir='ltr'>οῦν</span> <span class='ocrx_word' id='word_1_60' title='bbox 1616 752 1706 818; x_wconf 77' lang='grc' dir='ltr'>ἄρα</span> <span class='ocrx_word' id='word_1_61' title='bbox 1733 752 1863 802; x_wconf 72' lang='grc' dir='ltr'>ἐστὶν</span> <span class='ocrx_word' id='word_1_62' title='bbox 1889 750 1914 801; x_wconf 85' lang='grc' dir='ltr'>ὁ</span> 
     </span>
     <span class='ocr_line' id='line_1_11' title="bbox 325 827 1913 901; baseline 0.004 -23"><span class='ocrx_word' id='word_1_63' title='bbox 325 830 407 891; x_wconf 83' lang='grc' dir='ltr'>τῆς</span> <span class='ocrx_word' id='word_1_64' title='bbox 434 827 643 894; x_wconf 79' lang='grc' dir='ltr'>ὁράσεως</span> <span class='ocrx_word' id='word_1_65' title='bbox 676 838 794 895; x_wconf 84' lang='grc' dir='ltr'>νοῦς,</span> <span class='ocrx_word' id='word_1_66' title='bbox 824 836 885 887; x_wconf 87' lang='grc' dir='ltr'>ὡς</span> <span class='ocrx_word' id='word_1_67' title='bbox 917 832 974 885; x_wconf 80' lang='grc' dir='ltr'>ἂν</span> <span class='ocrx_word' id='word_1_68' title='bbox 1001 834 1094 889; x_wconf 78' lang='grc' dir='ltr'>οἶός</span> <span class='ocrx_word' id='word_1_69' title='bbox 1129 859 1177 886; x_wconf 94' lang='grc' dir='ltr'>τε</span> <span class='ocrx_word' id='word_1_70' title='bbox 1214 833 1263 897; x_wconf 68' lang='grc' dir='ltr'>(ἶ),</span> <span class='ocrx_word' id='word_1_71' title='bbox 1291 839 1477 887; x_wconf 83' lang='grc' dir='ltr'>διειπεῖν</span> <span class='ocrx_word' id='word_1_72' title='bbox 1502 835 1800 901; x_wconf 86' lang='grc' dir='ltr'>πειράσομαι.</span> <span class='ocrx_word' id='word_1_73' title='bbox 1859 832 1913 884; x_wconf 86' lang='grc' dir='ltr'>τὸ</span> 
     </span>
    </p>
   </div>
   <div class='ocr_carea' id='block_1_8' title="bbox 281 912 1914 988">
    <p class='ocr_par' dir='ltr' id='par_1_8' title="bbox 281 912 1914 988">
     <span class='ocr_line' id='line_1_12' title="bbox 281 912 1914 988; baseline 0.002 -26"><span class='ocrx_word' id='word_1_74' title='bbox 281 917 305 957; x_wconf 79' lang='lat' dir='ltr'>(l</span> <span class='ocrx_word' id='word_1_75' title='bbox 331 912 458 980; x_wconf 68' lang='grc' dir='ltr'>κέρας</span> <span class='ocrx_word' id='word_1_76' title='bbox 497 914 564 963; x_wconf 74' lang='grc' dir='ltr'>ἀεὶ</span> <span class='ocrx_word' id='word_1_77' title='bbox 600 915 730 981; x_wconf 84' lang='grc' dir='ltr'>παρὰ</span> <span class='ocrx_word' id='word_1_78' title='bbox 764 921 822 985; x_wconf 81' lang='grc' dir='ltr'>τῇ</span> <span class='ocrx_word' id='word_1_79' title='bbox 861 918 1161 988; x_wconf 75' lang='grc' dir='ltr'>θεοπνεύστῳ</span> <span class='ocrx_word' id='word_1_80' title='bbox 1200 922 1365 986; x_wconf 84' lang='grc' dir='ltr'>γραφῇ</span> <span class='ocrx_word' id='word_1_81' title='bbox 1406 917 1699 981; x_wconf 77' lang='grc' dir='ltr'>λαμβάνεται</span> <span class='ocrx_word' id='word_1_82' title='bbox 1737 915 1797 967; x_wconf 83' lang='grc' dir='ltr'>τὰ</span> <span class='ocrx_word' id='word_1_83' title='bbox 1831 915 1914 977; x_wconf 81' lang='grc' dir='ltr'>μὲν</span> 
     </span>
    </p>
   </div>
   <div class='ocr_carea' id='block_1_9' title="bbox 325 995 1983 1729">
    <p class='ocr_par' dir='ltr' id='par_1_9' title="bbox 325 995 1983 1647">
     <span class='ocr_line' id='line_1_13' title="bbox 326 995 1910 1069; baseline 0.003 -26"><span class='ocrx_word' id='word_1_84' title='bbox 326 997 388 1048; x_wconf 83' lang='grc' dir='ltr'>εἰς</span> <span class='ocrx_word' id='word_1_85' title='bbox 427 995 580 1046; x_wconf 79' lang='grc' dir='ltr'>εἰκόνα</span> <span class='ocrx_word' id='word_1_86' title='bbox 619 1000 692 1048; x_wconf 78' lang='grc' dir='ltr'>καὶ</span> <span class='ocrx_word' id='word_1_87' title='bbox 727 1000 1033 1051; x_wconf 83' lang='grc' dir='ltr'>ὑποτύπωσιν</span> <span class='ocrx_word' id='word_1_88' title='bbox 1066 1001 1245 1069; x_wconf 76' lang='grc' dir='ltr'>ἰσχύος,</span> <span class='ocrx_word' id='word_1_89' title='bbox 1272 1002 1419 1066; x_wconf 77' lang='grc' dir='ltr'>ἤγουν</span> <span class='ocrx_word' id='word_1_90' title='bbox 1457 1000 1720 1060; x_wconf 83' lang='grc' dir='ltr'>βασιλείας·</span> <span class='ocrx_word' id='word_1_91' title='bbox 1762 1021 1910 1049; x_wconf 92' lang='grc' dir='ltr'>κατα-</span> 
     </span>
     <span class='ocr_line' id='line_1_14' title="bbox 325 1078 1983 1152; baseline 0.004 -25"><span class='ocrx_word' id='word_1_92' title='bbox 325 1079 541 1142; x_wconf 86' lang='grc' dir='ltr'>σημαίνει</span> <span class='ocrx_word' id='word_1_93' title='bbox 580 1078 628 1130; x_wconf 76' lang='grc' dir='ltr'>δὲ</span> <span class='ocrx_word' id='word_1_94' title='bbox 660 1081 938 1136; x_wconf 77' lang='grc' dir='ltr'>πλειστάκις</span> <span class='ocrx_word' id='word_1_95' title='bbox 978 1085 1053 1134; x_wconf 76' lang='grc' dir='ltr'>καὶ</span> <span class='ocrx_word' id='word_1_96' title='bbox 1094 1084 1369 1151; x_wconf 80' lang='grc' dir='ltr'>ὑπεροψίαν,</span> <span class='ocrx_word' id='word_1_97' title='bbox 1397 1086 1458 1137; x_wconf 86' lang='grc' dir='ltr'>ὡς</span> <span class='ocrx_word' id='word_1_98' title='bbox 1492 1083 1540 1133; x_wconf 77' lang='grc' dir='ltr'>ε”ν</span> <span class='ocrx_word' id='word_1_99' title='bbox 1576 1105 1630 1148; x_wconf 86' lang='grc' dir='ltr'>γε</span> <span class='ocrx_word' id='word_1_100' title='bbox 1662 1086 1728 1152; x_wconf 74' lang='grc' dir='ltr'>τῷ</span> <span class='ocrx_word' id='word_1_101' title='bbox 1766 1079 1912 1150; x_wconf 76' lang='grc' dir='ltr'>φάναι</span> <span class='ocrx_word' id='word_1_102' title='bbox 1937 1102 1983 1127; x_wconf 93' lang='lat'>10</span> 
     </span>
     <span class='ocr_line' id='line_1_15' title="bbox 327 1161 1912 1230; baseline 0.003 -20"><span class='ocrx_word' id='word_1_103' title='bbox 327 1162 424 1210; x_wconf 75' lang='grc' dir='ltr'>τισὶ</span> <span class='ocrx_word' id='word_1_104' title='bbox 472 1161 555 1212; x_wconf 84' lang='grc' dir='ltr'>τὸν</span> <span class='ocrx_word' id='word_1_105' title='bbox 604 1163 833 1229; x_wconf 89' lang='grc' dir='ltr'>μακάριον</span> <span class='ocrx_word' id='word_1_106' title='bbox 879 1168 1053 1217; x_wconf 85' lang='grc' dir='ltr'>Δαυείδ</span> <span class='ocrx_word' id='word_1_107' title='bbox 1102 1174 1127 1196; x_wconf 82' lang='grc'><strong>“</strong></span> <span class='ocrx_word' id='word_1_108' title='bbox 1150 1164 1278 1217; x_wconf 73' lang='grc' dir='ltr'>Εἶπα</span> <span class='ocrx_word' id='word_1_109' title='bbox 1322 1171 1417 1220; x_wconf 78' lang='grc' dir='ltr'>τοῖς</span> <span class='ocrx_word' id='word_1_110' title='bbox 1457 1170 1785 1230; x_wconf 86' lang='grc' dir='ltr'>παρανομοῦσι</span> <span class='ocrx_word' id='word_1_111' title='bbox 1825 1163 1912 1228; x_wconf 87' lang='grc' dir='ltr'>Μὴ</span> 
     </span>
     <span class='ocr_line' id='line_1_16' title="bbox 328 1246 1912 1317; baseline 0.004 -24"><span class='ocrx_word' id='word_1_112' title='bbox 328 1251 354 1272; x_wconf 86' lang='grc'><strong>“</strong></span> <span class='ocrx_word' id='word_1_113' title='bbox 380 1250 702 1309; x_wconf 84' lang='grc' dir='ltr'>παρανομεῖτε,</span> <span class='ocrx_word' id='word_1_114' title='bbox 728 1250 803 1297; x_wconf 84' lang='grc' dir='ltr'>καὶ</span> <span class='ocrx_word' id='word_1_115' title='bbox 843 1252 937 1301; x_wconf 78' lang='grc' dir='ltr'>τοῖς</span> <span class='ocrx_word' id='word_1_116' title='bbox 978 1248 1300 1316; x_wconf 84' lang='grc' dir='ltr'>ἁμαρτάνουσι</span> <span class='ocrx_word' id='word_1_117' title='bbox 1330 1248 1416 1313; x_wconf 84' lang='grc' dir='ltr'>Μὴ</span> <span class='ocrx_word' id='word_1_118' title='bbox 1450 1250 1626 1317; x_wconf 82' lang='grc' dir='ltr'>ὑψοῦτε</span> <span class='ocrx_word' id='word_1_119' title='bbox 1660 1247 1806 1313; x_wconf 73' lang='grc' dir='ltr'>κερας·</span> <span class='ocrx_word' id='word_1_120' title='bbox 1846 1246 1912 1310; x_wconf 88' lang='grc' dir='ltr'>μὴ</span> 
     </span>
     <span class='ocr_line' id='line_1_17' title="bbox 326 1327 1913 1398; baseline 0.003 -22"><span class='ocrx_word' id='word_1_121' title='bbox 326 1332 352 1355; x_wconf 86' lang='grc'><strong>“</strong></span> <span class='ocrx_word' id='word_1_122' title='bbox 378 1327 586 1393; x_wconf 83' lang='grc' dir='ltr'>ἐπαίρετε</span> <span class='ocrx_word' id='word_1_123' title='bbox 621 1331 682 1382; x_wconf 78' lang='grc' dir='ltr'>εἰς</span> <span class='ocrx_word' id='word_1_124' title='bbox 720 1330 843 1397; x_wconf 81' lang='grc' dir='ltr'>ὕψος</span> <span class='ocrx_word' id='word_1_125' title='bbox 874 1330 928 1381; x_wconf 80' lang='grc' dir='ltr'>τὸ</span> <span class='ocrx_word' id='word_1_126' title='bbox 967 1332 1101 1398; x_wconf 77' lang='grc' dir='ltr'>κε’ρας</span> <span class='ocrx_word' id='word_1_127' title='bbox 1141 1333 1268 1395; x_wconf 84' lang='grc' dir='ltr'>ὑμῶν</span> <span class='ocrx_word' id='word_1_128' title='bbox 1298 1332 1413 1395; x_wconf 80' lang='grc' dir='ltr'>μηδὲ</span> <span class='ocrx_word' id='word_1_129' title='bbox 1448 1335 1635 1381; x_wconf 80' lang='grc' dir='ltr'>λαλεῖτε</span> <span class='ocrx_word' id='word_1_130' title='bbox 1674 1328 1792 1380; x_wconf 82' lang='grc' dir='ltr'>κατὰ</span> <span class='ocrx_word' id='word_1_131' title='bbox 1830 1335 1913 1381; x_wconf 91' lang='grc' dir='ltr'>τοῦ</span> 
     </span>
     <span class='ocr_line' id='line_1_18' title="bbox 327 1410 1912 1481; baseline 0.003 -22"><span class='ocrx_word' id='word_1_132' title='bbox 327 1415 353 1437; x_wconf 80' lang='grc'>“</span> <span class='ocrx_word' id='word_1_133' title='bbox 381 1412 506 1460; x_wconf 78' lang='grc' dir='ltr'>Θεοῦ</span> <span class='ocrx_word' id='word_1_134' title='bbox 542 1410 764 1462; x_wconf 80' lang='grc' dir='ltr'>ἀδικίαν.”</span> <span class='ocrx_word' id='word_1_135' title='bbox 827 1413 1011 1481; x_wconf 80' lang='grc' dir='ltr'>ψάλλει</span> <span class='ocrx_word' id='word_1_136' title='bbox 1053 1415 1109 1465; x_wconf 77' lang='grc' dir='ltr'>δέ</span> <span class='ocrx_word' id='word_1_137' title='bbox 1142 1437 1234 1465; x_wconf 92' lang='grc' dir='ltr'>που</span> <span class='ocrx_word' id='word_1_138' title='bbox 1278 1417 1354 1465; x_wconf 79' lang='grc' dir='ltr'>καὶ</span> <span class='ocrx_word' id='word_1_139' title='bbox 1394 1415 1498 1480; x_wconf 76' lang='grc' dir='ltr'>περὶ</span> <span class='ocrx_word' id='word_1_140' title='bbox 1541 1417 1757 1480; x_wconf 85' lang='grc' dir='ltr'>Χριστοῦ</span> <span class='ocrx_word' id='word_1_141' title='bbox 1796 1411 1912 1464; x_wconf 69' lang='lat' dir='ltr'>“Tb</span> 
     </span>
     <span class='ocr_line' id='line_1_19' title="bbox 326 1491 1981 1565; baseline 0.004 -23"><span class='ocrx_word' id='word_1_142' title='bbox 326 1499 353 1521; x_wconf 72' lang='lat'>‘⁶</span> <span class='ocrx_word' id='word_1_143' title='bbox 380 1491 514 1558; x_wconf 77' lang='grc' dir='ltr'>κε’ρας</span> <span class='ocrx_word' id='word_1_144' title='bbox 548 1494 690 1544; x_wconf 79' lang='grc' dir='ltr'>αὐτοῦ</span> <span class='ocrx_word' id='word_1_145' title='bbox 727 1495 1034 1563; x_wconf 83' lang='grc' dir='ltr'>ὑψωθήσεται</span> <span class='ocrx_word' id='word_1_146' title='bbox 1066 1498 1114 1547; x_wconf 81' lang='grc' dir='ltr'>ἐν</span> <span class='ocrx_word' id='word_1_147' title='bbox 1150 1497 1308 1565; x_wconf 75' lang='grc' dir='ltr'>δόξῃ,”</span> <span class='ocrx_word' id='word_1_148' title='bbox 1334 1497 1590 1558; x_wconf 74' lang='grc' dir='ltr'>τουτέστιν,</span> <span class='ocrx_word' id='word_1_149' title='bbox 1617 1496 1643 1559; x_wconf 85' lang='grc' dir='ltr'>ἡ</span> <span class='ocrx_word' id='word_1_150' title='bbox 1671 1496 1910 1558; x_wconf 85' lang='grc' dir='ltr'>βασιλεία,</span> <span class='ocrx_word' id='word_1_151' title='bbox 1937 1512 1981 1549; x_wconf 84' lang='grc' dir='ltr'>Ῑ5</span> 
     </span>
     <span class='ocr_line' id='line_1_20' title="bbox 325 1575 1686 1647; baseline 0.004 -23"><span class='ocrx_word' id='word_1_152' title='bbox 325 1576 399 1624; x_wconf 72' lang='grc' dir='ltr'>καὶ</span> <span class='ocrx_word' id='word_1_153' title='bbox 428 1575 453 1638; x_wconf 80' lang='grc' dir='ltr'>ἡ</span> <span class='ocrx_word' id='word_1_154' title='bbox 481 1581 562 1625; x_wconf 88' lang='grc' dir='ltr'>τοῦ</span> <span class='ocrx_word' id='word_1_155' title='bbox 589 1575 837 1644; x_wconf 83' lang='grc' dir='ltr'>κατάρχειν</span> <span class='ocrx_word' id='word_1_156' title='bbox 863 1582 956 1628; x_wconf 82' lang='grc' dir='ltr'>τῶν</span> <span class='ocrx_word' id='word_1_157' title='bbox 988 1577 1114 1629; x_wconf 78' lang='grc' dir='ltr'>ὅλων</span> <span class='ocrx_word' id='word_1_158' title='bbox 1141 1579 1278 1646; x_wconf 76' lang='grc' dir='ltr'>ἰσχύς</span> <span class='ocrx_word' id='word_1_159' title='bbox 1303 1602 1351 1630; x_wconf 93' lang='grc' dir='ltr'>τε</span> <span class='ocrx_word' id='word_1_160' title='bbox 1379 1581 1453 1629; x_wconf 76' lang='grc' dir='ltr'>καὶ</span> <span class='ocrx_word' id='word_1_161' title='bbox 1481 1577 1686 1647; x_wconf 76' lang='grc' dir='ltr'>ἐξουσία.</span> 
     </span>
    </p>

    <p class='ocr_par' dir='ltr' id='par_1_10' title="bbox 399 1657 1910 1729">
     <span class='ocr_line' id='line_1_21' title="bbox 399 1657 1910 1729; baseline 0.002 -22"><span class='ocrx_word' id='word_1_162' title='bbox 399 1657 525 1726; x_wconf 59' lang='grc' dir='ltr'>“Ορᾷ</span> <span class='ocrx_word' id='word_1_163' title='bbox 559 1666 806 1724; x_wconf 78' lang='grc' dir='ltr'>τοιγαροῦν</span> <span class='ocrx_word' id='word_1_164' title='bbox 843 1662 867 1710; x_wconf 88' lang='grc' dir='ltr'>ὁ</span> <span class='ocrx_word' id='word_1_165' title='bbox 905 1661 1165 1728; x_wconf 81' lang='grc' dir='ltr'>Προφήτης</span> <span class='ocrx_word' id='word_1_166' title='bbox 1200 1662 1400 1727; x_wconf 68' lang='grc' dir='ltr'>τέσσαρσι</span> <span class='ocrx_word' id='word_1_167' title='bbox 1439 1661 1623 1729; x_wconf 62' lang='grc' dir='ltr'>κεραῖαι,</span> <span class='ocrx_word' id='word_1_168' title='bbox 1654 1660 1910 1721; x_wconf 73' lang='grc' dir='ltr'>τουτέστιν,</span> 
     </span>
    </p>
   </div>
   <div class='ocr_carea' id='block_1_10' title="bbox 326 1741 1910 1809">
    <p class='ocr_par' dir='ltr' id='par_1_11' title="bbox 326 1741 1910 1809">
     <span class='ocr_line' id='line_1_22' title="bbox 326 1741 1910 1809; baseline 0.002 -19"><span class='ocrx_word' id='word_1_169' title='bbox 326 1741 434 1804; x_wconf 78' lang='grc' dir='ltr'>ε”θνη</span> <span class='ocrx_word' id='word_1_170' title='bbox 473 1764 702 1806; x_wconf 80' lang='grc' dir='ltr'>τεσσαρα,</span> <span class='ocrx_word' id='word_1_171' title='bbox 730 1765 806 1792; x_wconf 87' lang='grc' dir='ltr'>σκ</span> <span class='ocrx_word' id='word_1_172' title='bbox 808 1742 922 1809; x_wconf 58' lang='grc' dir='ltr'>Χηρά</span> <span class='ocrx_word' id='word_1_173' title='bbox 956 1766 1002 1793; x_wconf 86' lang='grc' dir='ltr'>τε</span> <span class='ocrx_word' id='word_1_174' title='bbox 1039 1767 1113 1794; x_wconf 90' lang='grc' dir='ltr'>και</span> <span class='ocrx_word' id='word_1_175' title='bbox 1153 1745 1473 1807; x_wconf 81' lang='grc' dir='ltr'>ἀλκιμώτατα,</span> <span class='ocrx_word' id='word_1_176' title='bbox 1507 1743 1668 1796; x_wconf 89' lang='grc' dir='ltr'>πόλεις</span> <span class='ocrx_word' id='word_1_177' title='bbox 1707 1765 1754 1793; x_wconf 93' lang='grc' dir='ltr'>τε</span> <span class='ocrx_word' id='word_1_178' title='bbox 1793 1744 1910 1806; x_wconf 84' lang='grc' dir='ltr'>ὁμοῦ</span> 
     </span>
    </p>
   </div>
   <div class='ocr_carea' id='block_1_11' title="bbox 287 1823 1910 1891">
    <p class='ocr_par' dir='ltr' id='par_1_12' title="bbox 287 1823 1910 1891">
     <span class='ocr_line' id='line_1_23' title="bbox 287 1823 1910 1891; baseline 0.001 -18"><span class='ocrx_word' id='word_1_179' title='bbox 287 1838 307 1863; x_wconf 80' lang='lat'>0</span> <span class='ocrx_word' id='word_1_180' title='bbox 328 1846 401 1873; x_wconf 88' lang='grc' dir='ltr'>και</span> <span class='ocrx_word' id='word_1_181' title='bbox 439 1823 596 1891; x_wconf 85' lang='grc' dir='ltr'>χώρας</span> <span class='ocrx_word' id='word_1_182' title='bbox 629 1824 899 1890; x_wconf 68' lang='grc' dir='ltr'>ἐκκεραιζειν</span> <span class='ocrx_word' id='word_1_183' title='bbox 938 1825 1140 1880; x_wconf 83' lang='grc' dir='ltr'>εὐκόλως</span> <span class='ocrx_word' id='word_1_184' title='bbox 1179 1827 1426 1889; x_wconf 83' lang='grc' dir='ltr'>δυνάμενα.</span> <span class='ocrx_word' id='word_1_185' title='bbox 1493 1829 1567 1876; x_wconf 80' lang='grc' dir='ltr'>καὶ</span> <span class='ocrx_word' id='word_1_186' title='bbox 1603 1849 1645 1876; x_wconf 93' lang='grc' dir='ltr'>οι</span> <span class='ocrx_word' id='word_1_187' title='bbox 1678 1849 1762 1888; x_wconf 89' lang='grc' dir='ltr'>μεν</span> <span class='ocrx_word' id='word_1_188' title='bbox 1797 1823 1910 1876; x_wconf 83' lang='grc' dir='ltr'>εἶναι</span> 
     </span>
    </p>
   </div>
   <div class='ocr_carea' id='block_1_12' title="bbox 323 1906 1980 2473">
    <p class='ocr_par' dir='ltr' id='par_1_13' title="bbox 323 1906 1980 2473">
     <span class='ocr_line' id='line_1_24' title="bbox 325 1906 1980 1974; baseline 0.004 -20"><span class='ocrx_word' id='word_1_189' title='bbox 325 1906 472 1955; x_wconf 87' lang='grc' dir='ltr'>ταῦτά</span> <span class='ocrx_word' id='word_1_190' title='bbox 504 1913 642 1971; x_wconf 83' lang='grc' dir='ltr'>φασι,</span> <span class='ocrx_word' id='word_1_191' title='bbox 669 1930 754 1971; x_wconf 89' lang='grc' dir='ltr'>την</span> <span class='ocrx_word' id='word_1_192' title='bbox 789 1930 835 1958; x_wconf 89' lang='grc' dir='ltr'>τε</span> <span class='ocrx_word' id='word_1_193' title='bbox 871 1907 1147 1974; x_wconf 80' lang='grc' dir='ltr'>Ἀσσυριων</span> <span class='ocrx_word' id='word_1_194' title='bbox 1186 1910 1452 1971; x_wconf 87' lang='grc' dir='ltr'>βασιλείαν,</span> <span class='ocrx_word' id='word_1_195' title='bbox 1487 1912 1560 1959; x_wconf 80' lang='grc' dir='ltr'>καὶ</span> <span class='ocrx_word' id='word_1_196' title='bbox 1599 1931 1754 1970; x_wconf 90' lang='grc' dir='ltr'>μεντοι</span> <span class='ocrx_word' id='word_1_197' title='bbox 1792 1931 1910 1974; x_wconf 87' lang='grc' dir='ltr'>προς</span> <span class='ocrx_word' id='word_1_198' title='bbox 1933 1926 1980 1951; x_wconf 84' lang='grc'>20</span> 
     </span>
     <span class='ocr_line' id='line_1_25' title="bbox 323 1988 1908 2057; baseline 0.004 -20"><span class='ocrx_word' id='word_1_199' title='bbox 323 1990 432 2054; x_wconf 79' lang='grc' dir='ltr'>τῇδε</span> <span class='ocrx_word' id='word_1_200' title='bbox 486 1988 570 2053; x_wconf 86' lang='grc' dir='ltr'>τὴν</span> <span class='ocrx_word' id='word_1_201' title='bbox 620 1994 715 2040; x_wconf 83' lang='grc' dir='ltr'>τῶν</span> <span class='ocrx_word' id='word_1_202' title='bbox 766 1993 1101 2053; x_wconf 83' lang='grc' dir='ltr'>Βαβυλωνίων,</span> <span class='ocrx_word' id='word_1_203' title='bbox 1148 1994 1222 2042; x_wconf 79' lang='grc' dir='ltr'>καὶ</span> <span class='ocrx_word' id='word_1_204' title='bbox 1265 1993 1425 2057; x_wconf 84' lang='grc' dir='ltr'>τρίτην</span> <span class='ocrx_word' id='word_1_205' title='bbox 1470 1991 1556 2055; x_wconf 86' lang='grc' dir='ltr'>τὴν</span> <span class='ocrx_word' id='word_1_206' title='bbox 1606 1990 1908 2043; x_wconf 87' lang='grc' dir='ltr'>Μακεδόνων.</span> 
     </span>
     <span class='ocr_line' id='line_1_26' title="bbox 323 2070 1907 2142; baseline 0.003 -21"><span class='ocrx_word' id='word_1_207' title='bbox 323 2070 568 2139; x_wconf 83' lang='grc' dir='ltr'>Ἀντίοχος</span> <span class='ocrx_word' id='word_1_208' title='bbox 620 2074 713 2139; x_wconf 81' lang='grc' dir='ltr'>γὰρ</span> <span class='ocrx_word' id='word_1_209' title='bbox 765 2071 802 2142; x_wconf 79' lang='grc' dir='ltr'><em>ᾧ</em></span> <span class='ocrx_word' id='word_1_210' title='bbox 850 2075 1047 2139; x_wconf 82' lang='grc' dir='ltr'>ἐπίκλην</span> <span class='ocrx_word' id='word_1_211' title='bbox 1095 2074 1338 2142; x_wconf 80' lang='grc' dir='ltr'>ἐπιφανὴς,</span> <span class='ocrx_word' id='word_1_212' title='bbox 1381 2077 1431 2126; x_wconf 83' lang='grc' dir='ltr'>ἐκ</span> <span class='ocrx_word' id='word_1_213' title='bbox 1487 2077 1782 2128; x_wconf 83' lang='grc' dir='ltr'>Μακεδονίας</span> <span class='ocrx_word' id='word_1_214' title='bbox 1826 2073 1907 2137; x_wconf 76' lang='grc' dir='ltr'>ὢν,</span> 
     </span>
     <span class='ocr_line' id='line_1_27' title="bbox 324 2153 1911 2226; baseline 0.003 -23"><span class='ocrx_word' id='word_1_215' title='bbox 324 2153 590 2220; x_wconf 87' lang='grc' dir='ltr'>πεπόρθηκε</span> <span class='ocrx_word' id='word_1_216' title='bbox 634 2154 719 2219; x_wconf 85' lang='grc' dir='ltr'>τὴν</span> <span class='ocrx_word' id='word_1_217' title='bbox 757 2157 1002 2207; x_wconf 85' lang='grc' dir='ltr'>Ἰουδαίαν.</span> <span class='ocrx_word' id='word_1_218' title='bbox 1072 2159 1384 2223; x_wconf 83' lang='grc' dir='ltr'>ἐπαριθμοῦσι</span> <span class='ocrx_word' id='word_1_219' title='bbox 1427 2156 1475 2208; x_wconf 76' lang='grc' dir='ltr'>δὲ</span> <span class='ocrx_word' id='word_1_220' title='bbox 1521 2157 1667 2226; x_wconf 76' lang='grc' dir='ltr'>ταύτῃ</span> <span class='ocrx_word' id='word_1_221' title='bbox 1712 2160 1786 2208; x_wconf 73' lang='grc' dir='ltr'>καὶ</span> <span class='ocrx_word' id='word_1_222' title='bbox 1825 2157 1911 2219; x_wconf 88' lang='grc' dir='ltr'>τὴν</span> 
     </span>
     <span class='ocr_line' id='line_1_28' title="bbox 323 2236 1910 2306; baseline 0.001 -18"><span class='ocrx_word' id='word_1_223' title='bbox 323 2236 587 2299; x_wconf 49' lang='grc' dir='ltr'>(Ρωμαίων,</span> <span class='ocrx_word' id='word_1_224' title='bbox 637 2237 665 2303; x_wconf 82' lang='grc' dir='ltr'>ἢ</span> <span class='ocrx_word' id='word_1_225' title='bbox 709 2238 826 2304; x_wconf 79' lang='grc' dir='ltr'>μετὰ</span> <span class='ocrx_word' id='word_1_226' title='bbox 869 2238 952 2290; x_wconf 79' lang='grc' dir='ltr'>τὸν</span> <span class='ocrx_word' id='word_1_227' title='bbox 997 2247 1080 2291; x_wconf 89' lang='grc' dir='ltr'>τοῦ</span> <span class='ocrx_word' id='word_1_228' title='bbox 1124 2243 1341 2305; x_wconf 82' lang='grc' dir='ltr'>Σωτῆρος</span> <span class='ocrx_word' id='word_1_229' title='bbox 1387 2240 1608 2306; x_wconf 82' lang='grc' dir='ltr'>σταυρὸν,</span> <span class='ocrx_word' id='word_1_230' title='bbox 1652 2239 1745 2291; x_wconf 76' lang='grc' dir='ltr'>εἷλε</span> <span class='ocrx_word' id='word_1_231' title='bbox 1789 2238 1910 2290; x_wconf 80' lang='grc' dir='ltr'>κατὰ</span> 
     </span>
     <span class='ocr_line' id='line_1_29' title="bbox 325 2320 1978 2392; baseline 0.005 -24"><span class='ocrx_word' id='word_1_232' title='bbox 325 2320 493 2385; x_wconf 82' lang='grc' dir='ltr'>κράτος</span> <span class='ocrx_word' id='word_1_233' title='bbox 537 2321 595 2371; x_wconf 78' lang='grc' dir='ltr'>τὰ</span> <span class='ocrx_word' id='word_1_234' title='bbox 639 2322 964 2388; x_wconf 83' lang='grc' dir='ltr'>Ἱεροσόλυμα.</span> <span class='ocrx_word' id='word_1_235' title='bbox 1031 2321 1186 2387; x_wconf 78' lang='grc' dir='ltr'>ἐπειδὴ</span> <span class='ocrx_word' id='word_1_236' title='bbox 1232 2322 1279 2373; x_wconf 72' lang='grc' dir='ltr'>δὲ</span> <span class='ocrx_word' id='word_1_237' title='bbox 1321 2323 1627 2388; x_wconf 81' lang='grc' dir='ltr'>διερμηνεύων</span> <span class='ocrx_word' id='word_1_238' title='bbox 1668 2327 1734 2392; x_wconf 75' lang='grc' dir='ltr'>τῷ</span> <span class='ocrx_word' id='word_1_239' title='bbox 1780 2327 1908 2389; x_wconf 90' lang='grc' dir='ltr'>Προ-</span> <span class='ocrx_word' id='word_1_240' title='bbox 1930 2339 1978 2377; x_wconf 84' lang='grc'>25</span> 
     </span>
     <span class='ocr_line' id='line_1_30' title="bbox 327 2400 1909 2473; baseline 0.003 -23"><span class='ocrx_word' id='word_1_241' title='bbox 327 2400 456 2470; x_wconf 84' lang='grc' dir='ltr'>φήτῃ</span> <span class='ocrx_word' id='word_1_242' title='bbox 496 2402 582 2467; x_wconf 84' lang='grc' dir='ltr'>τὴν</span> <span class='ocrx_word' id='word_1_243' title='bbox 627 2403 795 2470; x_wconf 80' lang='grc' dir='ltr'>ὅρασιν</span> <span class='ocrx_word' id='word_1_244' title='bbox 839 2406 864 2455; x_wconf 85' lang='grc' dir='ltr'>ὁ</span> <span class='ocrx_word' id='word_1_245' title='bbox 909 2405 1163 2460; x_wconf 71' lang='grc' dir='ltr'>θεσπέσιος</span> <span class='ocrx_word' id='word_1_246' title='bbox 1212 2406 1430 2471; x_wconf 76' lang='grc' dir='ltr'>ἅγγελος,</span> <span class='ocrx_word' id='word_1_247' title='bbox 1472 2405 1622 2473; x_wconf 74' lang='grc' dir='ltr'>ἔφησε</span> <span class='ocrx_word' id='word_1_248' title='bbox 1665 2407 1770 2471; x_wconf 73' lang='grc' dir='ltr'>περὶ</span> <span class='ocrx_word' id='word_1_249' title='bbox 1814 2409 1909 2455; x_wconf 80' lang='grc' dir='ltr'>τῶν</span> 
     </span>
    </p>
   </div>
   <div class='ocr_carea' id='block_1_13' title="bbox 103 2484 1909 2557">
    <p class='ocr_par' dir='ltr' id='par_1_14' title="bbox 103 2484 1909 2557">
     <span class='ocr_line' id='line_1_31' title="bbox 103 2484 1909 2557; baseline 0.003 -23"><span class='ocrx_word' id='word_1_250' title='bbox 103 2496 188 2530; x_wconf 89' lang='grc'>665</span> <span class='ocrx_word' id='word_1_251' title='bbox 210 2496 260 2530; x_wconf 79' lang='lat' dir='ltr'>A.</span> <span class='ocrx_word' id='word_1_252' title='bbox 288 2484 547 2552; x_wconf 68' lang='grc' dir='ltr'>ιικεράτων,</span> <span class='ocrx_word' id='word_1_253' title='bbox 573 2486 643 2537; x_wconf 73' lang='grc' dir='ltr'>ὅτι</span> <span class='ocrx_word' id='word_1_254' title='bbox 677 2489 823 2538; x_wconf 70' lang='grc' dir='ltr'>ταῦτα</span> <span class='ocrx_word' id='word_1_255' title='bbox 854 2488 913 2539; x_wconf 66' lang='grc' dir='ltr'>τὰ</span> <span class='ocrx_word' id='word_1_256' title='bbox 952 2485 1114 2557; x_wconf 62' lang='grc' dir='ltr'>κέρατα.</span> <span class='ocrx_word' id='word_1_257' title='bbox 1150 2489 1208 2540; x_wconf 63' lang='grc' dir='ltr'>τά</span> <span class='ocrx_word' id='word_1_258' title='bbox 1244 2485 1630 2557; x_wconf 63' lang='grc' dir='ltr'>ὃιοισκορπίσαντα.</span> <span class='ocrx_word' id='word_1_259' title='bbox 1656 2487 1720 2540; x_wconf 68' lang='grc' dir='ltr'>τόν</span> <span class='ocrx_word' id='word_1_260' title='bbox 1746 2487 1830 2539; x_wconf 69' lang='grc' dir='ltr'>Ἰού</span> <span class='ocrx_word' id='word_1_261' title='bbox 1857 2512 1909 2540; x_wconf 77' lang='grc' dir='ltr'>σιν</span> 
     </span>
    </p>
   </div>
   <div class='ocr_carea' id='block_1_14' title="bbox 323 2664 1908 3038">
    <p class='ocr_par' dir='ltr' id='par_1_15' title="bbox 323 2664 1908 3038">
     <span class='ocr_line' id='line_1_32' title="bbox 375 2664 1908 2709; baseline 0.001 -12"><span class='ocrx_word' id='word_1_262' title='bbox 375 2676 402 2698; x_wconf 90' lang='lat'><strong>1.</strong></span> <span class='ocrx_word' id='word_1_263' title='bbox 429 2665 629 2708; x_wconf 78' lang='grc' dir='ltr'>ε’παιρόμενιι</span> <span class='ocrx_word' id='word_1_264' title='bbox 653 2665 691 2698; x_wconf 77' lang='grc' dir='ltr'>Β.</span> <span class='ocrx_word' id='word_1_265' title='bbox 716 2666 895 2708; x_wconf 71' lang='grc' dir='ltr'>ἐπαίροντα</span> <span class='ocrx_word' id='word_1_266' title='bbox 916 2666 960 2699; x_wconf 80' lang='lat' dir='ltr'>D.</span> <span class='ocrx_word' id='word_1_267' title='bbox 986 2664 1207 2709; x_wconf 71' lang='grc' dir='ltr'>ἐπαιρούμενα</span> <span class='ocrx_word' id='word_1_268' title='bbox 1235 2664 1324 2698; x_wconf 71' lang='lat' dir='ltr'><strong>Edd.</strong></span> <span class='ocrx_word' id='word_1_269' title='bbox 1353 2671 1431 2698; x_wconf 80' lang='lat' dir='ltr'>ante</span> <span class='ocrx_word' id='word_1_270' title='bbox 1459 2664 1591 2709; x_wconf 74' lang='lat' dir='ltr'><strong>Migne.</strong></span> <span class='ocrx_word' id='word_1_271' title='bbox 1660 2664 1785 2698; x_wconf 80' lang='lat' dir='ltr'>Statim</span> <span class='ocrx_word' id='word_1_272' title='bbox 1812 2665 1908 2708; x_wconf 78' lang='grc' dir='ltr'>κέρας</span> 
     </span>
     <span class='ocr_line' id='line_1_33' title="bbox 323 2710 1907 2756; baseline 0.001 -12"><span class='ocrx_word' id='word_1_273' title='bbox 323 2724 393 2745; x_wconf 83' lang='lat' dir='ltr'>om.</span> <span class='ocrx_word' id='word_1_274' title='bbox 417 2712 456 2745; x_wconf 80' lang='grc' dir='ltr'>Β.</span> <span class='ocrx_word' id='word_1_275' title='bbox 476 2714 552 2756; x_wconf 79' lang='lat'>(51,</span> <span class='ocrx_word' id='word_1_276' title='bbox 574 2712 671 2755; x_wconf 82' lang='lat'><strong>240.)</strong></span> <span class='ocrx_word' id='word_1_277' title='bbox 691 2712 793 2746; x_wconf 79' lang='lat' dir='ltr'><strong>babet</strong></span> <span class='ocrx_word' id='word_1_278' title='bbox 814 2713 858 2747; x_wconf 91' lang='lat' dir='ltr'>D.</span> <span class='ocrx_word' id='word_1_279' title='bbox 920 2715 980 2746; x_wconf 78' lang='grc' dir='ltr'>τοῦ</span> <span class='ocrx_word' id='word_1_280' title='bbox 998 2712 1093 2746; x_wconf 72' lang='lat' dir='ltr'><strong>deest</strong></span> <span class='ocrx_word' id='word_1_281' title='bbox 1111 2713 1146 2745; x_wconf 88' lang='lat' dir='ltr'>in</span> <span class='ocrx_word' id='word_1_282' title='bbox 1169 2712 1211 2745; x_wconf 87' lang='lat' dir='ltr'>D.</span> <span class='ocrx_word' id='word_1_283' title='bbox 1230 2711 1333 2745; x_wconf 81' lang='lat' dir='ltr'><strong>habet</strong></span> <span class='ocrx_word' id='word_1_284' title='bbox 1354 2711 1388 2745; x_wconf 88' lang='lat' dir='ltr'>F.</span> <span class='ocrx_word' id='word_1_285' title='bbox 1406 2710 1502 2755; x_wconf 71' lang='grc'>(49.)</span> <span class='ocrx_word' id='word_1_286' title='bbox 1809 2713 1841 2746; x_wconf 83' lang='grc'>8.</span> <span class='ocrx_word' id='word_1_287' title='bbox 1867 2713 1907 2746; x_wconf 85' lang='grc' dir='ltr'>τὰ</span> 
     </span>
     <span class='ocr_line' id='line_1_34' title="bbox 324 2757 1905 2803; baseline 0.001 -13.001"><span class='ocrx_word' id='word_1_288' title='bbox 324 2766 545 2803; x_wconf 69' lang='lat' dir='ltr'>assumptum</span> <span class='ocrx_word' id='word_1_289' title='bbox 564 2771 603 2792; x_wconf 81' lang='lat' dir='ltr'>ex</span> <span class='ocrx_word' id='word_1_290' title='bbox 626 2759 670 2793; x_wconf 88' lang='lat' dir='ltr'>D.</span> <span class='ocrx_word' id='word_1_291' title='bbox 959 2770 1009 2793; x_wconf 88' lang='lat'>12.</span> <span class='ocrx_word' id='word_1_292' title='bbox 1042 2759 1137 2793; x_wconf 82' lang='lat' dir='ltr'>Haec</span> <span class='ocrx_word' id='word_1_293' title='bbox 1154 2759 1198 2802; x_wconf 87' lang='grc' dir='ltr'>μὴ</span> <span class='ocrx_word' id='word_1_294' title='bbox 1216 2757 1542 2802; x_wconf 76' lang='grc' dir='ltr'>ε’παίρετε-(ὶδικιάν</span> <span class='ocrx_word' id='word_1_295' title='bbox 1560 2765 1780 2791; x_wconf 80' lang='lat' dir='ltr'>accesserunt</span> <span class='ocrx_word' id='word_1_296' title='bbox 1797 2770 1838 2792; x_wconf 88' lang='lat' dir='ltr'>ex</span> <span class='ocrx_word' id='word_1_297' title='bbox 1859 2759 1905 2792; x_wconf 90' lang='lat' dir='ltr'>D.</span> 
     </span>
     <span class='ocr_line' id='line_1_35' title="bbox 328 2804 1904 2863; baseline 0.001 -25"><span class='ocrx_word' id='word_1_298' title='bbox 328 2816 379 2846; x_wconf 69' lang='lat'><strong>14.</strong></span> <span class='ocrx_word' id='word_1_299' title='bbox 405 2820 444 2839; x_wconf 76' lang='grc' dir='ltr'>τι)</span> <span class='ocrx_word' id='word_1_300' title='bbox 463 2806 558 2850; x_wconf 81' lang='grc' dir='ltr'>κέρας</span> <span class='ocrx_word' id='word_1_301' title='bbox 581 2806 672 2839; x_wconf 86' lang='lat' dir='ltr'>Hic</span> <span class='ocrx_word' id='word_1_302' title='bbox 667 2818 733 2840; x_wconf 72' lang='lat' dir='ltr'>nnc</span> <span class='ocrx_word' id='word_1_303' title='bbox 752 2806 849 2840; x_wconf 81' lang='lat' dir='ltr'>initio</span> <span class='ocrx_word' id='word_1_304' title='bbox 867 2806 969 2840; x_wconf 82' lang='lat' dir='ltr'><strong>bodie</strong></span> <span class='ocrx_word' id='word_1_305' title='bbox 988 2807 1133 2839; x_wconf 72' lang='lat' dir='ltr'>mutilus</span> <span class='ocrx_word' id='word_1_306' title='bbox 1154 2806 1193 2840; x_wconf 88' lang='lat' dir='ltr'>C.</span> <span class='ocrx_word' id='word_1_307' title='bbox 1497 2804 1547 2838; x_wconf 89' lang='lat'>16.</span> <span class='ocrx_word' id='word_1_308' title='bbox 1574 2805 1732 2848; x_wconf 78' lang='grc' dir='ltr'>ἐξουσίαν</span> <span class='ocrx_word' id='word_1_309' title='bbox 1749 2805 1850 2863; x_wconf 86' lang='lat' dir='ltr'>(sic)</span> <span class='ocrx_word' id='word_1_310' title='bbox 1858 2805 1904 2839; x_wconf 94' lang='lat' dir='ltr'>D.</span> 
     </span>
     <span class='ocr_line' id='line_1_36' title="bbox 326 2850 1903 2898; baseline 0.001 -14.001"><span class='ocrx_word' id='word_1_311' title='bbox 326 2863 382 2884; x_wconf 79' lang='lat'><strong>21.</strong></span> <span class='ocrx_word' id='word_1_312' title='bbox 407 2855 473 2885; x_wconf 86' lang='grc' dir='ltr'>τῶν</span> <span class='ocrx_word' id='word_1_313' title='bbox 489 2865 558 2885; x_wconf 79' lang='lat' dir='ltr'><strong>om.</strong></span> <span class='ocrx_word' id='word_1_314' title='bbox 575 2853 615 2887; x_wconf 84' lang='lat' dir='ltr'>C.</span> <span class='ocrx_word' id='word_1_315' title='bbox 634 2853 763 2886; x_wconf 60' lang='lat' dir='ltr'><strong>habent</strong></span> <span class='ocrx_word' id='word_1_316' title='bbox 780 2853 823 2886; x_wconf 86' lang='grc' dir='ltr'>Ι).</span> <span class='ocrx_word' id='word_1_317' title='bbox 828 2853 862 2886; x_wconf 89' lang='lat' dir='ltr'>b.</span> <span class='ocrx_word' id='word_1_318' title='bbox 912 2854 997 2896; x_wconf 78' lang='grc' dir='ltr'>τὴνι</span> <span class='ocrx_word' id='word_1_319' title='bbox 989 2854 1046 2887; x_wconf 86' lang='lat' dir='ltr'><strong>alt.</strong></span> <span class='ocrx_word' id='word_1_320' title='bbox 1064 2852 1154 2887; x_wconf 80' lang='lat' dir='ltr'><strong>Edd.</strong></span> <span class='ocrx_word' id='word_1_321' title='bbox 1173 2855 1238 2886; x_wconf 86' lang='grc' dir='ltr'>τῶν</span> <span class='ocrx_word' id='word_1_322' title='bbox 1256 2850 1903 2898; x_wconf 53' lang='lat' dir='ltr'><strong>b.heutr111nl1zbet622.q3C.</strong></span> 
     </span>
     <span class='ocr_line' id='line_1_37' title="bbox 323 2879 1903 2943; baseline 0.002 -13"><span class='ocrx_word' id='word_1_323' title='bbox 323 2900 340 2929; x_wconf 78' lang='grc' dir='ltr'>ὁ</span> <span class='ocrx_word' id='word_1_324' title='bbox 364 2899 451 2932; x_wconf 72' lang='lat' dir='ltr'><strong>Edd.</strong></span> <span class='ocrx_word' id='word_1_325' title='bbox 504 2900 628 2933; x_wconf 73' lang='lat' dir='ltr'>Statim</span> <span class='ocrx_word' id='word_1_326' title='bbox 647 2900 786 2942; x_wconf 81' lang='grc' dir='ltr'>επίκλην</span> <span class='ocrx_word' id='word_1_327' title='bbox 803 2912 873 2933; x_wconf 82' lang='lat' dir='ltr'><strong>om.</strong></span> <span class='ocrx_word' id='word_1_328' title='bbox 898 2900 940 2934; x_wconf 80' lang='lat' dir='ltr'>l)</span> <span class='ocrx_word' id='word_1_329' title='bbox 1200 2910 1254 2943; x_wconf 87' lang='lat'>23.</span> <span class='ocrx_word' id='word_1_330' title='bbox 1282 2899 1379 2942; x_wconf 77' lang='grc' dir='ltr'>ἐπαρ.</span> <span class='ocrx_word' id='word_1_331' title='bbox 1400 2898 1445 2931; x_wconf 88' lang='lat' dir='ltr'>D.</span> <span class='ocrx_word' id='word_1_332' title='bbox 1450 2898 1484 2932; x_wconf 88' lang='lat' dir='ltr'>b.</span> <span class='ocrx_word' id='word_1_333' title='bbox 1505 2898 1533 2931; x_wconf 79' lang='lat' dir='ltr'>E</span> <span class='ocrx_word' id='word_1_334' title='bbox 1537 2898 1595 2931; x_wconf 85' lang='lat' dir='ltr'>dd.</span> <span class='ocrx_word' id='word_1_335' title='bbox 1613 2879 1843 2941; x_wconf 76' lang='grc' dir='ltr'>ιιπιιριθμοῦσι</span> <span class='ocrx_word' id='word_1_336' title='bbox 1862 2898 1903 2933; x_wconf 86' lang='lat' dir='ltr'>C.</span> 
     </span>
     <span class='ocr_line' id='line_1_38' title="bbox 325 2944 1903 2990; baseline 0.001 -12"><span class='ocrx_word' id='word_1_337' title='bbox 325 2955 378 2985; x_wconf 69' lang='lat'><strong>24.</strong></span> <span class='ocrx_word' id='word_1_338' title='bbox 406 2948 464 2979; x_wconf 70' lang='grc' dir='ltr'>τοῦ</span> <span class='ocrx_word' id='word_1_339' title='bbox 483 2958 551 2980; x_wconf 79' lang='lat' dir='ltr'>om.</span> <span class='ocrx_word' id='word_1_340' title='bbox 573 2947 612 2980; x_wconf 87' lang='lat' dir='ltr'>C.</span> <span class='ocrx_word' id='word_1_341' title='bbox 632 2947 735 2980; x_wconf 84' lang='lat' dir='ltr'><strong>habet</strong></span> <span class='ocrx_word' id='word_1_342' title='bbox 756 2947 788 2980; x_wconf 84' lang='lat' dir='ltr'>b.</span> <span class='ocrx_word' id='word_1_343' title='bbox 840 2948 921 2980; x_wconf 78' lang='grc' dir='ltr'>κατὰ</span> <span class='ocrx_word' id='word_1_344' title='bbox 951 2948 1069 2990; x_wconf 76' lang='grc' dir='ltr'>κράτος</span> <span class='ocrx_word' id='word_1_345' title='bbox 1095 2947 1133 2980; x_wconf 80' lang='grc' dir='ltr'>τὰ</span> <span class='ocrx_word' id='word_1_346' title='bbox 1159 2945 1381 2990; x_wconf 78' lang='grc' dir='ltr'>Ἱεροσολυμα</span> <span class='ocrx_word' id='word_1_347' title='bbox 1407 2944 1472 2979; x_wconf 85' lang='lat' dir='ltr'>hoc</span> <span class='ocrx_word' id='word_1_348' title='bbox 1500 2945 1619 2979; x_wconf 86' lang='lat' dir='ltr'>ordine</span> <span class='ocrx_word' id='word_1_349' title='bbox 1647 2945 1686 2979; x_wconf 94' lang='lat' dir='ltr'><strong>C.</strong></span> <span class='ocrx_word' id='word_1_350' title='bbox 1694 2945 1738 2979; x_wconf 85' lang='lat' dir='ltr'>D.</span> <span class='ocrx_word' id='word_1_351' title='bbox 1745 2945 1777 2980; x_wconf 91' lang='lat' dir='ltr'>b.</span> <span class='ocrx_word' id='word_1_352' title='bbox 1805 2960 1903 2980; x_wconf 83' lang='grc' dir='ltr'>κατα-</span> 
     </span>
     <span class='ocr_line' id='line_1_39' title="bbox 323 2993 954 3038; baseline 0.005 -15"><span class='ocrx_word' id='word_1_353' title='bbox 323 3005 449 3033; x_wconf 75' lang='grc' dir='ltr'>κριιτως</span> <span class='ocrx_word' id='word_1_354' title='bbox 469 2993 508 3025; x_wconf 75' lang='grc'>(’.</span> <span class='ocrx_word' id='word_1_355' title='bbox 748 2994 801 3027; x_wconf 79' lang='lat'><strong>26.</strong></span> <span class='ocrx_word' id='word_1_356' title='bbox 828 2994 894 3038; x_wconf 74' lang='grc' dir='ltr'>ἔφη</span> <span class='ocrx_word' id='word_1_357' title='bbox 915 2994 954 3027; x_wconf 67' lang='lat' dir='ltr'><strong>(J.</strong></span> 
     </span>
    </p>
   </div>
  </div>
 </body>
</html>
