2053 3382
299 151 384 191 596
650 196 653 197 ⁷
693 154 741 193 B.
787 153 1064 193 CYRILLI
1116 154 1497 196 ALEXANDR.
1766 152 1822 192 iii.
1851 166 1885 192 1.

299 258 509 325 ἄγγελον
534 259 682 326 γεμὴν
712 261 994 323 ὠνομᾶσθαί
1017 267 1175 330 φαμεν
1199 260 1281 311 τὸν
1307 262 1565 313 θεσπέσιον
1592 261 1886 324 Βαπτιστὴν,

300 342 354 392 οὐ
391 341 468 391 διά
503 364 557 407 γε
595 341 680 404 τὴν
719 341 884 408 φύσιν·
933 342 1184 409 γεγέννητο
1222 342 1316 408 γὰρ
1355 345 1403 394 ἐκ
1442 343 1672 408 γυναικὸς,
1713 344 1788 392 καὶ
1832 341 1890 405 ἧν

300 423 547 486 ἄνθρωπος
582 423 690 473 καθ’
716 423 854 486 ἡμᾶς·
899 426 1010 474 ἀλλ’
1040 423 1111 475 ὅτι
1143 423 1229 488 τὴν
1255 430 1338 476 τοῦ
1372 424 1431 475 τὰ
1457 424 1609 475 τοιάδε
1636 422 1886 488 διακηρύτ-

299 527 394 554 τειν
420 505 495 554 καὶ
523 504 851 569 ἀπαγγέλλειν
870 506 979 569 ἡμῖν
1005 507 1345 573 ἐγκεχείρισται
1370 506 1680 572 λειτουργίαν.
1725 507 1891 556 οὐκοῦν

299 586 393 636 ἀπὸ
420 591 502 637 τοῦ
527 587 807 652 πράγματος
834 588 861 651 ἡ
888 591 1075 651 κλῆσις,
1099 592 1175 639 καὶ
1202 589 1283 639 οὐκ
1316 589 1480 643 οὐσίας
1511 589 1721 654 ἄγγελον
1755 588 1889 640 ἔσται
1910 603 1932 641 5

300 667 585 733 σημαντική.

363 747 523 818 ἸΙ-ΙΞειν
551 749 701 815 γεμὴν
727 751 870 803 αὐτὸν
898 757 957 806 εἰς
990 751 1056 803 τὶν
1085 752 1178 804 ναὶν
1203 754 1334 804 arbro&
1366 756 1531 819 φησιν,
1557 750 1586 816 ἢ
1622 751 1691 803 ὅτι
1727 751 1890 817 γέγονε

298 830 434 900 σὰρξ
468 833 492 883 ὁ
528 832 698 899 Λόγος,
724 836 799 884 καὶ
840 833 1102 904 κατῴκησε,
1140 833 1350 901 καθάπερ
1388 836 1436 885 ἐν
1476 838 1583 903 ναῷ,
1618 837 1685 902 τῷ
1723 835 1770 884 ἐκ
1809 835 1892 896 τῆς

254 920 280 959 b
300 914 436 978 ἁγίας
471 915 708 980 παρθένου
742 916 970 985 πανάγνῳ
1006 917 1211 978 σώματι·
1259 916 1405 981 ἤγουν
1440 916 1674 984 ἀνθρώπῳ
1709 914 1888 983 τελείῳ,

299 999 365 1064 τῷ
392 997 442 1047 ἐκ
471 1000 632 1065 ψυχῆς
658 998 786 1063 λέγω
813 1001 888 1050 καὶ
916 998 1153 1061 σώματος,
1180 998 1369 1061 ἁμέσως
1405 1020 1452 1049 τε
1487 999 1561 1048 καὶ
1595 1000 1891 1059 οἰκονομικῶς
1916 1020 1963 1046 10

299 1078 513 1141 ἡνῶσθαι
556 1080 930 1151 πεπιστευμένῳ.
998 1079 1027 1144 ὴ
1073 1080 1165 1132 ναίον
1207 1081 1373 1134 ἁπλῶς
1418 1079 1629 1146 ὀνομάζει
1669 1077 1754 1142 τὴν
1795 1077 1892 1129 οἷον

300 1159 428 1225 ἱερὰν
455 1163 529 1212 καὶ
564 1163 865 1226 ἀνακειμένην
899 1164 1024 1232 αὐτῷ
1058 1161 1215 1224 πόλιν,
1242 1164 1390 1225 δῆλον
1424 1162 1472 1212 δὲ
1505 1162 1575 1212 ὅτι
1606 1159 1690 1222 τὴν
1714 1161 1886 1224 Ἰερου-

300 1242 486 1306 σαλήμ·
530 1243 677 1309 ἤγουν
705 1247 767 1298 ὡς
793 1246 842 1295 ἐν
867 1244 1000 1314 τύπῳ
1026 1248 1092 1314 τῷ
1117 1245 1236 1310 πρὸς
1266 1245 1440 1308 ἐκείνην
1464 1242 1551 1306 τὴν
1575 1242 1887 1306 Ἐκκλησίαν.

300 1325 496 1376 ἐποιεῖτο
521 1325 568 1376 δὲ
597 1329 678 1389 τῆς
706 1327 871 1378 ἑαυτοῦ
896 1328 1160 1393 παρουσίας
1187 1325 1273 1390 τὴν
1298 1326 1558 1393 ἀνάρρησιν
1578 1323 1892 1389 πολυτρόπως

75 1417 237 1491 ᾗΜΖΜῐῙὶ-
301 1411 640 1472 τερατουργῶν,
669 1414 696 1436 “
714 1407 972 1472 κηρύσσων
1005 1407 1059 1458 τὸ
1096 1408 1373 1473 εὐαγγέλιον
1405 1410 1487 1470 τῆς
1520 1407 1786 1468 βασιλείας,
1816 1406 1890 1455 καὶ
1915 1423 1962 1463 15

113 1486 119 1492 ’
162 1471 191 1501 3·
302 1496 329 1518 ‘⁶
356 1489 624 1554 θεραπεύων
649 1494 813 1541 πᾶσαν
839 1490 984 1540 νόσον
1017 1493 1091 1540 καὶ
1123 1494 1288 1540 πᾶσαν
1312 1490 1550 1552 μαλακίαν
1574 1490 1622 1539 ἐν
1647 1492 1714 1556 τῷ
1746 1487 1889 1556 λαῷ,”

262 1592 283 1619 c
303 1570 424 1622 καθὰ
451 1570 727 1637 γέγραπται.
780 1571 865 1640 ἥξει
892 1572 1048 1622 τοίνυν
1075 1574 1227 1638 φησὶν
1254 1572 1278 1621 ὁ
1309 1571 1456 1640 Κύριος
1487 1573 1526 1622 ’ἐν
1553 1573 1672 1633 ὑμεῖς
1708 1570 1888 1639 ζητεῖτε,

76 1652 233 1735 sssspmfl·
302 1653 518 1718 λέγοντες
558 1654 608 1703 ἐκ
646 1654 964 1721 μικροψυχίας
1004 1660 1031 1682 “
1054 1657 1158 1704 Ποῦ
1197 1654 1327 1703 ἐστιν
1367 1654 1391 1703 ὁ
1432 1650 1552 1706 Θεὸς
1590 1654 1673 1714 τῆς
1712 1653 1885 1700 δικαιο-

302 1742 329 1764 “
353 1735 500 1799 σύνης
523 1733 565 1796 ;”
607 1735 692 1804 ἥξει
728 1734 776 1786 δὲ
814 1734 1052 1786 διδάσκων
1076 1734 1136 1785 τὰ
1169 1733 1283 1800 ὑπὲρ
1315 1733 1458 1798 νόμον
1485 1736 1560 1785 καὶ
1594 1733 1653 1784 τὰ
1684 1733 1892 1785 ἐπέκεινα

301 1821 440 1870 σκιᾶς
478 1819 554 1868 καὶ
592 1817 768 1868 τύπων.
833 1816 966 1867 ἔσται
1002 1817 1096 1882 γὰρ
1132 1814 1336 1876 διαθήκης
1375 1816 1582 1881 ἄγγελος
1620 1818 1703 1880 τῆς
1740 1815 1890 1867 πάλαι
1913 1838 1961 1863 20

301 1899 694 1964 προηγγελμένης
728 1898 803 1949 διὰ
839 1902 999 1967 φωνῆς
1034 1904 1117 1949 τοῦ
1145 1903 1270 1949 Θεοῦ
1307 1900 1382 1949 καὶ
1412 1898 1618 1963 Πατρός.
1673 1897 1764 1964 ε”φη
1798 1895 1891 1963 γάρ

1181 1980 1193 1996 Ι

79 1982 170 2012 Dent
500 1980 512 1994 ⁸
615 1980 627 1994 ⁸
695 1984 704 1996 ‘
848 1979 861 1994 Ι
1245 1987 1273 2009 ιι
1457 1979 1468 1995 ‘
1627 1980 1637 1994 ’
1699 1984 1718 1993 Α
1787 1981 1797 1995 ’

175 2006 181 2012 ·
301 2003 394 2032 που
428 2004 546 2047 προς
582 2004 664 2031 τον
693 1985 975 2049 ιεροφαντην
1004 1985 1219 2032 Μωυσεα
1295 1984 1558 2049 Προφητην
1584 2002 1736 2033 αυτοις
1771 2003 1888 2030 ανα-

79 2025 166 2056 xviii.
186 2026 234 2056 18.

303 2070 330 2092 “
357 2062 529 2126 στήσω
563 2064 614 2113 ἐκ
647 2067 742 2112 τῶν
768 2065 990 2130 ἀδελφῶν
1016 2063 1170 2113 αὐτῶν
1195 2060 1360 2128 ὥσπερ
1395 2061 1472 2124 σὲ,
1502 2061 1578 2112 καὶ
1614 2061 1749 2126 θήσω
1784 2059 1893 2115 τοὺς

303 2152 330 2174 “
357 2143 531 2208 λόγους
562 2167 653 2207 μου
687 2149 749 2198 εἷς
783 2143 837 2195 τὸ
872 2144 1032 2208 στόμα
1069 2145 1223 2206 αὐτοῦ,
1249 2146 1324 2195 καὶ
1359 2143 1565 2208 λαλήσει
1591 2144 1744 2196 αὐτοῖς
1770 2142 1890 2193 κατὰ

305 2234 332 2256 “
356 2225 513 2278 πάντα
539 2226 634 2277 ὅσα
661 2224 717 2277 ἂν
737 2226 1010 2290 ἐντείλωμαι
1035 2227 1200 2294 αὑτῲ.”
1230 2226 1300 2276 ὅτι
1327 2225 1374 2276 δὲ
1398 2228 1555 2288 καινῆς
1577 2222 1778 2285 διαθήκης
1799 2223 1889 2290 0⁵27-
1912 2248 1960 2286 25

259 2321 285 2361 sl
304 2322 440 2375 γελος
467 2308 524 2372 ἧν
552 2310 576 2359 ὁ
603 2308 830 2374 Χριστὸς,
852 2313 1081 2376 σαφηνιεῖ
1101 2309 1257 2373 λέγων
1281 2309 1356 2358 καὶ
1384 2308 1408 2357 ὁ
1434 2306 1657 2372 μακάριος
1682 2306 1892 2360 Ἡσαΐας

81 2395 199 2477 ξςὸίῐ·
304 2393 409 2456 περὶ
448 2391 589 2442 αὐτοῦ
622 2388 783 2441 ““On
820 2395 986 2441 πᾶσαν
1018 2389 1204 2453 στολὴν
1239 2391 1615 2454 ἐπισυνηγμενην
1650 2388 1776 2458 δόλῳ
1815 2390 1891 2439 καὶ

103 2462 111 2476 ,
154 2463 161 2470 .

307 2479 333 2501 “
362 2472 545 2534 ἱμάτιον
577 2471 696 2536 μετὰ
731 2474 1039 2537 καταλλαγῆς
1075 2473 1380 2534 ἀποτίσουσι,
1417 2472 1492 2521 καὶ
1529 2469 1822 2534 θελήσουσιν
1854 2474 1891 2521 εὶ

305 2560 332 2582 “
359 2553 651 2617 ἐγενήθησαν
684 2554 1008 2619 πυρίκαυστοι.
1063 2553 1132 2604 ὅτι
1171 2554 1356 2604 παιδίον
1390 2551 1613 2617 ἐγεννήθη
1647 2552 1769 2615 ἡμῖν,
1796 2550 1891 2605 υἱὸς

306 2641 332 2663 “
357 2636 432 2684 καὶ
459 2633 596 2698 ἐδόθη
623 2635 746 2697 ἡμῖν,
769 2635 822 2685 οὗ
850 2635 878 2698 ἡ
899 2634 1021 2702 ἀρχὴ
1047 2636 1121 2686 ἐπὶ
1148 2641 1231 2685 τοῦ
1256 2632 1386 2698 ὤμου
1412 2635 1567 2696 αὑτοῦ,
1587 2634 1662 2683 καὶ
1682 2636 1889 2683 καλεῖται
1910 2652 1960 2688 3ο

354 2828 385 2851 2.
411 2817 586 2863 γεγένηται
604 2817 697 2853 Edd.
922 2828 955 2863 5.
981 2818 1138 2864 ἀγγέλων
1155 2818 1213 2853 iid.
1451 2826 1483 2863 7.
1508 2817 1608 2852 αὐτὸν
1624 2817 1769 2851 accessit
1786 2829 1827 2851 ex
1847 2817 1889 2852 Β.

309 2874 362 2897 11.
390 2865 534 2898 ἑνῶσθιιι
553 2865 645 2899 Edd.
665 2871 744 2899 ante
763 2864 898 2910 Migne.
1011 2874 1063 2910 17.
1089 2866 1199 2910 φησὶν
1216 2867 1234 2898 ὁ
1253 2864 1376 2909 Κύριος
1393 2864 1459 2899 hoc
1477 2864 1598 2899 ordine
1617 2863 1659 2898 B.
1769 2873 1823 2907 25.
1850 2864 1890 2899 ἂν

306 2916 528 2955 assumptum
546 2923 587 2945 ex
609 2911 650 2945 B.
787 2921 912 2956 27-29.
939 2912 1261 2955 ὅτι-πυρίκαυστοι
1279 2923 1349 2946 om.
1370 2911 1411 2945 B.
1547 2921 1604 2955 30.
1630 2910 1648 2953 ἡ
1667 2918 1889 2956 assumptum

306 2966 346 2987 ex
368 2955 409 2989 Β.
474 2956 579 3001 ἀρχὴ]
605 2962 640 2997 ÷
663 2957 801 3002 ἐγενήθη
823 2958 1039 2992 1⁴]dd.invito
1059 2958 1099 2991 B.
1122 2959 1182 3002 (90
1199 2958 1264 3001 al.)
