1997 3361
94 127 118 167 i.
142 144 180 179 4.
474 134 544 174 IN
587 136 1001 180 SOPIIONIAM.
1062 141 1213 180 TOM.
1249 141 1281 181 1.
1591 144 1665 182 173

92 239 208 290 θεῖος
247 243 623 310 προσπεφώνηκε
661 245 803 311 λόγος
832 255 857 276 “
876 249 1004 313 Ἐγὼ
1037 247 1143 300 εἶπα
1182 250 1298 301 Θεοί
1331 252 1438 300 ἐστε
1470 251 1544 300 καὶ
1578 252 1661 300 υἱοὶ

91 325 118 346 “
144 319 386 388 εΥψίστου
411 325 600 389 πάντες,
632 329 755 391 ὑμεῖς
782 330 828 380 δὲ
856 330 911 394 δὴ
940 334 1001 384 ὡς
1031 333 1265 398 ἅνθρωποι
1294 332 1659 397 άποθνήσκετε.”

89 405 184 451 τῶν
207 402 300 469 γὰρ
327 406 471 471 ἁγίων
496 409 785 474 ἀνθρώπινος
810 411 892 475 μὲν
926 416 1008 464 οὐκ
1043 414 1122 477 ἔτι,
1150 415 1374 481 θειότερος
1400 414 1447 465 δὲ
1471 420 1662 478 μᾶλλον

90 485 164 533 καὶ
189 489 494 548 πνευματικὸς
519 492 543 541 ὁ
569 491 688 551 βίος·
730 494 855 560 εἴπερ
890 496 1019 546 ἐστὶν
1050 495 1232 560 ἀληθὲς,
1258 500 1319 550 ὡς
1352 504 1662 563 περιπατοῦσι

48 576 70 613 5
88 564 172 627 μὲν
198 568 245 616 ἐν
271 572 431 635 σαρκὶ,
461 571 575 637 ζῶσι
602 573 649 624 δὲ
676 577 727 626 οὐ
755 576 872 627 κατὰ
899 577 1067 643 σάρκα,
1094 579 1212 630 κατὰ
1238 578 1291 629 τὸ
1323 580 1659 645 γεγραμμένον·

88 647 249 715 ε”χουσι
285 650 331 701 δὲ
367 657 557 715 μᾶλλον
598 657 646 706 ἐν
691 659 899 723 οὐρανοῖς
942 659 995 709 τὸ
1033 662 1311 724 πολίτευμα·
1360 664 1479 722 κτήνη
1519 662 1565 713 δὲ
1604 663 1662 713 αὖ

87 729 192 785 τοὺς
231 735 406 803 ἀμαθίᾳ
443 742 606 806 πολλῇ
646 739 797 805 συζῆν
835 742 1070 804 εἰωθότας,
1099 745 1174 793 καὶ
1206 748 1363 797 νωθεῖς
1389 744 1473 808 τὴν
1500 745 1660 813 φρένα,

85 815 189 878 περὶ
228 812 292 864 ὧν
330 818 457 884 φησί
490 819 563 870 διὰ
601 825 759 889 φωνῆς
789 829 871 874 τοῦ
897 825 1071 874 Δαυείδ
1111 823 1430 891 ςς’Ἀνθρωπος
1469 829 1515 877 ἐν
1550 832 1660 896 τιμῇ

87 900 113 923 cc
155 894 172 913 ἢ

19 983 112 1025 ἰο“
138 980 213 1028 καὶ
254 982 469 1047 ὡμοιώθη
508 986 707 1039 αὐτοῖς·”
747 989 1104 1052 προσεπιτάττει
1143 989 1192 1040 δὲ
1231 990 1383 1056 λέγων
1417 999 1442 1020 “
1465 992 1550 1056 Μὴ
1588 994 1658 1059 γί-

85 1066 112 1088 “
137 1065 273 1113 νεσθε
301 1066 362 1117 ὡς
387 1064 527 1119 ἵππος
553 1069 628 1118 καὶ
660 1068 859 1132 ἡμίονος,
886 1068 952 1123 οἷς
983 1071 1064 1121 οὐκ
1092 1071 1194 1122 ἔστι
1220 1073 1456 1126 σύνεσις.”
1516 1076 1659 1135 πτηνὰ.

83 1141 131 1193 δὲ
176 1143 231 1207 δὴ
275 1146 560 1210 λογιούμεθα
606 1149 712 1203 τοὺς
749 1152 1009 1217 ἐπηρμένην
1046 1176 1095 1203 τε
1140 1156 1214 1204 καὶ
1258 1159 1390 1206 οἱονεὶ
1429 1158 1658 1224 μετέωρον

80 1223 271 1292 ἔχοντας
312 1228 472 1295 φρένα,
519 1233 593 1280 καὶ
636 1233 760 1301 ὑψοῦ
803 1233 888 1297 μὲν
930 1234 1156 1302 φέρεσθαι
1194 1238 1538 1302 μεμελετηκότα
1576 1239 1657 1290 τὸν

82 1312 202 1369 νοῦν,
229 1311 304 1359 καὶ
338 1315 432 1365 τοῖς
465 1319 695 1367 ταπεινοῖς
721 1315 1083 1382 συναπάγεσθαι
1109 1319 1494 1384 παραιτούμενον.
1554 1344 1650 1372 τοι·

16 1406 61 1443 15
83 1392 242 1441 ουτοσὶ
269 1393 324 1442 δέ
342 1416 442 1447 πως
468 1395 492 1444 ὁ
519 1394 719 1461 ἀλαζὼν,
748 1400 823 1448 καὶ
857 1403 951 1452 τοῖς
989 1403 1071 1464 τῆς
1110 1405 1356 1463 θεομισοῦς
1395 1404 1655 1472 ὑπεροψίας

81 1471 375 1537 ἐγκλήμασιν
425 1477 696 1543 ὁλοτρόπως
738 1480 1053 1548 ε’νισχημένος.
1121 1484 1282 1552 ἐκδέξῃ
1326 1483 1375 1535 δὲ
1417 1488 1492 1536 καὶ
1532 1485 1654 1550 ἰχθῦς

81 1551 166 1616 τὴν
190 1556 498 1622 άλογωτάτην
515 1561 719 1623 πληθύν·
762 1562 1043 1629 ἀφωνότατα
1070 1564 1117 1615 δὲ
1142 1570 1235 1616 τῶν
1256 1567 1427 1634 ἰχθύων
1443 1567 1501 1617 τὰ
1527 1568 1651 1632 γένη·

76 1641 273 1688 τοιοῦτοι
312 1639 359 1690 δέ
397 1643 472 1691 καὶ
510 1645 550 1692 οἱ
584 1645 774 1706 πολλοὶ,
803 1644 845 1694 οἳ
883 1646 1091 1711 καθάπερ
1132 1648 1344 1717 θαλάττῃ
1371 1651 1458 1700 τινὶ
1485 1654 1542 1717 τῇ
1569 1657 1690 1705 τοῦθ

76 1717 180 1777 βίον
223 1720 373 1789 τύρβῃ
415 1723 742 1791 περιχεόμενοι,
782 1728 858 1777 καὶ
898 1727 983 1791 τὴν
1024 1729 1241 1795 ἁλμυράν
1278 1754 1326 1781 τε
1365 1733 1439 1782 καὶ
1480 1732 1651 1798 πικρὰν

11 1818 59 1843 20
76 1804 169 1850 τῶν
206 1803 252 1852 ἐν
291 1805 406 1871 αὐτῇ
443 1806 733 1871 πραγμάτων
758 1809 927 1873 ἡδονὴν
951 1809 1238 1880 τρεφόμενοι,
1266 1818 1362 1868 τοῖς
1398 1820 1480 1865 τοῦ
1508 1814 1650 1866 θανά-

74 1904 157 1933 του
190 1884 459 1950 τετήρηνται
496 1889 654 1951 λίνοις,
680 1889 877 1956 ὄλεθρον
911 1892 1092 1960 ἔχοντες
1130 1900 1212 1945 τοῦ
1249 1896 1355 1956 βίου
1393 1895 1447 1947 τὸ
1485 1897 1642 1964 πέρας.

75 1964 199 2015 οῦτοι
225 1965 280 2030 δὴ
313 1968 393 2017 οὖν
427 1968 721 2040 ε’κλείψουσι,
746 1972 912 2036 ποινὴν
945 1976 1012 2025 ἐπ’
1041 1975 1203 2029 αὐτοὺς
1240 1978 1383 2032 ἱέντος
1411 1982 1546 2042 Θεοῦ,
1573 1982 1648 2030 καὶ

74 2047 282 2114 κολάζειν
321 2050 551 2117 ᾑρημένου
589 2052 758 2104 λοιπὸν
798 2057 859 2108 ὡς
897 2057 1084 2122 ἀσελγῆ
1126 2061 1201 2109 καὶ
1239 2059 1510 2112 ἀκόλαστον
1551 2062 1646 2128 τρί-

74 2132 245 2187 βοντας
269 2132 388 2194 βίον,
416 2135 490 2183 καὶ
516 2135 818 2201 παροτρύνειν
844 2137 984 2189 αὐτὸν
1010 2140 1062 2189 οὐ
1088 2141 1494 2206 παραιτουμένους.

7 2307 55 2344 25
79 2297 150 2338 Καὶ
193 2302 353 2342 ἐκτενῶ
398 2304 470 2343 τήν
515 2302 631 2360 χεῖρά
676 2321 754 2353 μου
804 2307 873 2347 ἐπὶ
908 2308 1072 2350 Ἰούδαν
1117 2310 1183 2350 καὶ
1225 2311 1293 2351 ἐπὶ
1338 2313 1499 2353 Πάντας
1543 2315 1681 2364 τοὺε4

121 2473 151 2496 2.
176 2463 215 2505 δὴ
233 2476 300 2498 om.
318 2465 359 2500 B.
377 2466 506 2501 habent
523 2467 564 2508 E,
583 2479 601 2502 e
619 2481 688 2514 quo
706 2470 893 2515 assumpsit
911 2470 1101 2512 Ambenus,
1121 2473 1168 2507 D.
1450 2486 1482 2520 5.
1508 2479 1589 2511 κατὰ
1603 2480 1641 2512 τὸ

72 2511 299 2554 γεγραμμένον
316 2514 571 2558 assumpsimus
589 2527 629 2548 ex
648 2516 734 2550 Β.Ε.
951 2527 981 2563 7.
1006 2519 1147 2562 ἅμαθεια
1167 2521 1207 2554 Ε.
1256 2523 1360 2565 συζῆν
1377 2523 1534 2558 εἷωθότας
1554 2525 1639 2559 Β.Ε.

73 2557 240 2597 συζῶντας
258 2558 348 2593 Edd.
515 2573 547 2606 9.
572 2564 973 2609 παρεσυνεβλ.-ιιύτοῖς]
994 2567 1046 2599 καὶ
1064 2567 1103 2600 τὰ
1121 2567 1198 2610 ἑξῆς
1216 2567 1309 2602 Edd.
1357 2571 1639 2615 παρεσυνεβλὴθη

73 2601 114 2635 Ε.
132 2603 270 2649 (Alex.)
287 2609 520 2649 παρασυνεβλ.
539 2608 581 2642 Β.
804 2621 856 2644 12.
882 2612 1075 2657 Assumpta
1091 2614 1129 2656 δὴ
1147 2626 1188 2647 ex
1208 2614 1266 2653 D„
1285 2629 1320 2647 τε
1338 2627 1378 2648 ex
1399 2616 1484 2650 Β.Ε.
1533 2618 1584 2651 ε’π.
1603 2633 1637 2652 τε

72 2649 124 2681 καὶ
141 2650 239 2684 οἱονεὶ
256 2663 324 2686 om.
345 2653 390 2686 D.
620 2666 671 2700 13.
696 2656 755 2699 μὲν
773 2664 993 2701 assumptum
1011 2671 1051 2692 ex
1071 2659 1117 2693 D.
1166 2662 1637 2707 μεμελετηκότα-παραιτού-

71 2708 167 2736 μενον
184 2697 274 2731 D.E.
291 2701 879 2746 μεμελετηκότας-παριιιτουμένους
898 2704 938 2738 Β.
958 2704 1048 2739 Edd.
1272 2717 1323 2749 15.
1348 2723 1418 2743 πως
1431 2709 1448 2741 ὁ
1464 2709 1504 2743 Ε.
1517 2712 1581 2746 πᾶς
1594 2711 1635 2746 Β.

73 2740 162 2776 Edd.
316 2746 367 2780 16.
394 2747 510 2791 ε’νησχ.
530 2748 571 2781 Ε.
619 2749 747 2792 ἐκδέξει
763 2750 804 2784 Ε.
965 2762 1017 2794 19.
1042 2754 1273 2797 περιχεάμενοι
1292 2754 1378 2789 Β.Ε.
1395 2769 1523 2801 περιεχ.
1542 2757 1634 2792 Edd.

74 2797 127 2821 20.
152 2790 231 2833 αὐτῇ
254 2790 294 2825 Β.
313 2793 400 2840 αὐτῷ
420 2793 460 2828 Ε.
480 2794 571 2828 Edd.
622 2795 746 2830 Statim
763 2797 918 2841 πράξεων
936 2797 1027 2832 Edd.
1360 2812 1413 2835 22.
1440 2802 1479 2845 δὴ
1497 2815 1567 2838 om.
1587 2805 1633 2839 D.

74 2843 127 2877 23.
152 2838 300 2879 κολάζειν
323 2838 487 2882 ᾗρημένου
511 2843 632 2876 λοιπὸν
650 2842 734 2876 Β.Ε.
764 2842 951 2887 [ειρημενου
968 2856 1030 2888 pro
1051 2856 1145 2878 more
1162 2844 1221 2890 E.]
1249 2847 1400 2890 κολάζειν
1417 2848 1574 2886 θέλοντος
1591 2852 1635 2886 ὡς·

72 2878 228 2926 ἀσελγεῖν
244 2886 406 2919 omittens
424 2888 554 2933 reliqua
572 2888 617 2923 D.
637 2890 834 2931 κολάζοντος
853 2890 1064 2931 (omittentes
1081 2890 1133 2934 ᾐρ.
1151 2893 1200 2934 λ.)
1221 2893 1310 2927 Edd.
1375 2895 1428 2929 καὶ
1445 2895 1636 2933 ἀκόλαστον

68 2936 248 2974 assumpta
265 2942 304 2965 ex
324 2931 408 2966 Β.Ε.
617 2946 670 2980 25.
695 2935 823 2971 Ἰούδαν
842 2936 976 2971 B.D.E.
996 2937 1035 2981 (N
1054 2937 1159 2983 XII.)
1176 2938 1284 2974 Ἰούδα
1303 2940 1393 2975 Edd.

138 918 202 945 ων
239 898 293 947 οὐ
331 904 518 964 συνῆκε,
553 904 945 970 παρεσυνεβλήθη
979 912 1074 960 τοῖς
1109 907 1298 972 κτήνεσι
1329 914 1423 963 τοῖς
1450 910 1659 974 ἀνοήτοις
1679 925 1705 965 d

1729 269 1885 300 l'.÷.]x>:xi.

1727 514 1742 534 2
1761 506 1832 536 Cor.

1724 559 1753 579 x.
1770 559 1800 587 3.

1723 839 1883 872 Psaxlviii.

1728 892 1773 922 13,
1796 894 1844 916 21.

1721 1005 1774 1037 ΡΞ.
1788 1008 1876 1038 xxxi.

1720 1059 1748 1090 9.

1718 1335 1813 1364 Rom.

1717 1379 1770 1409 xii.
1794 1378 1842 1409 16.
