1997 3361
92 133 187 185 ii-:3-
542 136 614 176 IN
662 137 938 177 ABACUC.
998 136 1148 177 ΤοΜ.
1188 136 1216 177 ι.
1613 135 1665 173 95

90 249 116 271 “
137 241 249 292 ὅταν
274 244 390 312 ε”λθῃ
416 244 474 295 τὰ
501 246 703 310 ἀγαθά.”
745 248 769 296 ὁ
794 246 842 296 δὲ
869 247 1088 312 κρείττων
1123 245 1262 296 ὄκνου
1297 246 1371 295 καὶ
1405 241 1666 303 όποσ-τολῆς,

88 327 163 374 καὶ
201 324 285 389 τὴν
322 331 384 379 εἰς
422 327 562 377 αὑτὸν
594 328 783 393 ἀγάπην
817 331 892 378 καὶ
927 329 1089 379 πίστιν
1127 332 1187 381 εἰς
1223 333 1330 377 νοῦν
1364 328 1438 376 καὶ
1474 326 1667 391 καρδίαν

88 408 470 471 εἰσοικισάμενος,
517 410 780 460 ἁντέκτισιν
828 412 919 477 ἔχει
963 414 1045 473 τῆς
1095 412 1284 461 τοιᾶσδε
1333 409 1537 472 γνώμης,
1590 409 1665 457 καὶ

88 488 226 553 γε’ρας
256 490 488 557 ἐξαίρετον
512 491 597 555 τὴν
623 492 858 557 ἀμήρυτον
886 491 1017 557 ζωὴν,
1044 495 1118 542 καὶ
1152 492 1239 555 τὴν
1264 495 1357 541 τῶν
1383 497 1666 553 πλημμελη-

48 583 70 620 5
88 571 247 631 μάτων
273 572 513 635 ἀπόθεσιν,
539 576 613 624 καὶ
637 572 719 624 τὸν
746 573 821 624 διὰ
840 574 1111 636 Πνεύματος
1138 572 1391 639 ἁγιασμόν.
1434 570 1666 622 δεδικαιώ-

88 656 208 715 μεθα
233 653 324 719 γὰρ
353 662 378 684 “
396 656 477 706 οὐκ
504 657 560 724 ἐξ
581 655 729 721 ἔργων
766 654 948 719 νόμου,”
977 655 1096 706 κατα
1134 655 1187 705 τὸ
1219 656 1555 720 γεγραμμένον,
1591 652 1666 703 διὰ
1727 660 1800 735 (Ῐᾶὁῑῐυ
1821 661 1868 691 ῑῑῑ-

88 735 292 790 πίστεως
327 737 374 787 δὲ
412 742 601 799 μᾶλλον
636 740 717 800 τῆς
755 741 816 791 εἰς
851 739 1078 804 Χριστόν.
1135 740 1209 787 καὶ
1257 738 1364 787 “Ὁ
1408 735 1491 799 μὲν
1527 736 1665 798 νόμος
1730 730 1877 807 1ῑ]Ᾰ”·-ἰν-

89 824 116 845 “
144 817 290 883 ὀργὴν
324 819 686 886 κατεργάζεταιῖ
721 824 858 870 καλεῖ
891 819 984 885 γὰρ
1023 824 1085 872 εἰς
1123 820 1250 872 δίκας
1283 817 1389 872 τοὺς
1426 819 1662 883 παραβαί-
1685 848 1707 874 ρ
1771 816 1777 822 ’

90 921 266 962 νοντας,
292 902 510 970 ἐξίστησι
545 900 591 952 δὲ
629 900 715 965 τὴν
753 901 898 968 ὀργὴν
936 903 963 966 ἡ
1003 900 1149 969 χάρις,
1176 901 1360 951 λύουσα
1391 900 1450 951 τὰ
1490 899 1662 965 ἐγκλή-

26 1007 72 1032 ιο
88 1004 228 1042 ματα.

83 1109 138 1150 ‘O
166 1109 209 1150 δὲ
239 1113 516 1160 κατοιόμενοε
544 1111 607 1152 καὶ
641 1110 986 1168 καταφρονΗτὲιε,
1013 1110 1122 1167 ἀνὴρ
1154 1110 1321 1168 ἀλαζὼν
1360 1110 1482 1151 οὐθὲν
1526 1110 1572 1150 οὐ
1607 1110 1662 1158 μὴ

1687 1124 1708 1160 cl

157 1193 335 1251 Περάνῌ.

164 1304 601 1369 Προκαταμηνύσας
627 1304 697 1355 ὅτι
722 1304 952 1371 παρέσται
988 1304 1106 1355 κατὰ
1141 1302 1325 1370 καιροὺς
1348 1303 1372 1353 ὁ
1398 1324 1667 1368 προκατηγ-

89 1387 328 1452 γελμένος,
355 1386 638 1437 καταλύσων
661 1386 721 1437 τὰ
746 1386 1007 1453 σκυθρωπὰ
1033 1389 1108 1437 καὶ
1133 1386 1452 1450 ταλαιπωρίας
1477 1383 1668 1448 ἁπάσης

25 1486 71 1524 15
89 1469 427 1519 ἀπαλλάσσων
452 1467 559 1522 τοὺς
593 1469 1021 1534 συντετριμμένους,
1049 1468 1351 1532 διαμέμνηται
1385 1465 1553 1517 λοιπὸν
1583 1472 1667 1516 τοῦ

87 1550 449 1617 πεπορθηκότος,
494 1553 568 1601 καὶ
614 1555 707 1602 πᾶν
756 1549 873 1604 εἶδος
920 1551 1256 1617 ἀπανθρωπίας
1305 1551 1380 1600 καὶ
1426 1549 1666 1612 ὠμότητος

88 1636 427 1699 θηριοπρεποῦς
451 1637 513 1686 εἷς
538 1633 704 1687 αὐτοὺς
741 1631 952 1687 ἅπαντας
990 1630 1418 1698 ἐκπεπληρωκότος.
1483 1631 1661 1695 σημαί-

88 1737 212 1765 νεται
251 1714 298 1765 δὲ
337 1715 412 1765 διὰ
442 1716 618 1766 τούτων
646 1718 893 1781 ἱστορικῶς
925 1713 1008 1777 μὲν
1034 1716 1059 1765 ὁ
1084 1715 1293 1778 βέβηλος
1326 1715 1399 1764 καὶ
1435 1711 1664 1780 θεομάχος
1684 1722 1711 1762 (1

90 1795 536 1864 Ναβουχοδονόσορ,
565 1801 741 1862 νοητῶς
779 1797 827 1848 δὲ
865 1796 1012 1848 πάλιν
1048 1797 1072 1846 ὁ
1106 1799 1330 1849 σατανᾶς.
1394 1796 1664 1862 κατσιᾶμενον

22 1903 71 1927 20
89 1877 136 1927 δὲ
166 1883 242 1928 καὶ
274 1877 610 1947 καταφρονητὴν
636 1882 711 1929 καὶ
738 1880 934 1949 ἀλαζόνα
960 1883 1106 1940 καλεῖ,
1134 1879 1209 1928 καὶ
1240 1875 1434 1945 σφόδρα
1460 1876 1660 1929 εἰκότως.

88 1958 180 2025 ἔχει
205 1958 298 2024 γὰρ
325 1957 412 2010 ὧδε
442 1963 500 2027 τῇ
538 1960 694 2029 φύσει,
721 1959 809 2012 κᾶν
833 1965 869 2011 εὶ
902 1959 971 2012 ἐπ’
1000 1962 1141 2011 αὐτοῦ
1178 1964 1328 2010 νοοῖτο
1363 1964 1445 2009 τοῦ
1479 1963 1665 2008 σατανᾶ

87 2044 181 2091 τῶν
219 2039 381 2106 λόγων
419 2041 446 2105 ἡ
485 2042 696 2104 δύναμις,
738 2041 826 2093 κᾶν
868 2042 956 2094 εἴτε
993 2065 1066 2096 τις
1105 2041 1238 2107 λέγοι
1274 2040 1357 2091 τὸν
1397 2040 1544 2105 ἄνδρα
1582 2037 1664 2090 τὸν

89 2123 411 2184 Βαβυλώνιον.
465 2126 729 2190 κατοιάμενον
756 2125 811 2174 δέ
829 2129 951 2192 φησι
978 2123 1060 2175 τὸν
1084 2126 1190 2190 περὶ
1211 2121 1351 2173 αὐτὸν
1376 2121 1404 2186 ἢ
1431 2121 1664 2184 ληματιάν

87 2204 116 2270 ἢ
143 2203 318 2266 βλάκα,
349 2204 670 2274 καταφρονητῆν
709 2204 758 2255 δὲ
789 2204 936 2256 πάλιν
972 2207 1046 2257 καὶ
1075 2206 1280 2275 ἀλαζόνα,
1307 2206 1369 2257 ὡς
1395 2205 1444 2254 ἐκ
1477 2204 1664 2266 πολλῆς

23 2308 70 2346 25
91 2287 213 2352 ἄγαν
250 2286 425 2356 ὀφρύος
465 2289 540 2337 καὶ
580 2286 788 2338 διακένου
823 2288 1104 2355 φυσήματος
1144 2288 1236 2338 οὐδ’
1274 2285 1390 2336 ὅσον
1425 2288 1564 2335 εἰπεῖν
1602 2287 1662 2337 εἷς
1682 2312 1704 2338 e

92 2374 201 2420 νοῦν
240 2368 358 2436 ἔχειν
397 2366 619 2420 ἐθέλοντα
662 2367 747 2433 τὴν
788 2369 1073 2436 ἀσύγκριτον
1118 2367 1349 2436 ὑπεροχὴν
1388 2372 1470 2417 τοῦ
1507 2365 1663 2417 πάντα

138 2512 172 2547 8.
198 2527 331 2558 κατεργ.
349 2513 452 2559 ὀργὴν
470 2512 517 2547 D.
731 2523 743 2546 1
756 2523 782 2546 Ι.
808 2512 906 2546 οὐθὲν
922 2512 960 2546 οὐ
976 2512 1020 2556 μὴ
1040 2512 1082 2547 Β.
1102 2512 1174 2557 (22.
1191 2512 1251 2555 al.)
1269 2511 1365 2545 οὐδὲν
1382 2510 1421 2544 οὐ
1437 2510 1481 2554 μὴ
1500 2511 1546 2545 D.
1565 2511 1663 2545 οὐδὲν

90 2559 135 2603 μὴ
154 2558 245 2593 Edd.
429 2571 481 2594 12.
507 2561 642 2604 περανεῖ
661 2559 705 2593 D.
726 2558 802 2603 (68,
821 2569 876 2603 70,
895 2570 950 2604 97,
970 2559 1069 2603 228.)
1240 2569 1293 2602 13.
1319 2556 1387 2602 ὅτι]
1407 2557 1451 2592 ὡς
1469 2557 1515 2591 D.
1534 2558 1605 2591 inv.
1625 2557 1660 2592 b.

89 2607 256 2651 πάρεσται
273 2606 354 2640 κατὰ
371 2621 401 2641 κ.
416 2608 434 2641 ὁ
450 2605 785 2652 προκατηγγελμένος
800 2605 845 2639 D.
858 2605 893 2640 b.
912 2607 930 2639 ὁ
947 2605 1222 2650 προηγγελμένος
1238 2605 1320 2638 κατὰ
1338 2618 1367 2637 κ.
1384 2605 1550 2648 πάρεσται
1570 2603 1660 2638 Edd.

93 2663 147 2695 14.
172 2651 262 2686 λύων
281 2653 322 2688 Β.
563 2663 616 2698 15.
641 2652 878 2687 ἀπαλλάσσων
896 2651 938 2686 Β.
987 2651 1201 2696 διαμέμνηται
1218 2652 1337 2685 λοιπὸν
1354 2649 1420 2684 hoc
1436 2650 1556 2684 ordine
1576 2651 1660 2685 D.b.

91 2698 145 2733 16.
171 2698 423 2745 ἀπανθρωπίας]
446 2699 621 2745 θηριωδίας
640 2700 685 2733 D.
903 2708 955 2743 17.
981 2699 1027 2734 εἷς
1044 2699 1163 2733 αὐτοὺς
1178 2697 1325 2732 ἅπαντας
1344 2697 1389 2730 D.
1408 2697 1551 2731 εἶσάπαν
1568 2697 1661 2732 Edd.

90 2756 145 2780 20.
171 2746 223 2779 καὶ
236 2745 331 2788 ἀλάζ.
350 2747 402 2780 καὶ
421 2748 566 2791 καταφρ.
584 2747 655 2780 inv.
673 2745 794 2780 ordine
810 2745 845 2779 b.
895 2745 930 2779 δέ
949 2757 1012 2789 pro
1029 2746 1082 2778 καὶ
1099 2746 1162 2778 ult.
1183 2745 1229 2778 D.
1443 2755 1495 2777 21.
1521 2743 1606 2778 οὕτω
1625 2744 1660 2778 b.

89 2793 190 2826 αὐτοῦ
209 2792 300 2826 B.D.
313 2793 346 2827 b.
364 2793 452 2839 αὐτῷ
473 2793 563 2827 Edd.
727 2803 781 2826 22.
809 2793 867 2825 τὸν
885 2793 967 2831 Βαβ.
985 2791 1089 2835 ἄνδρα
1108 2791 1153 2824 D.
1321 2801 1375 2834 23.
1400 2791 1489 2835 φησι
1509 2792 1567 2824 τὸν
1583 2791 1661 2835 περὶ

88 2839 189 2872 αὐτὸν
209 2838 226 2882 ἢ
251 2840 417 2894 ληματίαν
443 2839 648 2885 [λημματιάν
666 2837 768 2883 D.b.]
797 2838 814 2881 ἢ
839 2839 952 2877 βλάκα
972 2838 1054 2872 D.b.
1075 2837 1166 2871 Edd.
1184 2838 1293 2882 φησιν
1318 2837 1361 2872 ὡς
1385 2838 1498 2881 πάσης
1520 2837 1662 2881 οἶὴσεως

87 2899 344 2929 μεμεστωμενον
358 2886 399 2920 Β.
590 2897 643 2929 24.
672 2887 723 2919 καὶ
740 2886 885 2926 ἀλαζόνα
901 2886 1004 2919 πάλιν
1021 2885 1091 2918 inV.
1108 2884 1183 2919 ord.
1203 2884 1287 2918 D.b.
1477 2895 1532 2927 25.
1558 2883 1659 2929 ῐὶγαν]

95 2936 130 2972 -f-
152 2933 209 2976 τῆς
228 2933 273 2966 D.
323 2932 351 2966 εἷ
369 2933 448 2976 (Sic)
468 2931 560 2967 Edd.
