2049 3366
95 168 151 209 iv,
174 181 214 220 4.
461 168 535 209 IN
577 166 1021 208 MALACIIIAM.
1082 165 1239 206 TOM.
1274 164 1334 205 II.
1609 163 1693 203 623

95 279 177 340 τῆς
212 276 501 342 θεογνωσιάς
535 276 721 344 ἔχοντες
754 275 840 340 τὴν
874 275 1043 341 αὐγὴν,
1082 277 1157 325 καὶ
1191 272 1278 338 τὴν
1304 270 1576 336 τελειότητα
1606 274 1690 334 τῆς

96 362 270 424 δωρεᾶς
308 364 391 410 τοῦ
427 360 595 422 Ἀγίου
636 359 912 420 Πνεύματος
958 362 1289 418 πλουτοῦντες,
1335 353 1691 416 ἀποδυσάμενοί

96 463 145 490 τε
180 440 266 503 τὴν
302 440 490 508 φθορὰν
526 443 602 490 καὶ
636 440 695 490 τὰ
728 443 810 503 τῆς
842 440 1022 505 σαρκὸς
1056 439 1200 501 πάθη,
1229 441 1337 507 Θεῷ
1371 436 1692 498 δουλεύσομεν

97 521 386 587 ὁλοτρόπως,
433 523 487 573 οὐ
532 522 820 588 μεριζόμενοι
863 521 982 586 πρὸς
1028 521 1277 586 ἁμαρτίαν,
1320 522 1422 570 οὕτε
1468 517 1561 582 μὴν
1601 516 1690 568 ὑπό

56 619 78 655 5
98 626 181 654 του
214 607 308 654 τῶν
340 602 492 654 πάλαι
526 608 691 655 παθῶν
717 603 1062 670 ἐνοχλούμενοι,
1101 601 1211 652 ἀλλ’
1240 604 1288 652 ἐν
1315 601 1397 668 ’ίσῃ
1431 601 1561 668 τάξει
1595 604 1691 653 τοῖς

99 686 247 750 ἁγίοις
285 686 507 751 ἀγγέλοις
545 685 628 736 τὸν
667 685 874 751 καθαρὸν
914 686 989 735 καὶ
1031 684 1250 748 ἀπήμονα
1289 682 1531 748 διαζῶντες
1569 682 1689 742 βίον.

99 768 362 832 γέγραπται
393 767 487 833 γὰρ
522 769 626 833 περὶ
661 772 756 818 τῶν
792 767 938 833 ἁγίων
965 766 1035 817 ὅτι
1070 765 1380 829 ἐπιλήσονται
1407 762 1493 827 τὴν
1519 764 1691 831 θλίψιν

99 850 266 911 αὐτῶν,
321 851 395 899 καὶ
454 850 536 900 οὐκ
594 851 749 916 ἀναβῇ
806 850 959 899 αὐτῶν
1012 850 1085 899 ἐπὶ
1141 847 1227 911 τὴν
1277 846 1487 912 καρδίαν·
1555 845 1691 895 ε”σται

100 929 161 992 δὲ,
208 933 346 998 φησὶ,
393 938 419 960 ‘⁶
439 933 514 981 καὶ
565 930 836 999 εὐφροσύνη
881 930 1064 983 αἰώνιος
1109 929 1223 995 ὑπὲρ
1267 930 1480 996 κεφαλῆς
1525 927 1691 988 αὐτῶν,

34 1019 128 1067 ιο“
156 1011 272 1078 ὑπὲρ
323 1012 417 1080 γὰρ
467 1015 681 1079 κεφαλῆς
732 1014 886 1063 αὐτῶν
936 1012 1112 1065 α’ίνεσις
1164 1013 1239 1062 καὶ
1297 1010 1568 1078 εὐφροσύνη
1618 1010 1693 1058 καὶ

102 1101 128 1123 “
155 1094 437 1160 ἀγαλλίαμα
476 1094 806 1163 καταλήψεται
842 1092 1022 1155 αὐτοὺς,
1059 1093 1238 1159 ἀπέδρα
1276 1092 1417 1155 ὀδύνη
1451 1093 1526 1142 καὶ
1565 1090 1694 1154 λύπη

102 1183 129 1206 “
156 1179 230 1227 καὶ
266 1176 575 1242 στεναγμός.”
624 1175 848 1244 ταύτῃτοί
881 1179 1034 1243 φησιν
1067 1176 1092 1226 ὁ
1126 1173 1406 1243 Προφήτης,
1437 1173 1538 1237 ἤτοι
1572 1171 1694 1225 Θεὸς

103 1260 128 1310 ὁ
154 1257 332 1309 τούτων
358 1258 556 1325 ἐργάτης
583 1261 659 1309 καὶ
691 1256 848 1323 δοτὴρ,
876 1257 947 1308 ὅτι
980 1262 1058 1308 καὶ
1097 1255 1371 1326 ἑξελεύσ-εσθε
1400 1260 1477 1305 καὶ
1511 1256 1687 1322 σκιρτή-

103 1365 203 1393 σετε
253 1344 310 1396 ὡς
365 1344 603 1410 μοσχάρια
652 1341 702 1392 ἐκ
755 1337 928 1407 δεσμῶν
979 1338 1195 1407 ἀνειμένοι.
1275 1336 1438 1402 ὥσπερ
1490 1335 1583 1401 γὰρ
1634 1334 1694 1385 τὰ

36 1441 82 1480 15
103 1422 340 1492 μαι-χάρισι
369 1422 430 1472 τὰ
462 1422 690 1474 ὑπότιτθα
722 1425 913 1485 δεσμῶν
945 1421 1159 1485 ἀνιέμενα
1195 1420 1568 1485 κατασκαίρουσι
1599 1421 1695 1467 τῶν

104 1507 278 1571 ἀγρῶν,
312 1506 361 1555 ἐν
385 1506 568 1557 εὐανθεῖ
596 1508 654 1570 τῇ
688 1501 784 1572 πόᾳ
821 1502 1140 1567 ἀποπηδῶντά
1164 1525 1214 1553 τε
1246 1503 1321 1553 καὶ
1348 1500 1690 1564 διαμυκώμενα·

105 1588 226 1638 οὕτω
278 1584 397 1637 κατὰ
446 1585 633 1651 καιροὺς
683 1588 726 1635 οἱ
777 1583 902 1650 ἅγιοι
953 1586 1202 1651 μονονουχὶ
1256 1581 1426 1651 δὶα-μῶν
1470 1579 1694 1644 ἀνιεμένοι

103 1671 186 1732 τῆς
233 1669 282 1718 ἐν
322 1669 438 1736 τῷδε
479 1671 546 1737 τῷ
589 1667 679 1736 βίῳ
725 1667 940 1734 θλίψεως
981 1669 1056 1717 καὶ
1099 1666 1363 1734 φροντίδος,
1409 1662 1601 1729 ἱδρῶτος
1644 1685 1694 1712 τε

105 1753 181 1801 καὶ
217 1749 391 1813 πόνων,
429 1753 492 1804 εἷς
530 1748 616 1813 τὴν
655 1753 750 1802 τοῖς
788 1749 936 1801 ὁσίοις
973 1748 1252 1814 πρέπουσαν
1291 1745 1509 1809 εὐθυμίαν
1548 1742 1690 1807 ἐκβή-
1714 1748 1742 1789 d

38 1855 87 1881 20
105 1855 287 1894 σονται,
314 1836 574 1883 πατοῦντες
608 1832 808 1897 ἀνόμους,
847 1830 902 1879 οὐ
935 1829 1228 1896 μαχομένους
1261 1827 1326 1877 ε”τι
1353 1829 1430 1877 καὶ
1456 1828 1691 1888 ἀνθεστη-

105 1913 258 1975 κότας,
283 1910 520 1966 πεσόντας
545 1910 593 1962 δὲ
619 1911 707 1976 ἤδη
734 1912 810 1961 καὶ
844 1910 1177 1974 νενικημένους,
1203 1911 1279 1960 καὶ
1311 1908 1408 1959 οἷον
1433 1906 1522 1958 ὑπὸ
1547 1906 1698 1960 πόδας

107 1994 350 2058 κειμένους,
398 1997 465 2062 τῷ
515 1995 590 2044 καὶ
640 1994 906 2059 ἀνῃρῆσθαι
956 1996 1202 2045 παντελῶς
1254 1990 1338 2041 τὸν
1386 1990 1496 2055 παρ’
1544 1990 1698 2039 αὐτῶν

105 2077 334 2140 πόλεμον.
391 2076 510 2126 “Οὐ
545 2073 638 2140 γὰρ
672 2074 807 2125 ε”σται
841 2075 936 2125 ἐκεῖ
965 2073 1100 2135 λέων,
1136 2072 1239 2124 οὐδὲ
1275 2076 1371 2123 τῶν
1402 2070 1576 2136 θηρίων
1602 2074 1698 2121 τῶν

109 2166 136 2188 “
160 2162 380 2224 πονηρῶν
411 2156 543 2208 οὐδὲν
574 2157 627 2207 οὐ
662 2155 728 2221 μὴ
761 2158 916 2224 ἀναβῇ
954 2154 1083 2218 ἐκεῖ,”
1114 2154 1234 2206 κατὰ
1265 2153 1320 2206 τὸ
1350 2153 1693 2220 γεγραμμένον·

41 2256 89 2294 25
109 2246 137 2270 “
163 2239 298 2290 ἔσται
322 2237 372 2290 δὲ
398 2243 587 2301 μᾶλλον
614 2237 722 2293 ὁδὸς
754 2237 953 2304 καθαρὰ,
983 2239 1057 2288 καὶ
1085 2235 1191 2291 ὁδὸς
1218 2236 1331 2301 ἁγία
1362 2234 1695 2299 κληθήσεται.”

109 2319 347 2384 ἀπόλεμος
375 2319 467 2386 γὰρ
502 2321 578 2371 καὶ
613 2319 805 2384 ἀπάσης
832 2322 1022 2384 κηλῖδος
1049 2318 1397 2384 ἀπηλλαγμένη
1425 2316 1524 2368 κατ’
1552 2318 1698 2368 ἐκεῖνο

110 2404 326 2468 μάλιστα
350 2408 434 2454 τοῦ
460 2407 621 2468 καιροῦ
645 2406 740 2453 τῶν
766 2402 913 2467 ἁγίων
939 2401 1073 2451 ἔσται
1100 2399 1206 2466 ζωή.

116 2544 191 2586 Καὶ
233 2543 324 2586 ἰδοὺ
359 2544 444 2592 {fob
476 2543 735 2586 ἀποστέλλω
769 2539 863 2591 ὑμῖν
886 2540 1044 2583 “Ηλίαν
1077 2540 1150 2583 τὸν
1182 2539 1388 2590 ΘεσβίτΗν
1426 2539 1523 2597 Πρὶν
1557 2536 1696 2581 ἐλθεῖν
1719 2555 1740 2589 4

163 2664 193 2688 Ι.
219 2651 432 2697 τελειότητα]
450 2651 666 2695 τελειοτάτην
683 2650 776 2685 Edd.
920 2661 950 2684 2.
976 2649 1171 2693 Πνεύμοτος
1187 2650 1412 2684 πλουτοῦντες
1429 2648 1496 2683 hoc
1513 2647 1635 2682 ordine
1655 2648 1698 2682 B.

113 2711 148 2758 3.
174 2697 422 2745 δουλεύσομεν]
442 2697 651 2742 λατρεὺομεν
667 2697 727 2731 iid.
873 2695 906 2731 6.
932 2695 1124 2741 διαζῶντες]
1143 2697 1297 2736 βιοῦντες
1314 2694 1572 2730 iid.10.
1600 2694 1698 2729 Haeo

115 2747 199 2791 ὑπὲρ
215 2747 281 2791 γὰρ
300 2747 453 2791 κεφαλῆς
469 2745 579 2779 αὐτῶν
595 2747 818 2778 accesserunt
835 2754 876 2776 ex
896 2743 939 2777 B.
1201 2753 1255 2776 11.
1281 2742 1335 2775 καὶ
1353 2747 1574 2786 assumptum
1593 2753 1635 2774 ex
1654 2741 1697 2776 B.

119 2804 172 2838 13.
199 2793 252 2826 καὶ
270 2792 466 2827 secundum
483 2794 707 2835 assumptum
727 2801 768 2823 ex
788 2789 831 2823 Β.
897 2787 1128 2835 σκιρτῆσεσθε
1146 2788 1238 2823 Edd.
1257 2788 1333 2833 (26.
1337 2787 1354 2832 )
1556 2787 1610 2822 16.
1635 2802 1699 2831 πη-

116 2839 225 2873 δῶντά
243 2839 286 2873 Β.
564 2847 617 2882 17.
642 2836 805 2880 ἀνειμένοι
824 2835 917 2870 Edd.
1203 2836 1256 2869 18.
1283 2849 1336 2868 και
1354 2840 1578 2879 assumptum
1596 2846 1637 2868 ex
1657 2834 1700 2868 B.

117 2896 173 2920 21.
198 2887 388 2921 πεσοῦντας
404 2884 464 2919 iid.
475 2890 563 2919 -ante
582 2882 996 2928 Migne.24.01’1
1014 2888 1235 2926 assumptum
1255 2893 1295 2915 ex
1315 2881 1358 2915 B.
1520 2890 1574 2925 25.
1601 2879 1698 2925 ἁγία]

115 2931 220 2976 ἁγίων
239 2931 282 2966 Β.
552 2931 623 2966 28.
647 2929 855 2965 ἀποστέλλω
875 2929 916 2964 Β.
936 2929 972 2974 (Ν
988 2929 1090 2964 Alex.
1105 2928 1206 2973 XII.)
1226 2928 1269 2963 cf.
1289 2926 1538 2973 Glaph.163c.
1558 2927 1701 2971 (MSS)

116 2978 299 3013 ἀποστελῶ
318 2976 410 3013 Edd.
430 2978 525 3022 (Nat.
531 2978 543 3022 )

1752 774 1808 805 En.
1826 775 1893 805 lxv.

1758 818 1807 848 16.

1755 862 1804 891 lb.
1816 872 1916 892 xxxv.

1758 913 1806 935 10.

1761 2084 1812 2116 Ib.
1831 2094 1862 2126 9.

1760 2252 1810 2283 Ib.
1828 2253 1858 2283 8.
