1997 3361
110 143 163 184 iv.
190 154 226 195 7.
482 146 556 186 IN
599 146 1014 186 ZACIIARJAM.
1075 146 1226 185 ῚῸΜ.
1263 145 1321 185 Π.
1600 145 1682 183 335

108 255 236 318 ἡμεῖς
260 254 314 306 τό
339 279 391 322 γε
419 259 480 309 ὡς
506 258 678 323 ἄριστα
711 259 787 307 καὶ
820 258 969 323 ὀρθῶς
999 257 1118 324 ἔχειν
1143 260 1323 307 δοκοῦν.
1389 255 1502 305 ἔοικε
1529 256 1684 305 τοίνυν
1702 282 1723 307 c

109 338 134 387 ὁ
162 335 304 403 λόγος
329 340 575 405 μονονουχὶ
601 340 675 389 καὶ
701 340 913 401 ἐπιτιμᾶν
937 342 1002 407 τῷ
1029 340 1106 407 ορει
1133 342 1199 407 τῷ
1229 336 1444 406 μεγάλῳ,
1471 335 1684 386 τουτέστι

108 423 174 488 τῷ
197 424 384 488 σατανᾷ
412 420 849 489 κατεξανισταμένῳ
881 443 929 470 τε
967 422 1040 470 καὶ
1067 418 1373 488 ἀντεξάγοντί
1394 423 1460 488 τῷ
1487 422 1686 487 Χριστῷ

108 503 190 563 τῆς
214 502 378 551 ἑαυτοῦ
405 503 690 569 δυστροπιάς
715 502 799 566 τὴν
819 502 1027 566 δύναμιν,
1050 501 1075 553 ὃ
1097 502 1152 566 δὴ
1178 504 1252 552 καὶ
1278 504 1325 552 ἐν
1351 506 1446 555 τοῖς
1472 500 1685 566 ἀνωτέρω

66 580 254 632 5πάλιν
294 583 402 646 ἡμῖν
442 588 790 649 αἰνιγματωδῶς
831 583 1166 652 κατεγράφετο.
1234 584 1324 652 ἔφη
1360 583 1452 649 γὰρ
1488 585 1511 633 ὁ
1550 587 1682 648 Προ-

109 663 260 731 φήτης
286 670 535 717 τεθεᾶσθαι
561 666 644 729 μὲν
672 675 698 696 “
718 669 907 731 Ἰησοῦν
939 665 1019 717 τὸν
1051 666 1170 731 ἱερέα
1204 665 1286 716 τὸν
1320 666 1467 730 με’γαν
1502 666 1687 715 ἑστῶτα

109 753 136 775 “
161 746 253 812 πρὸ
273 749 534 813 προσώπου
554 747 765 814 ἀγγέλου
788 750 975 814 Κυρίου,
1000 749 1081 799 τὸν
1101 749 1156 798 δέ
1175 771 1227 813 γε
1254 748 1479 807 διάβολον
1503 748 1686 797 ἑστῶτα

110 834 137 856 “
163 830 212 879 ἐκ
254 831 418 898 δεξιῶν
459 832 600 881 αὑτοῦ
640 837 721 881 τοῦ
763 833 1049 881 ἀντικεῖσθαι
1092 829 1261 898 αὐτῲ,”
1328 828 1397 879 ὅτι
1438 829 1530 894 γὰρ
1571 829 1733 879 &crowd

109 912 320 978 ἐνεχώρει
359 914 434 962 καὶ
468 911 525 976 ἧν
560 914 626 964 ἐπ’
662 915 799 982 αὐτῷ,
825 912 1129 976 πεπολέμηκέ
1160 935 1208 962 τε
1247 913 1321 961 καὶ
1356 911 1688 977 ἀντεγήγερται

43 1016 90 1041 10
111 995 266 1047 δεινῶς
297 999 395 1048 ταῖς
427 1001 509 1046 τοῦ
537 998 754 1061 Σωτῆρος
787 996 1076 1057 οἰκονομίαις,
1103 999 1359 1047 καλοῦντος
1388 992 1505 1058 πρὸς
1532 1016 1690 1056 σωτη-

109 1076 215 1141 ρίαν
264 1075 350 1140 τὴν
405 1078 477 1128 ὑπ’
522 1077 731 1143 οὐρανὸν,
769 1078 852 1128 οὐκ
896 1075 953 1127 ἂν
995 1075 1250 1126 ἐνδοιάσειέ
1287 1098 1368 1136 τις,
1413 1074 1690 1139 ε’ννενοηκώς

110 1157 181 1208 ὅτι
212 1163 401 1225 πρῶτον
431 1159 514 1223 μὲν
548 1162 795 1225 προσῆλθε
828 1158 1099 1223 νηστεύοντι
1134 1156 1253 1208 κατὰ
1283 1156 1369 1221 τὴν
1399 1157 1584 1222 ἔρημον,
1613 1161 1688 1207 καὶ

109 1240 324 1307 σώζοντα
361 1242 557 1301 βλέπων
593 1241 678 1305 τὴν
712 1242 784 1292 ὑπ’
815 1239 1030 1306 οὐρανὸν,
1059 1238 1392 1306 προσκυνητὴν
1423 1239 1538 1290 ’ίδιον
1571 1241 1688 1290 ἀπο-

111 1322 293 1389 φαίνειν
323 1324 477 1388 ἠ’θελε,
505 1322 808 1390 παραδεικνὺς
834 1321 919 1385 μὲν
944 1323 1068 1391 αὐτῷ
1095 1329 1122 1351 “

1137 1320 1299 1375 πάσας
1331 1320 1414 1375 τὰς
1441 1322 1689 1382 βασιλείας

43 1421 90 1459 15
113 1415 139 1437 ‘⁶
163 1413 247 1458 τοῦ
273 1407 494 1471 κόσμου,”
523 1407 675 1474 λέγων
699 1430 748 1458 τε
775 1410 836 1461 ὡς
864 1404 998 1458 ’ἔσται
1023 1406 1178 1458 πάντα
1201 1407 1358 1470 αὐτοῦ,
1384 1411 1422 1458 εἰ
1448 1405 1505 1471 δὴ
1535 1429 1689 1473 προσ-

109 1495 273 1541 πεσεῖν
307 1490 462 1541 ἕλοιτο
506 1492 581 1541 καὶ
625 1494 907 1556 προσκυνεῖν
945 1490 1083 1558 αὐτῷ.
1147 1486 1243 1540 εἶτα
1280 1488 1400 1556 πρὸς
1436 1494 1574 1540 τοῦτο
1612 1490 1688 1540 καὶ

109 1571 167 1640 ἐξ
201 1572 343 1623 αὐτοῦ
386 1578 469 1623 τοῦ
508 1578 651 1640 χοροῦ
690 1577 784 1623 τῶν
824 1573 970 1638 ἁγίων
1009 1569 1297 1623 ἀποστόλων
1334 1570 1417 1622 τὸν
1454 1570 1689 1637 προδότην

109 1653 295 1720 ἥρπασε
321 1654 549 1718 μαθητὴν,
576 1656 834 1708 ἀναπείσας
866 1653 1067 1721 ὄργανον
1098 1657 1180 1718 τῆς
1205 1654 1442 1704 Ἰουδαίων
1470 1653 1687 1719 γενέσθαι

110 1735 403 1802 σκαιότητος.
470 1735 742 1801 ἐπιπλήττει
778 1734 834 1800 δὴ
868 1737 950 1787 οὖν
981 1737 1005 1787 ὁ
1037 1735 1181 1802 λόγος
1212 1736 1336 1804 αὐτῷ
1361 1736 1442 1786 καί
1463 1739 1586 1804 φησι
1610 1738 1686 1790 Τίς
1704 1757 1725 1784 e

42 1841 92 1866 20
113 1816 152 1869 εἶ
174 1816 240 1880 σῖ),
268 1818 314 1869 το
343 1820 430 1886 ἔρος
456 1818 501 1869 το
528 1817 657 1886 μέγα,
687 1818 732 1869 το
765 1817 847 1887 προ
881 1817 1116 1886 προσώπου
1142 1818 1405 1887 Ζοροβάβελ
1431 1819 1502 1868 τοῦ
1529 1840 1685 1886 κοιτορ..

111 1898 277 1960 θεῖα-αι,
317 1899 371 1951 τὸ
396 1899 450 1951 δέ
471 1903 548 1955 Τίς
584 1899 623 1951 εἷ
654 1899 709 1950 σύ
741 1899 927 1964 νοητέον
954 1900 1040 1967 οὐχ
1066 1901 1128 1953 ὡς
1154 1898 1394 1952 ἐθέλοντος
1421 1900 1686 1962 ἀναμαθεῖν,

110 1982 180 2035 τίς
212 1981 268 2046 δὴ
302 1982 394 2048 ἄρα
432 1985 506 2033 καὶ
544 1981 689 2033 πόθεν
727 1982 869 2032 ἐστίν·
911 1982 964 2032 οὐ
1002 1980 1094 2047 γὰρ
1135 1979 1191 2031 ἂν
1222 1979 1426 2046 ἠγνόησε
1456 1980 1576 2035 Θεὸς
1607 1979 1686 2031 ὧν·

110 2064 220 2114 ἀλλ’
267 2063 364 2115 οἶον
407 2062 862 2129 κατασμικρύνοντος
905 2065 980 2114 καὶ
1024 2061 1206 2117 οὐδενὸς
1247 2063 1487 2132 ἀξιοῦντος
1526 2061 1686 2128 λόγου,

111 2144 199 2197 κᾶν
239 2150 277 2197 εἰ
314 2146 440 2215 μέγα
478 2169 527 2197 τε
572 2146 638 2209 ε’ίη
682 2147 757 2196 καὶ
800 2145 1092 2210 δυσάντητον
1128 2147 1174 2197 το
1213 2148 1318 2213 ἔρος,
1360 2148 1436 2197 καὶ
1474 2143 1688 2208 ἐμποδῶν

43 2241 92 2280 25
112 2229 373 2294 ἐγκείμενον
399 2232 656 2293 κατορθοῦν
681 2228 886 2279 ἐθέλοντι
925 2227 984 2278 τὰ
1021 2227 1174 2278 τοιάδε
1200 2230 1412 2297 Χριστῷ,
1441 2227 1493 2278 οὗ
1524 2228 1598 2277 καὶ
1625 2231 1688 2280 εἰς

1748 678 1855 717 Supra.

1749 733 1792 751 ιιι.
1815 729 1839 750 1.

1750 1330 1907 1364 S.Matth.

1750 1375 1793 1406 iv.
1812 1378 1841 1412 8,
1855 1387 1884 1416 9.

111 2311 259 2361 τύπον
297 2313 321 2360 ὁ
356 2310 632 2379 Ζοροβάβελ,
672 2310 882 2375 καθάπερ
921 2309 1007 2373 ἤδη
1045 2310 1346 2375 προείπαμεν.
1413 2309 1559 2359 καίτοι
1594 2308 1831 2373 γὰρα687
1854 2320 1907 2356 A.

112 2391 453 2458 ἀπαράβλητον
490 2392 610 2459 ἔχων
648 2391 732 2456 τὴν
770 2392 1059 2457 δυστροπίαν
1086 2394 1110 2442 ὁ
1141 2391 1324 2458 δράκων
1350 2391 1375 2441 ὁ
1399 2390 1686 2454 ἀποστάτης,

163 2589 193 2612 1.
219 2577 339 2612 δοκοῦν
357 2575 398 2611 C.
416 2576 660 2620 ὑπειλημμένον
678 2575 770 2610 Edd.
1219 2589 1252 2619 4.
1278 2577 1397 2610 ἑαυτοῦ
1415 2574 1456 2610 C.
1475 2575 1577 2609 αὐτοῦ
1596 2574 1688 2610 Edd.

115 2633 146 2669 7.
170 2626 229 2659 τοῦ
246 2623 396 2669 ἀγγελου
414 2623 505 2658 Edd.
524 2626 583 2658 τοῦ
601 2623 721 2658 deest
714 2635 749 2657 ln
770 2623 809 2657 C.
1171 2635 1204 2668 9.
1231 2623 1371 2667 ἐνχωρεῖ
1387 2622 1445 2667 (=
1463 2621 1625 2667 ἐγχωρεῖ)
1645 2621 1688 2657 C.

116 2682 169 2706 10.
194 2672 350 2705 καλοῦντι
369 2670 409 2705 C.
580 2682 644 2705 11—
650 2681 702 2715 13.
731 2670 790 2704 οὐκ
806 2667 947 2704 ἂν-ὑπ
966 2668 1106 2713 οὐρανὸν
1123 2669 1273 2704 desunt
1266 2682 1301 2703 ln
1321 2668 1411 2703 Edd.
1462 2668 1553 2702 Sunt
1570 2675 1687 2703 autem

112 2717 149 2751 in
165 2718 321 2752 versione
339 2717 474 2752 Latina.
722 2728 774 2759 14.
799 2717 1066 2751 πάσας-πάντα
1083 2717 1184 2751 αὐτοῦ
1202 2716 1352 2749 desunt
1346 2727 1381 2748 1n
1400 2714 1491 2749 Edd.
1543 2715 1658 2749 Sunt
1650 2727 1684 2749 m

112 2764 271 2798 versione
290 2764 423 2798 Latina.
737 2763 790 2798 16.
815 2764 1018 2808 προσκυνεῖν
1035 2762 1076 2797 C.
1093 2764 1329 2815 προσκυνῆσαι
1347 2761 1438 2796 Edd.
1486 2763 1571 2804 πρὸς
1588 2764 1688 2795 τοῦτο

114 2817 294 2855 assumpta
310 2823 352 2845 ex
370 2811 411 2845 C.
555 2822 609 2845 20.
634 2809 837 2855 προσώπου]
862 2814 897 2851 —f-
920 2812 979 2844 τοῦ
998 2808 1088 2843 Edd.
1106 2809 1216 2843 invito
1236 2809 1277 2843 C.
1420 2819 1475 2842 22.
1493 2808 1538 2842 ὤν
1555 2820 1624 2842 om.
1645 2808 1687 2843 C.

116 2868 171 2899 24.
195 2858 234 2891 τὸ
251 2864 473 2902 assumptum
491 2869 530 2891 ex
551 2857 591 2892 C.
994 2866 1047 2900 25.
1074 2856 1264 2900 ἐγκείμενον
1282 2855 1322 2889 C.
1342 2855 1489 2899 κείμενον
1507 2854 1598 2889 Edd.
1647 2856 1688 2889 τὰ

115 2910 335 2949 assumptum
354 2916 395 2938 ex
414 2904 454 2938 C.
647 2904 700 2938 26.
726 2904 931 2948 προείπαμεν
950 2902 989 2937 C.
1007 2904 1211 2947 προείπομεν
1229 2901 1320 2937 Edd.
1481 2911 1535 2947 27.
1561 2901 1688 2947 ἀπαρά-

114 2952 244 2994 βλητον
261 2950 302 2985 C.
320 2950 555 2995 ἀπαράκλητον
575 2950 663 2984 Edd.
