2001 3361
278 196 353 230 738

330 327 460 350 omnes
480 312 587 348 invisi
609 313 685 347 826
703 323 746 356 a;
775 310 946 346 manibus
966 310 1035 358 ipsi

330 380 405 416 suis
428 378 629 427 peccabant
650 377 725 412 827
745 376 789 422 (13
815 375 1036 411 Sacerdotio

328 456 430 485 vero,
451 448 603 490 propter
631 441 943 482 incredulitatem,
970 452 1033 475 ex-

330 507 421 543 clusi
457 509 533 543 828
568 507 653 553 bc;
699 519 772 554 quo
812 518 924 541 sensu
961 517 1036 540 non

328 572 574 608 accenderent
628 571 747 620 gratis
799 570 915 606 altare
968 568 1037 604 Dei

330 639 406 674 828
432 650 478 683 63
511 649 533 672 a
561 637 642 672 Deo
672 635 857 684 repudiati
887 636 963 671 829
988 634 1035 679 b3

327 714 497 738 mensam
562 701 714 737 Domini
783 699 1036 748 despiciebant

329 769 406 804 830
437 779 484 813 03
528 766 699 802 victimas
727 766 886 801 lustrare
915 763 1034 812 negli-

326 832 467 880 gebant
493 834 566 868 831
593 831 640 877 b3
675 830 918 866 moribundas
938 828 1036 864 dica-

327 897 419 933 bant
450 899 523 933 831
558 896 610 942 (13
654 896 890 944 negligentes
924 893 1036 929 male—

329 962 417 998 dicti
439 964 514 998 832
538 961 581 1007 (13
613 963 689 998 833
712 961 756 1007 (13
787 963 862 997 834
885 972 926 1006 a3
952 959 1036 1006 lege

329 1026 451 1062 Mosis
503 1038 618 1074 prope
666 1026 822 1061 Divinos
874 1025 1035 1060 honores

327 1092 516 1127 habebant
546 1093 623 1127 834
655 1104 700 1137 63
736 1096 887 1139 propter
916 1089 1034 1137 negli-

328 1156 493 1204 gentiam
524 1161 561 1191 et
591 1156 832 1204 cupiditatem
863 1168 885 1191 a
915 1167 1034 1190 sacer—

329 1221 432 1257 dotio
466 1221 605 1257 exclusi
640 1223 716 1257 835
753 1233 800 1266 63
844 1233 865 1255 a
898 1219 1035 1255 vestitu

329 1299 434 1323 sacro
473 1286 653 1322 admoniti
688 1286 870 1333 incipiunt
903 1285 1035 1320 timere

328 1351 454 1387 Deum
477 1354 552 1388 837
567 1364 601 1397 a;
624 1351 790 1387 veritatis
811 1350 934 1386 fontes
955 1361 1035 1385 esse

329 1416 467 1452 debent
497 1419 572 1453 837
595 1428 640 1461 c;
671 1416 709 1451 in
734 1416 801 1451 viis
831 1415 930 1462 pacis
961 1427 1037 1449 am-

327 1481 514 1522 bulantes,
550 1493 633 1516 cum
673 1481 754 1516 Deo
793 1479 1035 1515 ambulabunt

329 1547 405 1582 838
428 1558 473 1591 63
513 1545 683 1581 notitiam
713 1545 819 1580 labiis
848 1544 1036 1580 custodire

329 1611 467 1647 debent
488 1612 563 1647 838
586 1623 624 1655 63
655 1610 770 1646 verbo
790 1609 880 1644 nihil
900 1609 1036 1644 addere

332 1678 408 1712 839
431 1676 478 1720 b3
510 1688 622 1723 quare
644 1675 767 1722 angeli
789 1674 878 1710 dicti
901 1676 977 1709 839
995 1685 1035 1718 03

328 1740 496 1776 nonnulli
519 1740 801 1776 excellentiores
825 1738 1035 1775 inveniendi

330 1808 406 1842 839
438 1806 486 1851 (13
529 1805 587 1840 vel
616 1805 717 1848 boni,
748 1804 805 1840 vel
836 1804 922 1839 mali
952 1804 1035 1847 sint,

328 1871 509 1919 populum
540 1883 665 1906 secum
696 1870 851 1905 trahunt
883 1871 959 1905 840
990 1881 1035 1914 a3

328 1949 508 1984 personas
547 1935 777 1982 accipiebant
821 1937 897 1971 840
937 1934 960 1969 b
992 1945 1035 1980 c,·

329 2013 466 2036 uxores
495 2013 581 2036 suas
610 1999 836 2035 Israelitidas
866 1999 1034 2046 repudia-

330 2066 432 2107 bant,
499 2065 726 2112 alienigenas
796 2064 1037 2099 assumebant

332 2132 408 2166 840
447 2143 492 2175 63
536 2130 648 2165 iidem
688 2129 896 2165 sacerdotio
934 2141 1036 2164 amo-

330 2195 440 2231 vendi
472 2196 549 2231 843
580 2195 628 2240 d3
665 2199 805 2241 quanta
835 2206 917 2229 cum
950 2206 1038 2229 cura

331 2272 411 2295 sese
432 2260 627 2307 purificare
649 2259 820 2299 debeant,
840 2271 945 2294 sacra
965 2258 1037 2293 fac-

331 2325 405 2360 turi
433 2327 509 2361 845
533 2325 617 2370 ab3
648 2336 758 2371 quam
779 2323 890 2359 variis
918 2323 1036 2358 modis

329 2390 565 2437 peccaverint
607 2391 683 2424 847
724 2388 774 2434 d3
824 2400 936 2435 quare
976 2387 1038 2422 diu

330 2454 503 2502 impuniti
531 2455 606 2491 848
630 2466 651 2489 a
667 2453 715 2498 (13
747 2465 819 2500 qua
840 2451 1037 2488 sanctitate

331 2519 491 2555 debeant
517 2531 620 2564 esse3
653 2518 711 2566 pie
731 2517 898 2553 viventes
919 2521 1035 2552 recte-

332 2596 401 2631 que
418 2584 613 2619 credentes
629 2582 801 2630 exemplo
818 2587 929 2617 erunt
949 2593 1035 2629 gre-

331 2647 440 2695 gibus
480 2650 555 2684 848
589 2660 630 2689 e;
677 2646 831 2687 Christi,
866 2645 1039 2681 meliores

329 2713 514 2760 prioribus
541 2713 655 2749 futuri
683 2714 759 2748 854
788 2712 837 2757 b3
872 2710 1039 2758 quando-

335 2791 406 2826 que
442 2777 659 2826 purificandi
702 2779 779 2813 853
815 2789 857 2817 a;
905 2774 1036 2811 Sacer-

331 2843 479 2878 dotibus
499 2843 614 2878 immo
634 2854 722 2877 vero
748 2840 921 2876 omnibus
946 2839 1035 2874 fide-

330 2907 425 2941 libus
464 2906 623 2942 amictus
661 2906 874 2953 glorificans
910 2903 1036 2940 Chris-

333 2977 392 3005 tus
435 2973 510 3006 853
549 2971 599 3015 b3
648 2976 731 3017 post
779 2970 940 3005 reditum
992 2981 1034 3003 ex

808 189 1023 225 INDEX
1081 189 1327 224 RERUM.

1107 439 1365 476 Sacerdotium
1372 469 1379 481 ‚

1603 201 1864 226 SACERDOTES.

1162 310 1353 359 Babylone
1405 311 1442 346 in
1492 310 1633 358 templo
1680 311 1864 348 florebant

1161 377 1235 412 858
1258 374 1293 411 d.

1445 440 1675 476 Judaeorum
1745 439 1867 488 gloria

1162 508 1207 542 71
1245 518 1287 551 a;
1323 510 1507 553 potestate
1546 505 1663 553 regali
1697 504 1865 552 superius

1159 569 1226 616 ib.;
1247 570 1479 618 negligentia
1492 575 1730 617 corruptum;
1751 569 1866 605 inter-

1161 635 1318 672 cessioni
1356 634 1539 671 serviebat
1580 637 1628 671 70
1659 647 1702 680 c;
1752 634 1865 670 modo

1161 700 1208 736 sit
1239 700 1395 748 dignum
1430 700 1612 747 dignitate
1644 711 1722 740 sua,
1754 711 1865 746 quam

1159 765 1300 800 bonum
1330 765 1568 812 faustumque
1598 765 1645 800 sit
1676 766 1751 800 585
1780 776 1801 799 a
1820 776 1863 810 03

1158 843 1235 865 non
1265 830 1344 865 sine
1376 830 1519 865 honore
1551 842 1571 865 a
1600 829 1681 865 Deo
1711 828 1864 874 datum3

1159 907 1235 930 non
1267 895 1346 930 sine
1385 894 1577 941 supplicio,
1619 893 1647 929 si
1687 893 1767 941 quis
1807 905 1864 934 eo,

1159 960 1285 996 debito
1306 959 1431 1000 modo,
1454 971 1530 994 non
1551 963 1677 994 utatur
1698 960 1774 994 828
1797 970 1828 993 e.

1105 1024 1360 1065 Sacramenta,
1419 1022 1663 1064 Judaeorum,
1717 1028 1865 1058 nostro-

1158 1102 1240 1125 rum
1261 1095 1384 1136 typuS,
1409 1091 1484 1125 753
1508 1088 1531 1124 d
1551 1100 1600 1134 63
1632 1089 1707 1124 779
1729 1099 1760 1123 c.

1106 1154 1350 1197 Sacrificium,
1373 1153 1564 1189 dicebatur
1592 1154 1601 1171 ‘
1617 1152 1760 1199 accipi‚'
1781 1163 1866 1187 cum

1160 1220 1387 1256 offerebatur
1423 1221 1470 1255 72
1505 1218 1550 1263 d;
1593 1216 1721 1252 Israeli
1750 1215 1867 1251 forni-

1158 1285 1256 1321 canti
1277 1297 1352 1319 non
1372 1283 1511 1331 profuit
1533 1285 1581 1318 85
1605 1282 1627 1318 b
1643 1295 1652 1327 ;
1683 1293 1749 1329 pro
1769 1280 1866 1316 felici

1158 1356 1267 1398 partu
1305 1349 1470 1384 oblatum
1503 1350 1551 1384 85
1580 1360 1620 1393 c3
1661 1346 1751 1382 illud
1785 1345 1866 1381 Deo

1159 1414 1429 1463 gratissimum,
1452 1418 1552 1448 recte
1578 1411 1701 1447 vivere
1727 1413 1799 1448 124
1821 1422 1865 1455 63

1160 1479 1395 1515 ethnicorum
1443 1484 1612 1525 tempore
1659 1475 1866 1511 vindemiae

1160 1543 1387 1591 descriptum
1427 1545 1500 1579 127
1533 1555 1574 1587 a;
1624 1540 1867 1576 auferendum

1158 1607 1326 1650 Judaeis,
1359 1606 1529 1655 supplicii
1560 1618 1672 1641 causa
1706 1606 1783 1641 206
1813 1617 1859 1647 a;

1161 1675 1237 1709 209
1291 1673 1314 1708 b
1335 1685 1344 1717 3
1653 1669 1864 1706 civitatibus

1159 1738 1348 1774 calamitas
1370 1739 1447 1773 209
1476 1748 1521 1781 63
1553 1735 1748 1783 optimum,
1766 1735 1864 1783 jeju-

1158 1803 1259 1838 natio
1284 1814 1369 1838 vere
1395 1807 1524 1836 sancta
1557 1802 1633 1837 209
1662 1812 1702 1845 e;
1737 1800 1866 1835 datum

1159 1866 1183 1903 J
1189 1867 1327 1908 udaieis,
1347 1866 1526 1902 laetitiam
1548 1865 1782 1913 praebuerat,
1803 1864 1866 1900 ab-

1157 1933 1274 1968 latum
1317 1930 1470 1967 abstulit
1518 1932 1590 1967 211
1633 1942 1675 1975 a:
1725 1929 1868 1965 miseri-

1159 1997 1307 2032 cordiae
1369 1995 1623 2043 posthabitum
1684 1996 1761 2030 219
1821 2005 1864 2039 c;

1158 2061 1287 2109 templi
1317 2061 1506 2101 diurnum,
1537 2058 1781 2106 spiritualium
1806 2064 1866 2106 ty-

1158 2139 1227 2175 pus
1267 2128 1343 2163 290
1383 2125 1430 2170 b;
1480 2123 1596 2159 Idolis
1643 2122 1866 2158 translatum

1161 2194 1237 2229 290
1259 2203 1279 2226 c
1299 2190 1348 2235 (13
1381 2189 1714 2233 Samaritanorum,
1744 2187 1868 2234 cujus-

1411 1672 1586 1712 ablatum,

1158 2268 1315 2303 cumque
1329 2254 1489 2302 generis,
1506 2254 1687 2301 rejectum
1704 2255 1778 2289 307
1789 2264 1810 2288 a
1822 2252 1864 2294 b;

1159 2320 1335 2361 fidelium,
1358 2319 1438 2355 Deo
1460 2324 1623 2366 gratum,
1648 2317 1866 2353 Haeretico-

1160 2398 1255 2427 rum,
1274 2384 1435 2420 invisum
1457 2386 1531 2420 307
1549 2395 1590 2428 c;
1622 2382 1667 2418 ab
1689 2381 1867 2417 Israelitis

1159 2450 1196 2486 in
1228 2450 1376 2485 deserto
1406 2461 1481 2484 non
1511 2453 1686 2483 exactum
1717 2448 1792 2483 309
1823 2458 1865 2492 a3

1162 2514 1250 2562 quid
1273 2514 1320 2550 sit
1347 2512 1647 2560 acceptissimum
1677 2512 1753 2547 448
1775 2523 1797 2546 a
1816 2522 1842 2563 e⁴
1854 2522 1865 2556 3

1160 2591 1293 2626 nempe
1332 2579 1433 2626 juste
1476 2588 1602 2624 agere,
1644 2576 1866 2611 charitatem

1161 2643 1275 2691 sequi,
1313 2655 1397 2678 cum
1435 2642 1517 2678 Deo
1557 2640 1748 2676 ambulare
1787 2640 1863 2675 449

1161 2721 1183 2744 a
1202 2720 1249 2753 c,·
1281 2707 1423 2743 nullum
1452 2706 1523 2741 nisi
1553 2704 1754 2753 spirituale,
1784 2704 1865 2739 Deo

1161 2773 1282 2821 placet
1313 2774 1389 2808 449
1420 2784 1461 2816 e;
1493 2773 1570 2807 450
1592 2782 1632 2815 a;
1663 2767 1864 2815 spirituale,

1162 2837 1248 2886 quid
1269 2837 1316 2873 sit
1344 2838 1420 2873 494
1438 2848 1481 2877 e;
1513 2833 1600 2881 quid
1626 2832 1707 2868 Deo
1737 2832 1783 2867 sit
1805 2832 1865 2880 ju-

1161 2902 1322 2938 cundum
1363 2902 1439 2937 495
1480 2911 1525 2944 a,·
1573 2897 1610 2932 in
1660 2895 1865 2944 Synagoga

1161 2967 1390 3002 ‚ludaeorum
1404 2961 1619 3010 temporale,
1638 2961 1674 2996 in
1699 2960 1864 2997 Ecclesia
