2007 3387
316 182 400 221 246
713 181 762 220 B.
809 179 1083 220 CYRILLI
1123 177 1504 219 ALEXANDR.
1738 173 1763 212 i.
1788 186 1828 227 3,
1850 185 1890 223 4.

315 291 464 356 ὀρθῶς
500 290 567 338 ἀεὶ
601 287 804 353 πάρεστι
839 287 1009 353 καιρὸς,
1038 290 1113 338 καὶ
1147 291 1242 340 τοῖς
1271 289 1464 351 ἀγαθοῖς
1491 285 1566 334 καὶ
1592 281 1809 334 ἐπιεικέσι
1835 278 1896 331 τὰ

316 375 379 426 εἷς
423 370 567 439 δόξαν
612 373 736 420 Θεοῦ
774 375 1002 421 τελοῦντα
1040 375 1270 434 πληροῦν,
1309 371 1357 419 ἐν
1394 366 1588 436 ἐξουσίᾳ
1625 361 1891 416 διαπαντός.

273 467 299 507 d
318 458 355 504 εἰ
393 452 440 504 δὲ
476 452 532 515 δὴ
574 454 649 502 καὶ
686 450 740 503 τὸ
779 454 1003 518 ἀπεῖργον
1041 454 1115 503 καὶ
1159 450 1484 518 ἀντιτετάχθαι
1523 451 1687 499 δοκοῦν
1724 442 1897 512 οἴχοιτό

315 558 415 588 πως
439 533 660 597 ἐκποδών,
687 534 791 586 τότε
826 534 882 599 δὴ
913 535 1223 602 παγχάλεπος
1250 536 1439 597 ἀληθῶς
1463 532 1490 596 ἡ
1517 529 1797 594 ἀνάβλησις,
1823 528 1898 577 καὶ

316 616 454 667 ὄκνου
480 614 650 668 λοιπὸν
676 617 953 683 ἐγκλήματα
977 620 1051 668 καὶ
1082 620 1165 681 τῆς
1191 620 1253 669 εὶς
1279 616 1422 681 ἄκρον
1446 613 1739 681 ἀφιλεργίας,
1767 609 1898 674 οἵπερ
1918 623 1939 661 5

317 697 374 749 ἂν
401 697 605 764 γένοιντο
639 700 745 766 περὶ
777 699 943 750 τούτου
981 698 1134 765 λόγοι.
1202 701 1277 749 καὶ
1303 704 1441 749 τοῦτο
1467 694 1596 758 οἶμαί
1615 697 1718 746 ἐστι
1743 691 1797 743 τὸ
1823 690 1899 742 διὰ

98 803 151 832 1³³.
167 801 229 832 cxl.
318 783 478 850 φωνῆς
503 786 586 832 τοῦ
608 782 782 833 Δαυείδ
802 789 828 811 “
848 781 934 846 Μὴ
961 781 1172 850 ἐκκλίνῃς
1199 780 1285 845 τὴν
1311 781 1503 847 καρδίαν
1528 801 1617 841 μου
1641 781 1702 830 εἰς
1727 775 1901 840 λόγους

318 870 344 892 “
368 864 607 929 πονηρίας,
630 869 714 915 τοῦ
739 865 1123 933 προφασίζεσθαι
1148 863 1413 933 προφάσεις
1439 865 1487 913 ἐν
1513 858 1806 928 ἁμαρτίαις.”

282 1120 302 1155 3
326 1114 399 1154 Καὶ
429 1114 597 1161 ὲΓέενετο
634 1115 758 1162 Ain-oc
788 1115 936 1172 Κυρίου
973 1115 1017 1155 ἐν
1055 1114 1161 1171 χειρὶ
1180 1113 1377 1161 ἈΙ-Γαίου
1408 1116 1481 1154 τοῦ
1508 1112 1740 1169 Προφήτου
1767 1112 1902 1159 λὲΓων

283 1210 304 1241 4
394 1195 439 1237 Εἰ
484 1198 629 1254 καιρὸς
673 1196 767 1246 ὑμῖν
810 1200 885 1247 μὲν
923 1199 1023 1249 ἐστι,
1066 1203 1137 1239 τοῦ
1179 1195 1309 1238 οἰκεῖν
1347 1197 1391 1238 ἐν
1435 1194 1570 1238 οἴκοιο
1608 1196 1725 1244 ὑμῶν
1765 1204 1905 1236 κοιλο-
1927 1203 1974 1227 10

284 1298 305 1321 e
392 1282 607 1332 οτάθμοις,
634 1283 656 1323 ὁ
684 1282 729 1323 δὲ
757 1278 872 1323 οἶκος
900 1280 1023 1323 οὗτος
1049 1283 1343 1338 ὲΞΗρὲιμωται.

257 1490 276 1518 e,
399 1434 628 1502 Δεύτερος
656 1435 984 1503 χρηματισμὸς
1010 1435 1139 1501 παρὰ
1165 1440 1290 1487 Θεοῦ
1325 1434 1442 1501 πρὸς
1467 1436 1697 1501 Ἀγγαῖον
1727 1434 1906 1504 ἐλέγχῳ

324 1522 478 1586 σαφεῖ
507 1519 796 1583 κατακρίνων
831 1517 913 1568 τὸν
937 1517 1160 1584 Ἰσραὴλ,
1192 1521 1266 1568 καὶ
1306 1521 1388 1581 τῆς
1424 1523 1506 1568 τοῦ
1537 1521 1661 1568 Θεοῦ
1694 1515 1833 1586 δόξης
1859 1519 1908 1567 ἐν
2005 1555 2007 1623 ι

326 1600 538 1662 ἀμείνοσι
563 1601 747 1651 τιθέντα
779 1600 995 1651 δεικνύων
1032 1600 1092 1650 τά
1130 1604 1192 1654 εἷς
1231 1602 1350 1651 ἰδίαν
1387 1600 1665 1651 ἀνάπαυλαν
1690 1603 1764 1650 καὶ
1794 1623 1905 1666 τρυ-
2005 1625 2007 1647 ι

328 1680 439 1748 φήν.
513 1679 605 1748 ἀρα
644 1681 751 1748 γάρ,
787 1685 957 1750 φησὶν,
993 1683 1121 1733 οὔπω
1160 1680 1246 1745 μὲν
1282 1682 1525 1746 ἐνέστηκεν
1561 1683 1586 1732 ὁ
1628 1681 1785 1747 καιρὸς
1823 1687 1907 1733 τοῦ
1932 1701 1978 1740 15

330 1767 497 1831 χρῆναι
523 1768 751 1826 τιμᾶσθαι
782 1763 865 1815 τὸν
898 1769 992 1815 τῶν
1028 1764 1154 1815 ὅλων
1182 1764 1306 1815 Θεὸν
1340 1764 1648 1830 ἐγηγερμένου
1674 1771 1756 1816 τοῦ
1784 1770 1908 1827 ναοῦ,

328 1847 424 1911 ἥκει
466 1846 513 1897 δέ
546 1846 603 1897 τά
637 1848 765 1910 ὑμῶν
803 1850 865 1900 εἷς
902 1852 1040 1897 τοῦτο
1074 1846 1333 1913 πράγματα
1367 1853 1520 1915 καιροῦ
1551 1870 1600 1898 τε
1638 1850 1714 1898 καὶ
1753 1847 1909 1917 δόξης,

107 1944 195 1978 630
210 1943 259 1976 A·
289 1931 393 1983 αὼς
431 1930 666 1999 ἐντρυφᾶν
703 1928 788 1992 μὲν
831 1930 1006 1983 ἑστίαις
1048 1931 1292 1982 πλουσίως
1330 1930 1798 1993 κατεσκευασμέναις,
1835 1932 1911 1981 καὶ

332 2013 672 2084 κοιλοστάθμοις
707 2016 871 2068 αὐλαῖς
909 2014 1283 2080 ἐναβρύνεσθαι;
1328 2012 1425 2065 εἶτα
1456 2016 1562 2078 ὑμῖν
1595 2017 1648 2066 οὐ
1687 2014 1912 2083 φορτικὸν

330 2098 405 2147 καὶ
431 2096 687 2147 δύσοιστον
710 2095 823 2147 εῖναι
848 2099 983 2159 δοκεῖ,
1009 2096 1400 2164 περιυβρισμένον
1427 2098 1572 2151 οὕτως
1599 2099 1773 2161 ἀτίμως
1798 2100 1911 2165 ὁρᾶν
1933 2120 1982 2145 20

331 2178 412 2230 τὸν
457 2177 586 2242 νεὼν,
627 2178 1032 2245 ἀνατετραμμένον
1071 2202 1120 2230 τε
1159 2181 1234 2229 καὶ
1278 2181 1326 2230 ἐν
1370 2180 1479 2248 ὄψει
1513 2183 1570 2247 τῇ
1608 2181 1718 2230 λίαν
1757 2182 1907 2231 ἀκαλ·

331 2262 557 2332 λεστάτῃ,
609 2266 684 2315 καὶ
734 2266 983 2331 μονονουχὶ
1034 2265 1414 2331 κατακεκραγότα
1463 2268 1544 2329 τῆς
1592 2266 1913 2326 Βαβυλωνίων

332 2346 634 2411 ἀνοσιότητος
676 2349 751 2397 καὶ
795 2351 889 2397 τῶν
928 2347 1136 2414 ἀρχαίων
1174 2348 1356 2398 ἐκείνων
1394 2350 1716 2413 ἐμπρησμῶν;
1766 2349 1913 2400 καίτοι

331 2433 431 2482 πῶς
458 2430 540 2479 οὐκ
573 2429 759 2492 ἄμεινον
793 2429 842 2479 εὖ
874 2428 1041 2496 ἔχοντα
1075 2429 1269 2490 βλέπειν
1296 2431 1369 2480 καὶ
1403 2432 1450 2480 ἐν
1484 2429 1594 2498 ὄψει
1628 2434 1685 2498 τῇ
1714 2432 1910 2500 πρώτῃ;

383 2627 413 2649 2.
440 2618 601 2650 τελοῦντα
628 2617 772 2651 accessit
800 2629 841 2651 ex
869 2617 911 2652 B.
976 2620 1115 2653 τελοῦσι
1141 2624 1220 2663 post
1245 2617 1383 2662 ἐξουσίᾳ
1407 2617 1504 2652 addit
1523 2618 1570 2652 D.
1632 2619 1667 2652 ἐν
1692 2624 1914 2663 assumptum

334 2675 376 2696 cx
397 2663 490 2697 B.D.
800 2675 832 2708 3.
860 2665 895 2698 δὲ
914 2677 984 2699 om.
1004 2665 1048 2700 B.
1099 2665 1225 2700 Statim
1243 2665 1283 2708 δὴ
1301 2672 1521 2709 assumptum
1540 2677 1580 2699 ex
1601 2665 1693 2699 B.D.
1743 2664 1761 2708 ἢ
1780 2677 1842 2710 pro
1860 2666 1914 2699 καὶ

335 2710 393 2742 alt.
415 2710 461 2743 D.
713 2723 747 2753 4.
773 2710 813 2754 δὴ
831 2723 900 2745 om.
921 2712 968 2746 D.
1203 2721 1237 2754 5.
1263 2713 1413 2756 ἔγκλημα
1431 2711 1522 2745 Edd.
1572 2711 1618 2747 εἷς
1635 2712 1737 2755 ι’ίκρον
1756 2712 1801 2746 D.
1821 2712 1913 2747 Edd.

335 2756 480 2790 εἷσάπαν
499 2756 541 2790 Β.
761 2767 791 2802 7.
819 2773 884 2792 σου
902 2770 964 2803 pro
981 2773 1045 2802 μου
1064 2759 1143 2802 (Sic)
1163 2758 1253 2792 Edd.
1479 2769 1530 2792 10.
1557 2758 1632 2802 ὑμῖν
1648 2758 1708 2802 μέν
1725 2759 1800 2792 ἐστι
1818 2759 1912 2793 Β.Ι).

337 2804 453 2846 (Alex.
480 2806 515 2846 N)
540 2802 600 2846 μέν
624 2803 719 2837 ἐστιν
742 2804 819 2848 ὑμῖν
845 2805 891 2839 D.
917 2805 1038 2850 (153.)
1063 2807 1123 2849 μὲν
1148 2805 1223 2848 ὑμῖν
1248 2804 1321 2838 ἐστι
1341 2803 1432 2838 Edd.
1451 2805 1562 2848 (Vat.)
1590 2805 1634 2838 cf.
1662 2805 1789 2850 Glaph.
1817 2805 1861 2848 56
1881 2817 1913 2840 a.

341 2860 392 2891 14.
410 2849 558 2885 τιθέντος
573 2850 653 2894 (Sic)
673 2849 764 2884 Edd.
877 2862 929 2896 15.
948 2854 966 2885 ὁ
985 2852 1082 2886 deest
1098 2853 1134 2886 in
1153 2852 1201 2885 D.
1321 2852 1373 2884 18.
1391 2850 1536 2896 ἑστίαις]
1555 2851 1671 2887 οἰκίαις
1690 2852 1736 2886 D.
1788 2852 1913 2887 Statim

336 2897 743 2940 πλουσίωςὶιὸεωιηηυη]
757 2909 798 2931 ex
813 2897 906 2932 B.D.
948 2897 1270 2942 κατεσκευασμέναις
1284 2897 1330 2932 D.
1347 2898 1420 2932 ἐσκ.
1437 2898 1477 2931 Β.
1493 2897 1585 2932 Edd.
1659 2910 1714 2933 20.
1732 2898 1856 2942 ἀτίμως
1870 2899 1912 2933 Β.

336 2941 492 2986 ἀθέσμως
511 2943 556 2977 D.
578 2943 669 2977 Edd.
915 2956 970 2979 21.
997 2946 1033 2979 δέ
1050 2957 1114 2990 pro
1130 2959 1166 2978 τε
1186 2945 1228 2979 Β.
1475 2955 1529 2978 22.
1555 2945 1803 2991 ἀνιικεκραγότα
1821 2945 1912 2980 Edd.

339 2998 394 3032 23.
421 2990 473 3022 καὶ
494 2993 559 3023 τῶν
575 2990 653 3034 ἀρχ.
672 2990 802 3025 ἐκείνων
821 2991 1027 3036 ἐμπρησμῶν
1044 3004 1113 3026 om.
1135 2992 1177 3025 B.
1227 2992 1433 3036 ἐμπρησμῶν
1452 2991 1497 3026 D.
1517 2992 1765 3036 ἐμπρησμάτων
1782 2992 1873 3026 Eud.
