2049 3366
153 218 364 245 DOCTRINA-

205 328 467 376 spernentibus
499 327 767 376 poenitentiam
804 340 909 376 para-

205 397 265 428 tus
290 395 365 429 314
388 392 424 428 d.

151 455 242 492 Dies
263 457 417 504 priores,
440 456 589 493 saccula
609 463 696 493 ante
718 457 910 493 Christum

205 521 418 569 significant
442 524 514 558 721
540 522 563 557 b
580 534 614 559 e.

152 584 243 621 Dies
281 586 447 635 quintus.
489 598 602 633 quare
642 586 787 636 jejunio
825 586 912 622 olim

206 650 416 686 celebratus
439 652 514 687 725
537 651 584 696 b;
618 653 694 687 726
717 651 753 687 b.

152 714 244 751 Dies
264 727 410 763 regum,
433 715 478 751 de
499 715 596 752 festo
618 716 760 751 dietum
786 716 859 751 109
882 727 913 750 e.

153 778 244 815 Dies
275 780 588 822 Resurrectionis,
621 793 696 827 quo
726 792 837 816 sensu
867 779 914 815 sit

206 845 439 892 expectanda
453 847 529 882 613
545 857 586 890 e;
617 851 766 893 tempus
786 844 913 880 auxilii

207 908 335 945 Divini
357 911 433 946 614
456 922 489 946 a.

154 972 244 1010 Dies
261 973 421 1017 Saeculi‚
436 979 584 1022 tempus
600 973 816 1010 diuturnum
838 972 912 1022 sig-

208 1038 336 1075 nifieat
358 1041 435 1076 350
457 1051 490 1075 a.

154 1102 246 1140 Dies
281 1103 478 1152 septimus,
509 1116 622 1152 quare
653 1102 795 1153 jejunio
827 1101 914 1139 olim

207 1168 417 1204 celebratus
440 1170 516 1205 726
538 1181 571 1204 c.

154 1232 258 1275 Dies,
291 1232 561 1274 Sollennitatis,
592 1245 659 1281 pro
689 1232 748 1268 die
776 1230 917 1269 Judicii

208 1298 348 1333 dictum
375 1299 448 1334 129
470 1298 506 1334 b.

155 1362 303 1408 Dilecti‚
318 1376 338 1398 a
352 1362 528 1408 Domino,
543 1362 588 1398 de
602 1360 761 1398 Judaeis
774 1361 915 1397 dictum

210 1430 287 1464 819
301 1440 347 1473 a3
377 1427 493 1463 nihilo
509 1427 631 1463 minus
651 1439 791 1475 poenas
806 1426 916 1462 luunt

210 1494 287 1529 819
319 1505 364 1538 e3
408 1492 432 1527 ii
467 1498 554 1528 sunt
588 1504 681 1540 quos
718 1491 916 1539 praescivit

209 1556 314 1593 Deus
376 1556 575 1593 dilectione
637 1556 773 1605 dignos
837 1556 916 1592 fore

211 1623 288 1658 820
311 1634 330 1657 c
345 1621 380 1658 d.

155 1686 329 1729 Dilectio,
348 1686 443 1735 legis
464 1685 656 1734 plenitudo
681 1688 754 1722 172
775 1685 813 1722 b.

156 1751 383 1793 Diluculum,
412 1764 480 1799 pro
506 1751 614 1788 malis
640 1750 714 1787 cito
734 1749 914 1792 venturiS,

211 1816 351 1851 dietum
373 1818 449 1852 612
473 1828 506 1852 e.

158 1881 361 1925 Diluvium‚
377 1879 534 1922 Noachi,
549 1879 776 1927 descriptum
793 1881 869 1916 479
884 1892 917 1925 c;

211 1945 333 1991 maris,
364 1952 429 1980 aut
456 1944 668 1988 fluviorum,
699 1944 919 1980 calamitatis

211 2015 323 2058 typus
362 2011 436 2045 481
477 2009 527 2055 b3
572 2008 738 2057 regionis
785 2008 918 2049 Judae,

213 2074 340 2110 divinii
361 2073 499 2110 Judicii
521 2079 633 2122 typus
654 2075 731 2110 484
753 2073 789 2110 d.

159 2139 272 2181 Dina,
295 2139 442 2175 Israelis
462 2139 539 2174 filia
562 2141 636 2175 103
659 2151 699 2178 e;
736 2141 809 2175 107
832 2150 864 2174 a.

159 2203 421 2249 Disealeeatio,
469 2203 725 2251 captivitatem
781 2202 920 2238 indicat

215 2270 292 2305 399
314 2268 358 2314 b3
388 2268 478 2304 item
501 2268 617 2304 vitam
647 2267 777 2316 quovis
807 2267 919 2304 modo

214 2332 422 2368 deformem
444 2335 521 2370 400
542 2333 578 2368 b.

161 2396 379 2444 Disciplina,
410 2397 466 2432 vel
500 2397 658 2438 animae,
687 2397 745 2433 vel
774 2396 920 2445 corpori

215 2460 385 2508 perutilis
417 2463 467 2497 94
498 2473 520 2496 a
538 2473 558 2496 c
574 2474 584 2507 3
628 2461 812 2509 neglecta,
842 2462 918 2498 exi-

215 2525 322 2568 tium,
344 2530 517 2572 suscepta
537 2524 635 2560 salus
656 2531 714 2561 est
734 2528 810 2562 612
832 2526 855 2561 1)
868 2538 901 2562 e.

162 2588 357 2637 Discipuli,
373 2588 526 2634 Christi,
540 2601 627 2626 cum
641 2589 788 2625 delectu
800 2590 921 2626 vocati

216 2658 316 2697 sunt,
356 2665 431 2690 non
471 2658 604 2702 sponte
643 2666 708 2689 sua
745 2653 791 2689 ad
824 2654 921 2690 Eum

216 2723 455 2754 accesserunt
471 2719 545 2754 231
562 2730 582 2754 e
592 2730 602 2763 3
632 2718 811 2766 flagellati
823 2724 921 2760 sunt,

217 2782 314 2818 caesi
362 2782 575 2832 gaudebant
614 2784 691 2818 420
730 2794 749 2818 e
767 2795 776 2827 ;
816 2783 922 2831 agnis

217 2846 495 2883 luxuriantibus
534 2846 738 2894 comparati
772 2848 844 2882 441
880 2846 903 2882 d
911 2859 922 2892 3

219 2912 320 2956 item,
342 2911 473 2948 catulis
494 2911 646 2948 leonum
669 2913 744 2948 442
758 2910 802 2957 b,-
841 2910 924 2946 vide

219 2974 408 3024 Apostoli.

686 207 898 244 INDEX
960 207 1204 244 RERUM.

1665 207 1737 242 671

984 326 1165 375 Discipuli
1594 324 1744 360 divitiae

1038 394 1114 429 808
1137 404 1169 428 c.

983 457 1177 498 Diseissio,
1201 456 1373 498 vestium,
1395 468 1476 491 mos
1496 454 1745 497 Judaeorum,

1248 326 1516 375 magistrorum

1037 534 1058 557 a
1073 521 1303 568 blasphemia
1319 520 1612 562 abhorrentium,
1628 532 1649 554 a
1662 518 1745 554 Deo

1036 586 1321 633 reprehenditur
1361 587 1437 621 496
1469 597 1490 620 a
1509 585 1558 630 b;
1607 583 1745 625 cordis,

1037 650 1322 686 commendatur
1345 651 1421 686 496
1444 662 1473 685 c.

984 714 1187 762 Dispersio,
1238 714 1468 750 Judaeorum
1521 712 1747 761 praedicitur

1039 782 1085 816 61
1111 792 1157 825 e,
1186 779 1429 820 Judaeorum,
1460 790 1535 814 non
1565 777 1746 814 extinctio

1038 843 1107 880 fuit
1139 847 1187 881 73
1211 843 1257 885 (1;
1293 843 1536 884 Judaeorum,
1557 842 1749 890 praedicta

1037 914 1074 945 et
1105 908 1270 956 perfecta
1308 909 1380 944 142
1417 919 1462 953 c3
1505 907 1669 953 Gratiae,
1702 907 1748 943 de

1039 973 1182 1009 Christi
1255 972 1531 1021 praedieatione

1041 1040 1117 1074 566
1139 1038 1174 1074 b.

984 1102 1111 1145 Dives,
1129 1103 1166 1138 in
1187 1102 1368 1139 Parabola
1387 1102 1542 1143 Christi,
1562 1101 1748 1138 amentiae

1605 972 1746 1008 dietum

1039 1167 1251 1215 exemplum
1274 1167 1421 1215 insigne
1444 1168 1521 1203 860
1543 1179 1575 1202 e.

985 1233 1173 1274 Dividere,
1192 1233 1237 1268 de
1257 1231 1504 1268 beneficentia
1520 1231 1590 1267 Dei
1607 1230 1747 1267 dictum

1040 1299 1117 1335 850
1138 1297 1174 1334 b.

985 1362 1186 1406 Divinatio,
1230 1374 1295 1409 per
1342 1361 1480 1409 virgas,
1524 1359 1749 1396 Chaldaicae

1039 1426 1265 1463 curiositatis
1286 1426 1480 1462 inventum
1502 1428 1550 1462 75
1573 1437 1604 1460 c.

985 1491 1182 1535 Divinitas,
1203 1491 1306 1527 nullo
1326 1490 1409 1526 loeo
1431 1490 1606 1527 definitur
1628 1491 1676 1527 93
1700 1489 1736 1525 d.

987 1555 1132 1592 Divisio
1181 1555 1328 1592 urbium
1366 1555 1465 1591 inter
1501 1555 1645 1599 hostes,
1684 1554 1706 1590 J
1712 1567 1750 1591 u-

1040 1621 1141 1658 daeis
1160 1620 1388 1669 praedicitur
1409 1622 1486 1657 466
1508 1632 1539 1657 a.

986 1685 1161 1728 Divitiae,
1210 1685 1406 1733 iniquitate
1452 1690 1593 1732 partae,
1639 1696 1750 1731 quarn

1040 1751 1115 1786 sint
1142 1750 1296 1796 fugaces
1322 1752 1394 1786 173
1417 1749 1462 1791 d;
1492 1749 1647 1796 laqueus
1675 1748 1751 1783 dia-

1040 1815 1115 1851 boli
1147 1817 1223 1851 424
1256 1814 1302 1855 d;
1343 1826 1456 1850 causa
1484 1819 1590 1850 erant
1620 1813 1752 1860 iniqui-

1041 1879 1129 1915 tatis
1160 1879 1289 1914 Israeli
1320 1881 1393 1915 451
1428 1890 1474 1924 c;
1518 1890 1627 1926 quarn
1658 1877 1751 1912 nihil

1040 1943 1186 1992 prosint
1220 1943 1342 1991 impiis
1384 1944 1459 1979 588
1496 1943 1544 1984 b;
1591 1944 1668 1979 590
1703 1955 1750 1983 a;

1042 2020 1151 2056 quam
1173 2007 1400 2055 periculosae
1421 2006 1589 2043 moribus
1611 2009 1688 2043 590
1709 2007 1750 2051 b;

1042 2086 1153 2121 quam
1182 2073 1336 2121 fugaces
1358 2074 1434 2109 590
1456 2084 1497 2117 c;
1527 2084 1637 2108 verae
1664 2078 1752 2107 sunt

1041 2138 1077 2173 in
1100 2138 1181 2173 Deo
1209 2137 1442 2184 quaerendae
1464 2139 1540 2174 590
1561 2149 1608 2183 e,
1639 2148 1751 2184 quam

1042 2203 1116 2239 sint
1155 2203 1321 2238 moribus
1355 2202 1557 2238 damnosae
1592 2203 1667 2238 608
1704 2213 1750 2246 a,

1041 2268 1178 2316 impiis,
1209 2273 1253 2304 ut
1280 2267 1412 2315 Tyriis,
1443 2266 1534 2302 nihil
1564 2265 1752 2302 commodi

1042 2332 1167 2368 ferunt
1190 2334 1263 2369 731
1288 2332 1336 2377 d3
1372 2331 1592 2379 populorum
1614 2343 1635 2366 a
1653 2330 1753 2366 Juda

1041 2396 1240 2444 rapiendae
1262 2398 1338 2432 807
1356 2408 1396 2441 e;
1429 2401 1656 2437 sanctorum,
1678 2394 1752 2443 spi-

1043 2461 1196 2497 rituales
1217 2466 1306 2496 sunt
1327 2462 1403 2497 808
1426 2472 1458 2495 a.

989 2525 1214 2566 Divortium‚
1247 2524 1331 2573 lege
1363 2523 1482 2560 Mosis
1515 2523 1751 2572 permissum,

1043 2602 1065 2625 a
1100 2589 1287 2636 Propheta
1328 2600 1443 2636 quare
1480 2588 1753 2626 condemnetur

1044 2655 1121 2690 846
1143 2654 1166 2689 b
1180 2653 1214 2688 d.

990 2718 1191 2758 Doctores,
1210 2717 1345 2752 divinis
1364 2716 1651 2753 charismatibus
1672 2728 1751 2752 sea-

1043 2786 1167 2818 tentes
1187 2781 1330 2831 campis
1350 2781 1554 2829 comparati
1577 2784 1653 2818 242
1675 2781 1711 2817 b.

993 2845 1187 2887 Doctrina,
1203 2846 1307 2887 falsa,
1323 2858 1440 2894 aquae
1461 2845 1632 2882 turbidae
1652 2858 1752 2881 com-

1046 2915 1174 2957 parata
1209 2912 1280 2947 101
1305 2911 1349 2955 b;
1384 2910 1487 2953 falsa,
1519 2910 1642 2947 nullos
1671 2922 1750 2946 om-

1049 2988 1149 3018 inno,

1209 2988 1306 3017 vera,
1364 2974 1524 3024 optimos
1582 2974 1752 3024 producit
