2018 3387
140 186 210 226 xii.
236 202 275 241 9,
304 202 367 229 ιο.
520 190 593 230 IN
635 189 1060 230 ZACHARIAM.
1123 188 1274 229 TOM.
1304 188 1353 227 V.
1647 187 1724 225 Δ191

139 299 165 322 “
192 294 428 359 δυνάμεως
467 299 622 360 αὐτοῦ,
656 297 955 364 καθαρισμὸν
990 302 1084 348 τῶν
1121 298 1360 362 ἁμαρτιῶν
1397 292 1730 358 ποιησάμενος,

139 382 165 405 “
192 375 409 429 ἐκάθισεν
449 381 497 430 ἐν
536 380 668 449 δεξιᾷ
708 386 792 430 τοῦ
831 379 1001 446 θρόνου
1040 382 1122 442 τῆς
1163 376 1508 445 μεγαλωσύνης
1547 376 1597 427 ἐν
1634 379 1731 428 τοῖς

139 464 165 486 “
193 459 445 526 ὑψηλοῖς.”
508 463 671 525 συνίης
714 462 796 512 οὖν
834 461 961 514 ὅπως
1004 465 1225 514 παλαιοῖς
1264 483 1311 510 τε
1356 457 1451 522 ἅμα
1493 460 1568 508 καὶ
1614 457 1730 511 νεόις

136 539 422 603 παιδεύμασι
449 542 532 596 τὰς
558 548 653 593 τῶν
671 542 1147 608 μυσταγωγουμένων
1168 542 1351 606 ὀνίνησι
1377 539 1562 610 ψυχάςς
1602 539 1728 590 ἔσται

93 639 116 679 5
137 621 292 672 τοίνυν
318 626 471 690 φησὶν
498 631 515 676 ὁ
546 624 661 680 οἶκος
690 621 865 676 Δαυεὶδ
894 627 950 680 ὡς
989 623 1105 679 οἶκος
1133 626 1245 675 Θεοῦ
1272 627 1328 679 ως
1355 622 1560 689 ἄγγελος
1582 624 1729 691 Κυρίου

137 703 305 755 ἐνώπιον
336 705 490 758 αὐτῶν.

140 976 215 1018 Καὶ
258 977 377 1019 ἔσται
420 978 464 1019 ὲν
508 983 558 1036 τῷ
605 979 743 1036 ιῖιμέρα
786 978 928 1036 ὲκείνῌ
973 978 1140 1035 ζΗτὲιοω
1182 979 1255 1018 τοῦ
1299 977 1451 1033 ἐξᾶραι
1493 977 1631 1016 Πάντα
1675 974 1770 1017 τὰ9

204 1060 305 1101 ἓθνΗ
354 1061 405 1103 τὰ
456 1063 724 1119 ἐπερχόμενα
775 1063 845 1103 'eni
887 1060 1189 1118 Ἵερουοαλέιμ,
1233 1060 1301 1101 καί
1351 1059 1487 1115 ἐκχεῶ
1535 1058 1605 1099 ἐπὶ
1653 1058 1726 1099 τὸν
1752 1068 1798 1093 10

204 1139 323 1185 οἶκον
356 1144 513 1185 Δαυεὶδ
554 1145 617 1187 καὶ
656 1145 725 1186 ὲτῐί
763 1145 861 1187 τοὺς
901 1147 1206 1186 κατοικοῦντας
1237 1142 1523 1199 Ἵερουσαλέιμ
1562 1143 1727 1190 Πνεῦμα

69 1240 118 1266 10
204 1227 376 1284 χάριτος
416 1227 483 1268 καὶ
521 1226 755 1286 οἰκτιρμοῦ,
796 1228 863 1269 καὶ
900 1227 1207 1278 ὲττιβλέψονται
1244 1227 1353 1283 Πρός
1390 1226 1454 1275 με.

213 1380 400 1434 Σκοπὸς
443 1381 568 1433 ἔσται
610 1382 693 1445 μοί
735 1385 887 1449 φησιν
926 1380 1079 1449 ἐξᾶραι
1123 1378 1206 1443 μὲν
1245 1377 1399 1430 πάντα
1441 1376 1502 1428 τα
1546 1376 1628 1438 ἔθνη
1670 1375 1730 1427 τὰ

136 1463 443 1530 μεμαχημένα
477 1467 535 1530 τῇ
568 1464 679 1532 ἁγίᾳ
710 1462 870 1525 πόλει,
900 1461 1117 1513 τουτέστι
1152 1464 1210 1528 τῇ
1243 1460 1528 1529 Ἐκκλησία·
1578 1458 1729 1529 χάριτι

136 1544 286 1610 γεμὴν
325 1547 400 1596 καὶ
443 1550 682 1616 οἶκτιρμοῖς
719 1549 996 1612 περιβαλεῖν
1034 1543 1117 1595 τὸν
1156 1541 1282 1594 οἷκον
1319 1541 1475 1593 Ἰούδα
1517 1547 1593 1593 καὶ
1634 1539 1731 1596 τοῗις

139 1629 454 1683 κατοικοῦντας
508 1626 810 1697 Ἰερουσαλὴμ,
861 1627 1079 1678 τουτέστι
1135 1623 1244 1679 τοὺς
1299 1627 1382 1688 τῆς
1436 1624 1730 1688 Ἐκκλησίας

71 1729 117 1766 15
135 1709 350 1772 πολίτας,
377 1712 452 1760 καὶ
487 1711 536 1761 ἐν
565 1715 661 1764 τοῖς
695 1714 836 1761 αἰνεῖν
868 1709 1120 1779 ὀφείλουσι
1153 1705 1599 1772 κατατεταγμένους·
1641 1703 1730 1755 εἶεν

136 1791 180 1840 δ’
209 1788 266 1841 ἂν
294 1791 420 1842 οὗτοι
451 1791 600 1844 πάλιν
627 1795 668 1844 οἱ
702 1796 1079 1859 προσκυνοῦντες
1105 1793 1320 1858 Χριστῷ,
1347 1791 1421 1839 καὶ
1456 1792 1551 1841 τοῖς
1584 1787 1725 1852 εὐαγ-
1747 1793 1775 1834 d

134 1877 338 1938 γελικοῖς
377 1875 709 1937 θεσπίσμασιν
745 1874 943 1925 ἕπεσθαι
980 1876 1074 1923 δεῖν
1109 1871 1329 1940 ᾑρημένοι
1364 1867 1450 1933 τὴν
1482 1870 1648 1919 εὐκλεᾶ
1680 1891 1729 1918 τε

136 1955 211 2004 καὶ
239 1954 589 2019 ἀνεπίπληκτον
607 1959 941 2021 κατορθοῦντες
969 1953 1101 2020 ζωήν.
1143 1953 1213 2004 ὅτι
1239 1951 1333 2018 γὰρ
1359 1952 1562 2015 ἔμελλον
1579 1951 1729 2017 ἀῤῥω-

135 2038 317 2099 στῆσαι
357 2035 411 2087 τὸ
454 2037 623 2087 ἄναλκι
663 2036 816 2101 πάντη
862 2059 910 2087 τε
946 2038 1021 2086 καὶ
1060 2034 1247 2088 πάντως
1294 2037 1335 2084 οἱ
1379 2036 1462 2097 τῆς
1506 2032 1729 2096 ἀληθείας

69 2142 118 2167 20
135 2118 293 2184 ἐχθροὶ
323 2122 553 2186 σαφηνιεῖ
582 2118 737 2184 λέγων
766 2121 840 2169 καὶ
876 2119 1013 2171 αὐτὸς
1050 2119 1075 2168 ὁ
1111 2115 1281 2182 Σωτήρ
1308 2123 1336 2146 “
1354 2113 1423 2166 Σὺ
1458 2112 1499 2165 εἶ
1532 2112 1727 2179 Πέτρος,

137 2205 163 2228 “
189 2202 264 2250 καὶ
291 2201 365 2251 ἐπὶ
387 2199 533 2267 ταύτῃ
559 2205 618 2268 τῇ
644 2200 794 2269 πέτρᾳ
821 2198 1117 2264 οἰκοδομήσω
1143 2221 1234 2262 μου
1259 2197 1344 2262 τὴν
1363 2196 1632 2260 ἐκκλησίαν,
1651 2198 1726 2246 καὶ

135 2287 164 2310 “
189 2281 338 2332 πύλαι
363 2280 476 2350 ᾅδου
502 2283 555 2332 οὐ
582 2282 962 2350 κατισχύσουσιν
989 2282 1174 2344 αὐτῆς.”
1224 2279 1337 2349 ᾅδου
1364 2278 1412 2329 δὲ
1438 2277 1593 2331 πύλας
1620 2276 1728 2330 τοὺς

136 2362 315 2412 διώκειν
355 2362 500 2427 αὐτὴν
542 2363 803 2426 ἐθέλοντας,
843 2365 1008 2431 φησὶν,
1049 2361 1147 2413 οἷον
1187 2361 1410 2427 ὀλέθρους
1462 2358 1602 2412 ὄντας
1651 2361 1727 2409 καὶ

137 2442 359 2511 φθόρους,
386 2446 462 2494 καὶ
496 2447 570 2495 ἐπὶ
608 2445 840 2510 πέταυρον
872 2442 986 2512 ᾅδου
1021 2443 1340 2509 κατακομίζειν
1367 2440 1586 2494 εἰωθότας
1619 2439 1766 2494 τοὺςε

189 2630 219 2653 1.
244 2617 363 2664 αὐτοῦ]
396 2622 433 2659 -1-
463 2617 504 2653 δι’
531 2619 652 2653 ἑαυτοῦ
679 2618 770 2652 Edd.
796 2618 908 2652 invito
936 2617 977 2652 C.
1063 2616 1249 2662 ἁμαρτιῶν]
1282 2622 1318 2656 -ὶ-
1348 2616 1439 2659 ἡμῶν
1464 2614 1522 2649 iid.
1549 2615 1660 2649 invito
1687 2615 1727 2650 C.

140 2676 172 2700 2.
197 2667 267 2701 τοῖς
284 2671 508 2710 assumptum
526 2677 567 2699 ex
587 2664 629 2699 C.
741 2676 773 2709 3.
797 2666 913 2708 συνίης
930 2664 1075 2698 correxi.
1095 2664 1221 2698 συνιεὶς
1240 2663 1269 2696 Β
1287 2668 1327 2696 ut
1344 2662 1414 2696 vid.
1432 2662 1472 2696 C.
1492 2663 1617 2696 συνιεῖς
1635 2661 1728 2697 Edd.

138 2711 228 2747 ὅπως
245 2719 468 2756 assumptum
487 2724 527 2746 ex
547 2711 640 2746 C.D.
707 2711 874 2756 Quinque
893 2711 964 2745 fere
984 2711 1050 2744 litt.
1069 2709 1234 2744 evanidae
1252 2710 1288 2742 in
1308 2709 1348 2742 Β.
1415 2708 1558 2742 Lacuna
1579 2709 1615 2741 in
1634 2708 1726 2742 Edd.

138 2771 171 2800 4.
196 2757 533 2804 μυσταγωγουμὲνων
551 2758 641 2793 C.D.
660 2758 797 2802 παιδαγ.
818 2756 910 2791 Edd.
1093 2766 1126 2800 5.
1153 2757 1196 2791 ὡς
1213 2753 1303 2791 οἶκος
1321 2757 1408 2789 Θεοῦ
1427 2761 1607 2798 assumpta
1623 2766 1663 2787 ex
1685 2754 1726 2789 C.

139 2805 173 2839 8.
199 2805 287 2849 ἐκχῶ
306 2805 385 2849 (Sic)
403 2804 464 2839 iid.
581 2816 634 2839 ΙΙ.
661 2802 811 2849 Σποπός]
832 2801 942 2839 οἶκτος
960 2802 1049 2847 (Sic)
1070 2803 1115 2836 D.
1168 2802 1294 2836 Statim
1311 2802 1407 2836 ἔσται
1427 2801 1519 2835 C.D.
1539 2801 1614 2834 ἐστι
1632 2800 1725 2836 Edd.

138 2851 246 2884 πάντα
265 2851 361 2885 deest
378 2852 413 2885 in
433 2850 526 2885 Edd.
660 2862 712 2896 13.
735 2852 957 2895 περιβάλλειν
975 2849 1016 2883 C.
1035 2849 1145 2883 invito
1163 2849 1197 2882 b.
1346 2859 1398 2890 15.
1421 2848 1612 2893 ὠφειλουσι
1633 2847 1724 2881 Edd.

139 2902 219 2931 ante
238 2897 276 2931 Μ
281 2897 372 2942 igne.
392 2898 523 2931 correxi
541 2909 582 2932 ex
602 2897 642 2931 C.
799 2907 850 2941 17.
877 2896 946 2929 δεῖν
962 2901 1183 2940 assumptum
1202 2907 1242 2929 ex
1262 2894 1303 2929 C.
1448 2905 1503 2928 21.
1528 2894 1651 2938 ταύτην
1667 2895 1727 2937 τὴν

138 2943 265 2987 πέτραν
281 2955 299 2977 e
316 2955 405 2977 corr.
424 2956 531 2978 manu
549 2950 588 2978 ut
605 2943 675 2978 vid.
695 2943 806 2988 prima
825 2943 866 2977 C.
885 2943 987 2986 ταύτῃ
1006 2944 1045 2986 τῇ
1063 2942 1170 2986 πέτρᾳ
1188 2941 1293 2976 habet
1313 2941 1359 2976 D.
1481 2952 1536 2975 22.
1562 2940 1665 2984 αὐτὴν
1683 2942 1725 2976 C.

138 2989 223 3032 ᾅδου
241 2990 277 3023 δέ
296 2989 337 3024 C.
356 2990 429 3024 ἰδοὺ
447 2991 509 3024 ὧδε
530 2990 622 3024 Edd.
816 3001 870 3032 24.
897 2990 950 3024 ἐπὶ
970 2988 1010 3023 C.
1028 2988 1074 3024 εἷς
1091 2988 1150 3023 iid.

899 3056 1016 3097 ,ΞΜ

1789 2127 1948 2159 S.Matth.

1789 2173 1855 2202 xvi.
1876 2172 1925 2202 18.
