2007 3366
70 1675 126 1705 Es.

71 1718 235 1756 xx'xvi.14‚

76 1771 124 1802 15,
146 1771 197 1794 20.

72 2033 122 2064 ΙΙ).
140 2045 169 2064 x.
186 2040 232 2072 15.

302 169 358 209 22
699 174 746 215 B.
786 172 1065 214 CYRILLI
1111 174 1492 216 ALEXANDR.
1680 175 1705 214 i.
1734 187 1798 224 10,
1821 187 1882 214 11.

300 303 351 332 τε
393 285 469 334 καὶ
515 286 878 352 καταβρίθοντες
921 289 1022 338 ταῖς
1065 289 1160 336 τῶν
1203 286 1425 350 πολέμων
1469 291 1770 347 συμπλοκαῖς
1810 287 1886 337 καὶ

299 369 401 419 ταῖς
442 366 697 435 ἀφορήτοις
740 369 1166 421 καταδυναστείαις.
1230 369 1321 437 ε”φη
1363 369 1411 420 δὲ
1455 368 1602 435 αὐτὴν
1640 391 1883 434 καταπρη-

301 446 589 512 σθήσεσθαι,
629 451 704 500 καὶ
743 453 800 504 ὡς
842 448 1056 517 καλάμην
1095 450 1308 520 &paca-[005
1345 453 1520 520 μεστήν.
1589 450 1887 514 ἑτοιμότατον

301 528 350 579 δὲ
385 532 468 594 τῆς
505 530 725 599 καλάμης
759 529 813 582 τὸ
852 534 1012 599 χρῆμα
1042 531 1159 598 πρὸς
1189 531 1243 583 τὸ
1274 536 1573 585 δαπανᾶσθαι
1603 534 1730 600 πυρί.
1797 556 1880 584 κα-

300 613 655 681 τεμπιπραμένῃ
706 613 753 664 δὲ
801 613 964 681 ὥσπερ
1012 619 1070 683 τῇ
1115 615 1275 666 Νινευῒ
1319 618 1393 667 καὶ
1436 615 1698 684 πασχούσῃ
1736 615 1795 667 τὰ
1833 614 1890 684 ἐξ
1905 631 1926 669 5

259 707 281 734 0
301 694 443 759 ὀργῆς
487 695 835 764 καταδῃουμένῃ
879 719 930 747 τε
972 695 1141 749 λοιπὸν
1183 699 1207 748 ὁ
1249 697 1508 766 Προφήτης
1552 699 1886 767 ἐπιφθέγγεται

298 778 375 826 καὶ
398 782 481 827 τοῦ
507 776 566 827 τὰ
591 778 745 829 τοιάδε
777 783 944 830 παθεῖν
969 779 1056 845 τὴν
1081 779 1329 848 πρόφασιν
1356 781 1703 832 καταλευκαίνει
1730 782 1886 846 λέγων

297 860 379 909 Ἐκ
419 860 494 909 σοῦ
532 860 806 930 ἐξελεύσεται
846 862 1071 930 >noym-[abc
1112 862 1236 914 κατὰ
1279 865 1349 914 τοῦ
1392 865 1540 931 Κυρίου
1579 864 1740 934 πονηροὶ
1780 866 1886 924 βου-

297 941 524 1009 λευόμενος
569 943 756 996 ἐναντίοι.
825 945 1055 1014 προκείσῃ
1095 948 1248 1013 φησὶν
1298 949 1360 999 εἷς
1404 944 1654 1011 ἐρήμωσιν,
1700 946 1788 1014 ἐσῃ
1837 946 1885 998 δὲ

296 1024 373 1073 καὶ
425 1025 487 1078 ὡς
536 1049 713 1095 χερσος,
760 1050 834 1078 και
872 1027 968 1093 μὴν
1013 1030 1089 1079 καὶ
1139 1028 1519 1097 καταφλεχθήσῃ
1570 1052 1693 1127 πυρι,
1742 1033 1885 1098 λογιῇ
1908 1049 1954 1074 10

296 1104 390 1202 γὰρ
429 1106 549 1158 κατὰ
593 1115 677 1160 τοῦ
719 1113 845 1161 Θεοῦ
889 1109 1015 1162 δεινὰ
1056 1112 1131 1161 καὶ
1181 1111 1419 1178 ὑπέροπτα
1463 1134 1538 1162 και
1588 1112 1648 1161 τὰ
1698 1112 1882 1165 ἐναντια..

295 1189 321 1239 ὁ
372 1212 458 1252 μεν
505 1189 599 1258 γὰρ
645 1196 740 1242 τῶν
782 1192 909 1244 ὅλων
960 1192 1080 1247 Θεος
1132 1198 1505 1257 πλημμελοῦντα
1555 1194 1637 1245 τὸν
1679 1194 1883 1260 Ἰσραὴλ

295 1270 520 1338 κολάζων,
554 1273 790 1326 εὐάλωτον
825 1276 1038 1327 ἀπετέλει
1077 1278 1152 1326 καὶ
1187 1281 1281 1330 τοῖς
1319 1281 1423 1329 σοῖς
1462 1275 1603 1327 αὑτὸν
1642 1276 1882 1344 ὑπεκόμιζε

294 1354 428 1404 ποσί.
497 1356 707 1424 διακείσῃ
743 1357 893 1424 γεμὴν
931 1359 1017 1426 οὐχ
1056 1360 1202 1412 οὕτως
1240 1357 1372 1422 αὑτὴ,
1399 1364 1567 1421 νομιεῖς
1606 1358 1654 1410 δὲ
1692 1364 1883 1422 μᾶλλον

249 1442 276 1483 d
296 1436 514 1503 ᾑρηκέναι
539 1437 626 1504 τὴν
650 1440 881 1491 Ἰουδαίαν
907 1443 982 1491 καὶ
1017 1442 1103 1509 οὐχ
1133 1440 1317 1495 ἑκόντος
1341 1443 1493 1492 αὐτοῦ.
1560 1441 1765 1508 ε”χουσαν
1790 1440 1882 1508 γάρ
1905 1462 1951 1500 15

295 1520 441 1573 οὕτως
474 1520 734 1587 εὑρήσομεν
766 1522 853 1588 τὴν
882 1522 1130 1592 Ῥαψοῖκου
1165 1523 1523 1590 περιττοὲπειαν,
1560 1524 1634 1574 ὅτε
1674 1523 1761 1589 τὴν
1799 1530 1881 1576 τοῦ

296 1604 421 1652 Θεοῦ
465 1604 785 1670 κατεκερτόμει
838 1603 997 1674 δόξαν,
1043 1604 1197 1671 λε’γων
1248 1611 1343 1659 τοῖς
1395 1606 1669 1669 καθημένοις
1717 1608 1765 1657 ἐν
1816 1609 1883 1676 τῷ

295 1684 434 1752 τείχει
484 1693 510 1714 “
532 1685 619 1751 Μὴ
669 1687 893 1738 ἀπατάτω
938 1689 1055 1751 ὑμᾶς
1099 1688 1306 1755 Ἐζεκίας
1350 1688 1524 1754 λόγοις,
1566 1687 1609 1739 οἳ
1654 1689 1707 1739 οὐ
1745 1688 1882 1753 δυνή-

297 1772 323 1795 “
349 1789 517 1818 σονται
554 1768 797 1835 ῥύσασθαι
836 1771 967 1833 ὑμᾶς·
1021 1772 1095 1821 καὶ
1126 1769 1192 1835 μὴ
1227 1770 1402 1837 λεγέτω
1436 1772 1542 1833 ὑμῖν
1566 1769 1775 1836 Ἐζεκίας
1810 1770 1881 1822 ὅτι

296 1856 323 1878 “
349 1849 541 1916 ῥύσεται
577 1852 602 1901 ὁ
644 1850 765 1905 Θεὸς
805 1850 892 1917 τὴν
926 1851 1245 1918 Ἰερουσαλὴμ
1290 1855 1339 1904 ἐκ
1379 1851 1531 1920 χειρός
1568 1853 1702 1916 μου.”
1762 1852 1880 1920 πρὸς
1901 1876 1951 1901 20

296 1930 354 1997 δὴ
393 1930 481 1998 τὴν
519 1935 666 1988 οὕτως
701 1935 1030 1999 ἀβουλοτάτην
1061 1937 1136 1986 καὶ
1169 1934 1362 1986 ἀνόσιον
1397 1937 1585 1999 ἀληθῶς
1620 1937 1881 2002 ἀθυροστο-

294 2014 406 2078 μίαν
430 2017 707 2081 ἀπελογεῖτο
733 2018 758 2067 ὁ
786 2016 907 2071 Θεὸς
932 2020 1007 2068 καὶ
1039 2016 1115 2068 διὰ
1141 2021 1301 2087 φωνῆς
1326 2018 1535 2069 Ἡσαΐου
1561 2018 1715 2084 λέγων
1743 2025 1770 2048 “
1793 2017 1881 2084 Μὴ
1941 2054 1946 2072 ς

296 2104 322 2127 “
346 2098 700 2166 δοξασθήσεται
727 2099 862 2168 ἀξίνη
897 2101 1005 2151 ἄνευ
1031 2105 1114 2151 τοῦ
1149 2099 1404 2155 κόπτοντος
1439 2102 1487 2151 ἐν
1512 2102 1642 2169 αὐτῇ,
1673 2099 1701 2165 ἢ
1736 2102 1872 2170 ὑψω-

294 2188 322 2209 “
349 2179 545 2245 θήσεται
579 2183 729 2248 πρίων
767 2183 875 2234 ἄνευ
913 2188 997 2233 τοῦ
1036 2183 1257 2236 ἕλκοντος
1294 2182 1435 2234 αὐτόν
1455 2184 1494 2242 ;”
1534 2181 1698 2249 ὥσπερ
1728 2182 1877 2249 γὰρὴ

293 2263 444 2331 ἀξίνη,
471 2264 558 2315 κᾶν
583 2264 831 2330 τομωτάτη
865 2288 933 2319 τις
968 2265 1035 2326 εἰἠ
1062 2266 1138 2316 καὶ
1170 2267 1413 2333 εὕχαλκος,
1442 2267 1524 2316 οὐκ
1557 2264 1614 2316 ἂν
1647 2264 1876 2334 ἐνεργήσῃ
1897 2290 1945 2329 25

293 2347 398 2412 περὶ
443 2345 526 2400 τὰς
570 2351 665 2398 τῶν
709 2347 910 2414 δένδρων
951 2346 1208 2411 ἀποτομὰς,
1253 2351 1290 2399 εὶ
1340 2347 1405 2413 μή
1450 2370 1518 2401 τις
1560 2346 1704 2411 αὐτὴν
1744 2348 1876 2403 ἰδίαις

351 2588 384 2618 4.
411 2575 641 2623 δαπανᾶσθαι]
673 2577 969 2612 καταδιιπανᾶσθαι
998 2577 1089 2612 Edd.
1154 2578 1445 2623 κατεμπιπραμένῃ
1477 2577 1522 2612 D.
1548 2592 1753 2622 καταπιμπρ.
1780 2579 1873 2614 Edd.

293 2631 314 2666 5
319 2649 326 2656 .
296 2623 412 2666 ςτὴν
430 2623 519 2669 (sic)
540 2625 586 2659 D.
813 2634 844 2670 7.
870 2625 988 2659 παθεῖν
1006 2625 1048 2659 Β.
1055 2626 1100 2659 Ι).
1117 2625 1230 2671 λέγειν
1248 2625 1341 2660 Edd.
1581 2636 1633 2659 10.
1659 2627 1757 2670 λυγιῇ
1779 2626 1872 2662 B.D.

292 2671 412 2713 λογιζῃ
430 2671 489 2704 iid.
777 2683 789 2706 1
801 2683 829 2706 1.
855 2674 915 2706 τοῦ
932 2641 1181 2717 εεευῐῃρῐυηιγ
1172 2685 1213 2706 ex
1234 2672 1274 2706 B.
1574 2682 1625 2705 12.
1652 2673 1800 2714 κολάζων
1815 2675 1874 2708 τὸν

291 2714 457 2760 Ἰσραὴλ
452 2729 509 2751 lnv
512 2729 588 2751 erso
605 2717 727 2753 ordine
745 2718 793 2753 D.
1217 2730 1268 2762 13.
1295 2718 1402 2753 αυτῶν
1419 2718 1498 2761 (sic)
1519 2717 1564 2752 D.
1628 2718 1805 2762 ἀπεκόμιζε
1825 2720 1872 2755 D.

297 2764 350 2795 10.
376 2777 641 2816 περισσοεπειαν
660 2766 705 2799 D.
1158 2776 1211 2810 17.
1237 2765 1340 2808 δόξαν
1355 2767 1586 2808 κατεκερτόμει
1603 2772 1636 2799 et
1654 2765 1689 2798 ἐν
1705 2768 1750 2811 τῷ
1768 2767 1872 2811 τείχει

293 2809 511 2852 καθημενοις
505 2823 563 2844 lm
566 2823 641 2845 erso
659 2812 779 2846 ordine
798 2812 845 2846 D.
1028 2813 1080 2847 18.
1105 2812 1253 2855 Ἐζεκίας
1270 2813 1385 2857 λόγοις
1402 2812 1467 2846 hoc
1485 2811 1606 2846 ordine
1625 2813 1670 2846 D.
1718 2813 1757 2845 οὐ
1774 2813 1871 2857 δυνή-

293 2870 412 2889 σονται
432 2856 478 2890 D.
497 2857 615 2902 (XII.)
633 2859 675 2892 cf.
694 2871 730 2893 ln
749 2860 809 2893 l.
832 2871 844 2893 Ι
853 2869 894 2904 73
914 2871 943 2894 c.
962 2859 1000 2893 οὐ
1017 2860 1061 2903 μὴ
1077 2860 1237 2903 δυνηθήσκ
1257 2859 1349 2892 Edd.
1672 2870 1725 2893 20.
1753 2858 1805 2904 ἐκ]
1830 2864 1868 2900 -1-

291 2903 350 2945 τῆς
369 2902 460 2936 Edd.
689 2916 744 2940 21.
769 2907 1003 2950 ἀβουλοτάτην
1019 2922 1072 2940 και
1089 2922 1140 2940 (ιν.
1158 2906 1214 2939 ἀλ.
1233 2904 1499 2951 ἅθυροστομίαν]
1519 2905 1647 2945 ἆβουλό
1641 2920 1730 2949 »τητα
1749 2907 1801 2940 καὶ
1818 2907 1870 2941 ἅν.

291 2948 348 2982 ἀλ.
365 2949 662 2995 ἀθυροστομοῦντιι
680 2952 739 2986 iid.
966 2965 1022 2989 22.
1047 2955 1065 2988 ὁ
1083 2958 1304 2998 assumptum
1323 2964 1363 2987 ex
1383 2953 1430 2987 D.
1495 2953 1547 2986 καὶ
1565 2964 1634 2987 om.
1654 2952 1696 2987 B.
1760 2953 1871 2999 λεγων

291 3006 361 3030 οῐη.
383 2996 429 3029 D.
619 3009 673 3043 25
699 2999 889 3045 ε’νεργὴσειε
909 3000 956 3035 D.
