2053 3382
92 1772 107 1797 ⁹,
127 1761 223 1791 Esdr.

91 1794 123 1835 h.
144 1804 258 1834 16-18.

302 176 387 215 404
691 174 739 212 B.
784 170 1067 212 CYRILLI
1119 170 1503 210 ALEXANDR.
1701 170 1756 209 ix.
1786 182 1822 222 1,
1849 181 1885 209 2.

303 281 421 347 πρὸς
457 283 602 345 ἡμῶν.
670 280 730 330 τὰ
754 279 903 345 γεμὴν
937 279 1008 346 ἐφ’
1039 278 1105 331 οῖς
1140 281 1354 343 εἰρῆσθαι
1381 280 1512 328 ταυτὶ
1538 283 1798 340 νομιοῦμεν,
1826 282 1886 328 εἰ·

303 363 448 417 κότως
499 360 830 428 προαγορεύειν
881 359 1078 425 ἀνάγκη,
1125 360 1308 423 νοηθείη
1351 359 1444 425 γὰρ
1488 358 1545 409 ἂν
1597 356 1693 409 ὧδέ
1728 381 1776 409 τε
1814 360 1890 409 καὶ

302 444 441 508 μόλις
479 447 560 506 τῆς
596 444 885 511 προφητείας
912 443 937 492 ὁ
966 448 1084 495 νοῦς.
1154 442 1228 492 ὅτε
1267 442 1423 492 τοίνυν
1461 445 1554 491 τῶν
1592 443 1672 504 τῆς
1713 442 1888 506 αἰχμα-

266 555 286 579 e
307 525 487 578 λωσίας
524 527 715 588 δεσμῶν
750 525 908 588 ἀνείθη
947 546 996 574 τε
1036 527 1110 574 καὶ
1150 522 1455 587 ἀπήλλακται
1490 521 1609 573 κατὰ
1648 521 1831 587 καιροὺς
1867 522 1892 572 ὁ

304 605 521 673 Ἰσραὴλ,
554 606 668 671 ἧκόν
702 629 751 657 τε
789 605 958 657 λοιπὸν
990 609 1052 658 εἷς
1087 604 1172 668 τὴν
1196 605 1445 668 Ἰουδαίαν,
1483 607 1558 655 καὶ
1597 603 1892 672 ἀνατειχίζειν
1913 622 1935 660 5

302 689 567 756 ἐπεχείρουν
600 688 685 752 τὴν
717 687 1049 754 Ἰερουσαλὴμ,
1078 686 1181 737 τότε
1222 685 1278 750 δὴ
1318 685 1422 737 τότε
1460 685 1519 736 τὰ
1557 686 1766 752 περίοικα
1800 689 1893 735 τῶν

305 773 465 833 ἐθνῶν,
499 770 545 821 οἵ
578 793 627 821 τε
666 769 752 834 τὴν
789 767 1056 835 Σαμάρειαν
1096 772 1327 822 οἰκοῦντες
1365 770 1440 818 καὶ
1480 771 1522 818 οἱ
1560 766 1643 820 τὰς
1675 770 1757 830 τῆς
1792 770 1895 817 Πα-

306 853 554 916 λαιστίνης
587 855 662 903 καὶ
698 851 791 915 μὴν
831 853 906 901 καὶ
947 852 1165 914 Φοινίκης
1204 849 1445 915 νεμόμενοι
1485 849 1661 910 πόλεις,
1703 848 1897 899 κατεδά-

306 957 471 985 κνοντο
519 933 696 1003 φθόνῳ,
739 935 856 997 ὁμοῦ
899 932 946 984 δὲ
995 935 1070 983 καὶ
1116 933 1365 993 ἐδεδίεσαν,
1412 931 1476 995 μὴ
1523 932 1614 996 ἄρα
1654 930 1711 995 δὴ
1749 930 1896 982 πάλιν

306 1016 648 1082 ἀνενεγκόντων
683 1017 837 1069 αὐτοῖς
875 1019 969 1066 τῶν
1004 1014 1296 1080 πραγμάτων
1332 1018 1394 1068 εἷς
1432 1014 1486 1065 τὸ
1526 1014 1605 1065 ἀπ’
1633 1015 1792 1080 ἀρχῆς,
1821 1014 1896 1062 καὶ

308 1104 371 1153 εἰς
411 1098 599 1163 πληθὺν
644 1098 901 1163 ἀμέτρητον
942 1097 1250 1160 ἐκτεινομένου
1289 1102 1371 1147 τοῦ
1410 1096 1584 1162 γε’νους,
1625 1093 1722 1146 εἶτα
1755 1094 1898 1145 πόλιν

307 1181 490 1248 ἔχοντες
529 1180 613 1244 τὴν
652 1182 773 1231 οὕτω
808 1179 1089 1231 δυσάλωτον
1123 1180 1196 1229 καὶ
1228 1177 1593 1245 εὐπυργοτάτην,
1622 1198 1893 1242 καταστρα-

264 1263 514 1314 (Ιτεύοιντο
555 1262 703 1314 πάλιν
744 1263 911 1323 αὐτῶν,
947 1264 1021 1311 καὶ
1068 1260 1252 1327 ἄμαχόν
1294 1283 1411 1322 τινα,
1456 1259 1578 1311 καθὰ
1617 1261 1691 1310 καὶ
1728 1257 1896 1318 πάλαι,

310 1345 773 1413 κατεξαναστήσειαν
814 1345 966 1394 αὐτῶν
1006 1342 1089 1406 τὴν
1128 1348 1274 1409 χεῖρα,
1300 1342 1519 1410 ταύτῃτοι
1557 1339 1763 1408 τειχίζειν
1796 1339 1893 1390 ε’θέ-

311 1437 485 1483 λοντας
530 1429 806 1479 διακωλύειν
850 1428 1036 1492 ἤθελον,
1081 1426 1273 1493 πικροὺς
1312 1427 1558 1492 ἀρτύοντες
1602 1424 1783 1486 δόλους,
1825 1426 1899 1474 καὶ

309 1511 404 1575 μὴν
442 1513 517 1562 καὶ
555 1511 751 1579 ἐφόδους
787 1508 1048 1577 λῃστρικοῖς
1094 1508 1309 1561 ἱστάντες
1351 1509 1520 1561 αὐτοῖς.
1588 1507 1701 1571 ἧκον
1746 1504 1794 1556 δὲ
1839 1509 1901 1558 εἰς

310 1600 448 1644 τοῦτο
483 1593 747 1653 βασκανίας
786 1594 860 1642 καὶ
897 1590 1090 1658 φθόνου,
1119 1588 1241 1641 ὥστε
1277 1592 1351 1640 καὶ
1378 1589 1655 1657 γεγράφασι
1681 1591 1747 1656 τῷ
1777 1591 1901 1652 Περ-

312 1680 414 1726 σῶν
455 1674 760 1735 βασιλεύοντι
809 1672 863 1723 τὸ
904 1673 1116 1737 τηνικάδε
1162 1671 1221 1722 τὰ
1266 1673 1314 1722 ἐν
1356 1675 1422 1740 τῷ
1458 1670 1652 1738 ”Εσδρᾳ
1697 1670 1896 1732 κείμενα.

312 1757 404 1824 ἔχει
444 1755 490 1807 δὲ
533 1757 679 1809 οὕτως
722 1762 748 1784 “
770 1759 976 1805 Βασιλεῖ
1011 1753 1310 1821 Ἀρταξέρξῃ
1353 1754 1493 1821 κυρίῳ
1532 1755 1572 1803 οἱ
1611 1750 1771 1804 παῖδές
1810 1772 1901 1800 σου

314 1847 340 1868 “
366 1838 600 1900 Ῥάθυμος
640 1839 664 1888 ὁ
704 1836 763 1887 τὰ
800 1837 1165 1901 προσπίπτοντα
1203 1836 1279 1886 καὶ
1319 1834 1588 1898 Σαμὲλλιος
1621 1835 1645 1884 ὁ
1681 1854 1898 1898 γραμμα-

277 1928 341 1966 e“
367 1918 470 1973 τεὺς
509 1921 583 1969 καὶ
623 1923 665 1969 οἱ
697 1920 931 1969 ἐπίλοιποι
969 1920 1050 1981 τῆς
1089 1918 1271 1980 βουλῆς
1303 1917 1457 1967 αὐτῶν
1491 1918 1566 1967 καὶ
1603 1918 1752 1981 κριταὶ
1780 1917 1822 1964 οἱ
1854 1914 1902 1964 ἐν

318 2010 343 2031 “
370 2006 427 2069 τῇ
463 2002 600 2068 κοίλῃ
636 2001 784 2067 Συρίᾳ
817 2002 892 2050 καὶ
929 1999 1136 2066 Φοινίκῃ.
1199 2000 1273 2048 καὶ
1309 2003 1390 2049 νῦν
1425 1997 1646 2063 γνωστὸν
1677 1996 1802 2047 ἔστω
1835 1998 1902 2064 τῷ

318 2091 344 2113 “
372 2084 512 2152 κυρίῳ
548 2086 747 2143 βασιλεῖ
781 2080 896 2132 διότι
931 2084 972 2130 οἱ
1005 2081 1221 2130 Ἰουδαῖοι
1257 2083 1298 2130 οἱ
1337 2078 1595 2140 ἀναβάντες
1629 2077 1738 2143 παρ’
1773 2078 1902 2140 ὑμῶν

317 2174 343 2195 “
370 2165 488 2231 πρὸς
545 2165 666 2228 ἡμᾶς
723 2164 939 2216 ἐλθόντες
999 2166 1060 2216 εἰς
1108 2161 1425 2228 Ἰερουσαλὴμ
1478 2161 1564 2224 τὴν
1619 2159 1762 2212 πόλιν
1818 2157 1903 2222 τὴν

370 2335 399 2357 1.
425 2322 479 2368 ἐφ’
499 2322 548 2358 οἷς
567 2323 611 2356 D.
633 2322 724 2357 Edd.
743 2322 840 2357 εὐθὺς
859 2321 898 2356 C.
948 2336 1042 2355 ταυτι
1062 2320 1102 2354 C.
1121 2323 1225 2354 ταῦτα
1244 2319 1335 2354 Edd.
1518 2330 1550 2354 2.
1574 2318 1842 2365 προσαγορεύειν
1862 2318 1902 2353 C.

318 2370 358 2404 ἂν
375 2382 445 2404 om.
466 2369 506 2403 C.
526 2370 629 2404 habet
649 2370 692 2403 D.
1051 2368 1084 2401 6.
1110 2382 1176 2412 γαρ
1195 2379 1256 2412 pro
1274 2367 1313 2410 δὴ
1334 2366 1374 2401 C.
1727 2377 1759 2410 9.
1785 2380 1822 2399 τε
1841 2376 1903 2409 pro

320 2417 355 2450 δέ
376 2416 417 2450 C.
716 2426 768 2458 14.
794 2415 929 2460 τειχίζει
948 2414 1041 2448 Aub.
1341 2424 1392 2455 15.
1420 2412 1541 2448 δόλους
1559 2412 1601 2446 Β.
1607 2411 1647 2446 C.
1665 2413 1790 2456 λόγους
1808 2411 1901 2445 Edd.

322 2474 376 2497 20.
409 2461 669 2507 προσπίπτοντα
699 2461 739 2495 C.
766 2463 979 2506 πραττόμενα
1006 2461 1151 2505 γράφων
1182 2459 1273 2493 Edd.
1349 2458 1538 2502 σαμελλιος
1562 2458 1602 2492 C.
1638 2458 1829 2499 σαβελλιος
1857 2457 1903 2492 D.

322 2509 482 2553 σεμέλιος
508 2508 599 2544 Edd.
625 2508 815 2552 σαμέλλιος
829 2508 877 2551 (V
880 2508 941 2551 at.)
965 2507 1148 2547 σεβέλλιος
1173 2506 1229 2540 hic
1255 2506 1397 2550 (Alex.)
1423 2505 1483 2539 sed
1510 2517 1541 2539 ν.
1568 2516 1680 2549 praec.
1707 2503 1900 2548 σεμὲλλιος.

323 2567 377 2590 22.
381 2564 508 2599 -405,
536 2564 567 2600 7.
594 2569 647 2589 και
673 2556 815 2589 νῦν-τὸ
842 2556 994 2588 τοιοῦτον
1013 2553 1053 2587 C.
1060 2553 1105 2587 D.
1172 2552 1240 2586 Pro
1259 2552 1386 2597 quibus
1408 2552 1448 2585 Β.
1470 2551 1561 2585 Edd.
1579 2551 1709 2585 habent
1725 2552 1904 2595 γινώσκειν

322 2603 362 2637 σε
391 2603 451 2642 δεῖ,
479 2603 640 2645 βασιλεῦ,
668 2601 719 2636 ὅτι
745 2600 901 2635 Ἰουδαῖοι
929 2601 959 2634 οἱ
993 2600 1039 2635 εἷς
1068 2601 1255 2640 Βαβυλῶνα
1288 2598 1498 2644 ἀναχθεντες,
1527 2596 1737 2641 ἐληλυθασιν
1766 2596 1812 2631 εἷς
1844 2596 1904 2639 τὴν

321 2648 495 2693 ἡμετέραν,
514 2649 567 2682 καὶ
584 2648 644 2692 τήν
659 2663 695 2682 τε
712 2649 813 2682 πόλιν
829 2647 888 2690 τὴν
912 2647 1099 2681 ἀποστάτιν
1124 2646 1177 2679 καὶ
1200 2646 1347 2689 πονηρὰν
1371 2645 1598 2687 οἰκοδομοῦσι,
1618 2644 1671 2676 καὶ
1695 2643 1754 2677 τὰς
1778 2642 1904 2687 ἀγορὰς

322 2695 581 2737 ἐπισκευάζουσι
604 2694 736 2738 ταύτης,
758 2709 811 2728 και
833 2695 874 2728 τὰ
896 2694 1003 2737 τείχη,
1025 2693 1077 2726 καὶ
1100 2694 1158 2727 τὸν
1181 2693 1259 2726 ναὸν
1275 2691 1505 2736 ἀνεγείρουσιν
1524 2689 1684 2746 [ἅνεγείρ.
1705 2688 1747 2722 Β.
1768 2688 1903 2733 Migne.

322 2742 418 2786 ἀναγ.
438 2741 548 2786 Edd.]
598 2740 671 2775 ισθι
696 2755 809 2784 μεντοι
832 2755 882 2785 γε,
910 2740 1036 2774 τούτων
1059 2739 1256 2784 γενομένων,
1284 2741 1358 2771 οὔτε
1384 2739 1513 2782 φόρους
1537 2735 1656 2770 αὐτοὺς
1684 2736 1794 2768 τελεῖν
1822 2736 1903 2768 ὑπο-

323 2790 513 2830 μενοῦντας,
532 2790 608 2821 οὕτε
631 2788 666 2822 δέ
690 2786 868 2822 ὑπακούειν
891 2785 1126 2829 ἐθελήσοντας·
1157 2785 1247 2818 ἀλλὰ
1264 2785 1317 2818 καὶ
1336 2785 1542 2824 βασιλεῦσιν
1559 2781 1830 2824 ἀντιστήσονται,
1851 2782 1904 2814 καὶ

324 2834 442 2878 ἄρχειν
464 2836 608 2877 μᾶλλον,
625 2834 643 2877 ἢ
662 2833 839 2868 ὑπακούειν
857 2832 1095 2876 ἐθελήσουσιν.
1137 2830 1381 2876 ἐνεργουμένων
1401 2828 1458 2863 οὐν
1479 2831 1544 2862 τῶν
1564 2842 1641 2873 περι
1667 2829 1726 2862 τὸν
1749 2829 1827 2861 ναὸν
1851 2828 1905 2861 καὶ

324 2881 614 2924 σπουδαζομένων,
633 2881 777 2916 καλῶς
767 2881 857 2925 ἔχειν
880 2880 995 2924 ἔδοξεν
1017 2878 1094 2921 ἡμῖν
1110 2878 1245 2922 γράψαι
1270 2891 1338 2915 σοι,
1356 2876 1515 2917 βασιλεῦ,
1534 2875 1586 2909 καὶ
1611 2874 1655 2919 μὴ
1680 2874 1841 2919 περιιδεῖν
1866 2875 1905 2907 τὸ

325 2928 486 2959 τοιοῦτον
876 2937 928 2971 23.
955 2926 985 2959 οἱ
1005 2931 1192 2969 utrumque
1211 2935 1280 2958 om.
1300 2923 1346 2957 D.
1724 2931 1779 2963 24.
1805 2921 1907 2955 πόλιν

326 2971 384 3013 τὴν
402 2983 470 3006 om.
493 2973 537 3006 l).

1922 1032 1968 1056 10
