1997 3361
96 172 148 210 iii.
173 187 211 223 4.
464 174 526 212 IN
573 173 992 212 SOPMONJAM.
1055 170 1205 209 TUM.
1242 169 1299 207 ll.
1583 167 1665 205 :317

93 281 139 330 δὲ
174 284 249 331 καὶ
282 281 474 335 ἄναλκις
513 283 537 331 ὁ
571 283 627 349 ἐξ
655 283 903 346 ἀνθρώπου
934 283 1127 343 βουλῆς,
1153 278 1309 330 ὁποῖός
1341 300 1408 329 τις
1439 274 1496 338 ἦν
1523 276 1546 323 ό
1574 278 1667 323 τῶν

92 364 295 414 ἀνοσίων
322 367 742 432 ψευδοπροφητῶν.

129 590 178 632 Οἱ
207 589 331 648 ἱερεῖς
359 593 489 633 αὐτῆς
519 597 737 642 βεβιιλοῦσι
765 596 814 634 τὰ
842 596 937 640 ἅμα
967 594 1032 633 καὶ
1061 592 1278 640 ἀσεβοῦσιν
1306 588 1363 629 εἰς
1395 588 1462 629 τὸν
1491 588 1632 634 νόμον.
1693 587 1716 625 b

169 716 273 766 Οὐκ
319 716 409 784 ἔξω
453 720 645 786 μομφῆς
696 717 798 768 οὐδὲ
845 716 956 768 αὐτὸ
995 715 1269 783 πεφώραται
1312 713 1366 763 τὸ
1411 711 1672 762 ἀπόλεκτον

53 811 76 849 5
96 796 239 862 γε’νος,
267 799 494 862 τουτέστι,
520 800 573 850 τὸ
605 802 654 851 ἐκ
693 803 847 868 φυλῆς
876 801 1002 850 Λευί·
1046 800 1281 858 βεβηλοῦν
1319 795 1366 846 δὲ
1402 796 1477 845 καὶ
1509 790 1674 845 αὐτοὺς

95 879 154 931 r&
185 879 303 946 ἑίγιοί
338 885 480 948 φησι,
522 907 598 934 και
631 885 820 942 ἀσεβεῖν
859 888 916 936 εἰς
958 904 1095 949 νυμον.
1160 901 1421 945 γεγραπται
1459 875 1543 940 μὲν
1581 874 1673 941 γάρ

97 970 123 991 “
142 961 256 1013 Ότι
295 965 430 1030 χειλη
470 965 619 1030 ἱερεως
665 965 927 1034 φυλάξεται
971 964 1140 1029 κρίσιν,
1184 985 1258 1012 και
1302 959 1443 1023 νόμον
1481 957 1668 1024 εκζητη·
1738 967 1870 998 Mal-ii·

113 1052 323 1095 ίσουσιν
363 1046 411 1095 ἐκ
457 1045 695 1111 στόματος
733 1046 914 1099 ‹1137005'
979 1045 1087 1095 ἀλλ’
1129 1047 1190 1097 ὡς
1228 1041 1364 1095 αὐτός
1401 1064 1493 1092 που
1529 1039 1674 1091 πάλιν

98 1128 294 1194 φησιν
276 1150 300 1177 ο
325 1132 419 1178 τῶν
445 1128 572 1180 ὅλων
599 1129 852 1193 Δεσπότης
879 1136 905 1158 “
923 1130 1029 1178 Οι
1019 1131 1146 1192 ιερεῖς
1174 1127 1255 1176 οὐκ
1282 1123 1414 1175 εἶπαν
1443 1127 1546 1173 Που
1574 1124 1674 1172 ἐστι
1740 1131 1830 1204 Ιίῑῑξῑ

34 1222 80 1247 10
100 1215 126 1237 ‘⁶
155 1208 371 1274 Κύριος.”
434 1210 489 1261 τὸ
515 1211 608 1277 γάρ
640 1235 711 1262 τοι
745 1210 808 1275 μὴ
843 1210 1103 1270 βούλεσθαι
1129 1210 1401 1273 διατρανοῦν
1426 1204 1507 1255 τὸν
1534 1203 1675 1265 νόμον
1740 1187 1770 1206 ι’
1814 1200 1819 1205 ’

99 1295 194 1343 τοῖς
238 1291 318 1341 οὐκ
364 1291 539 1343 εἰδόσιν
581 1293 737 1352 αὑτὸν,
782 1292 896 1357 μήτε
939 1290 1031 1354 μὴν
1069 1288 1360 1355 ἀποκομίζειν
1410 1287 1675 1351 ἐπείγεσθαι

99 1372 205 1426 τοὺς
257 1371 346 1424 ὑπὸ
390 1380 521 1441 χεῖρα
569 1374 712 1429 λαοὺς
757 1378 818 1429 εἷς
864 1374 918 1425 τὸ
962 1373 1161 1424 ἀνδάνον
1205 1374 1325 1440 Θεῷ,
1365 1375 1503 1420 τοῦτο
1552 1365 1680 1429 οἶμαί
1695 1391 1715 1415 c

100 1455 202 1505 ἐστι
239 1453 293 1505 τὸ
332 1458 520 1517 ἀσεβεῖν
555 1463 614 1513 εἷς
650 1459 780 1526 νόμον.
845 1459 920 1507 καὶ
959 1457 1012 1506 οὐ
1049 1455 1184 1521 μέχρι
1214 1454 1379 1504 τούτου
1405 1450 1463 1502 τὰ
1497 1450 1677 1501 ἐκείνων

101 1536 390 1602 ἐγκλήματα·
432 1539 561 1590 ἀλλά
597 1539 690 1606 γὰρ
724 1541 799 1590 καὶ
834 1540 1078 1599 βεβηλοῧσι
1115 1536 1161 1587 δὲ
1193 1534 1253 1587 r&
1279 1533 1397 1600 ἅγιά
1422 1538 1586 1601 φησιν.
1653 1533 1677 1582 ὁ

37 1638 82 1677 15
102 1617 186 1682 μὲν
215 1617 307 1685 γὰρ
339 1619 414 1670 διὰ
442 1621 688 1676 Μωυσέως
724 1623 863 1685 νόμος
898 1621 1131 1684 πλείστην
1163 1618 1255 1686 ἔχει
1293 1616 1377 1681 τὴν
1407 1614 1680 1681 ἐπιτήρησιν

101 1702 205 1766 περὶ
250 1704 427 1753 θυσιῶν
470 1707 546 1755 καὶ
583 1707 915 1771 προσαγωγῆς,
955 1703 1089 1767 ἡνίκα
1128 1725 1176 1752 τε
1221 1698 1424 1763 ἑκάστην
1462 1700 1536 1748 καὶ
1578 1698 1681 1748 τίνα

103 1781 194 1850 χρὴ
230 1783 407 1849 τρόπον
442 1787 850 1853 ἀποπεραίνεσθαι·
892 1789 934 1836 οἱ
972 1784 1019 1835 δὲ
1058 1783 1176 1834 κατὰ
1210 1781 1264 1833 τὸ
1303 1780 1419 1834 εἰκὸς
1450 1779 1681 1845 προσεκό-

104 1864 237 1931 μιζον
272 1864 358 1929 μὲν
400 1867 484 1922 τὰς
525 1870 706 1931 θυσίας,
735 1867 865 1932 πλὴν
900 1865 1184 1935 ἀφυλάκτως
1223 1866 1297 1915 καὶ
1336 1865 1594 1926 ἀτημελῶς,
1629 1861 1682 1910 οὗ

106 1945 279 2011 καιρὸν,
306 1950 358 1999 οὑ
392 1950 563 2004 τύπους
599 1951 836 2019 ἀξιοῦντες
869 1952 1110 2015 ἐπιτηρεῖν,
1138 1948 1246 1997 ἀλλ’
1274 1945 1375 1996 οὐδὲ
1411 1943 1683 2009 ἡγνισμένοι

41 2050 88 2074 20
106 2028 240 2096 τάχα,
268 2032 370 2082 οὔτε
396 2032 489 2097 μὴν
522 2035 570 2084 ἐν
603 2032 842 2096 ἐσθήμασι
879 2037 974 2086 τοῖς
1012 2034 1154 2099 σφῶν
1193 2031 1473 2095 ἱεροπρεπῶς
1503 2026 1677 2075 ἐσταλ-
1743 2029 1902 2102 ἶν’ῗδ-,ΞΠΡΜ

106 2110 234 2174 με’νοι
272 2115 347 2164 καὶ
385 2116 432 2165 ἐν
469 2115 635 2183 κόσμῳ
674 2118 871 2180 δρῶντες
908 2112 967 2164 τὰ
1005 2111 1117 2177 ἱερὰ,
1150 2108 1439 2175 ἀτιμάζοντες
1470 2107 1517 2158 δὲ
1548 2105 1608 2160 ὥς
1638 2114 1725 2156 ‘nd

108 2197 201 2244 τῶν
228 2195 424 2262 ἀχρείων
447 2196 533 2260 τὴν
559 2198 679 2247 οὕτω
705 2195 885 2260 σεπτὴν
911 2197 986 2246 καὶ
1013 2193 1306 2262 ἀξιάγαστον
1331 2189 1636 2256 λειτουργίαν.

195 2278 606 2348 Παραφυλακτεόν
639 2277 695 2342 δὴ
730 2279 810 2328 οὖν
847 2283 942 2331 τοῖς
976 2279 1058 2340 τῆς
1082 2274 1373 2338 Ἐκκλησίας
1412 2276 1679 2338 ἱερουργοῖς,

110 2363 173 2429 μὴ
209 2365 438 2425 βεβηλοῦν
472 2360 531 2412 τέι
569 2361 705 2426 ἕιγιοι·
745 2360 917 2427 τρόπος
954 2357 1002 2408 δὲ
1040 2361 1120 2420 τῆς
1152 2355 1470 2419 βεβηλώσεως
1496 2354 1582 2420 οὐχ
1607 2351 1682 2414 εἷς,

45 2462 91 2499 25
112 2445 332 2514 διάφορος
376 2443 423 2494 δὲ
468 2446 542 2493 καὶ
586 2441 750 2495 πολύς.
821 2445 889 2492 δεῖ
921 2440 1013 2507 γὰρ
1055 2438 1167 2490 εἶναι
1206 2436 1570 2502 κεκαθαρμένους
1607 2437 1684 2484 καὶ

111 2527 272 2596 ψυχὴν
310 2527 383 2577 καὶ
428 2530 583 2589 σῶμα,
624 2526 698 2575 καὶ
744 2528 839 2575 πᾶν
887 2520 1003 2576 εἶδος
1051 2519 1409 2583 ἀποσειομένους
1452 2521 1684 2583 βδελυροῖς

160 2733 194 2767 3.
219 2723 264 2758 εἷς
281 2723 339 2756 τὸν
356 2733 425 2756 om.
445 2721 486 2755 B.
505 2721 623 2755 invitis
643 2720 680 2755 F.
700 2719 791 2754 Edd.
811 2719 886 2764 (22.
904 2718 968 2762 al.)
987 2717 1031 2751 cf.
1049 2717 1148 2750 infra.
1403 2723 1434 2759 7.
1462 2713 1574 2758 ἱερέων
1592 2712 1684 2747 Edd.

116 2802 149 2835 8.
175 2802 281 2836 αὐτῶν
297 2801 356 2836 iid.
406 2802 509 2835 πάλιν
526 2800 572 2835 D.
589 2774 640 2835 πά
655 2800 696 2834 Β.
715 2800 820 2833 πάλαι
837 2798 896 2832 ild.
1247 2806 1280 2838 9.
1306 2792 1401 2828 εἶπαν
1419 2793 1461 2827 Β.
1480 2791 1573 2827 εἶπον
1591 2791 1683 2827 Edd.

119 2858 172 2881 10.
197 2848 256 2891 μέν
271 2860 333 2893 pro
349 2849 414 2894 γάρ
432 2847 491 2882 iid
760 2857 812 2887 14.
839 2845 874 2878 δέ
892 2849 1112 2888 assumptum
1130 2854 1170 2876 ex
1189 2842 1222 2876 b.
1508 2840 1559 2873 16.
1586 2854 1621 2873 τε
1642 2839 1683 2874 Β.

115 2907 154 2937 γε
171 2893 229 2928 iid.
476 2894 528 2928 18.
554 2895 726 2937 ἀτημελῶς
745 2893 786 2926 Β.
791 2893 824 2926 b.
844 2891 975 2933 ἀμελῶς
992 2890 1083 2924 Edd.
1332 2898 1383 2931 19.
1411 2885 1592 2932 ἐπιτηρεῖν]
1613 2886 1683 2920 ἐπι·

117 2942 240 2984 χειρεῖν
256 2941 290 2975 b.
339 2941 532 2986 ἡγνισμενοι
549 2940 584 2974 b.
604 2940 694 2974 Edd.
714 2937 909 2984 ἡγιασμενοι
928 2937 969 2971 Β.
1196 2947 1249 2969 21.
1276 2935 1319 2969 ὥς
1337 2948 1367 2968 τι
1387 2932 1466 2967 B.b.
1487 2934 1573 2967 ὣστε
1592 2932 1684 2967 Edd.

120 2996 174 3028 24.
198 2987 242 3030 μὴ
259 2999 328 3021 om.
350 2988 389 3021 Β.
408 2987 510 3021 habet
530 2987 575 3022 D.

177 3054 265 3081 vol..
289 3055 333 3082 11.
889 3052 908 3078 1³·
931 3040 951 3077 f
