<?xml version="1.0" encoding="UTF-8"?>
<!DOCTYPE html PUBLIC "-//W3C//DTD XHTML 1.0 Transitional//EN"
    "http://www.w3.org/TR/xhtml1/DTD/xhtml1-transitional.dtd">
<html xmlns="http://www.w3.org/1999/xhtml" xml:lang="en" lang="en">
 <head>
  <title>
</title>
<meta http-equiv="Content-Type" content="text/html;charset=utf-8" />
  <meta name='ocr-system' content='tesseract 3.04.00' />
  <meta name='ocr-capabilities' content='ocr_page ocr_carea ocr_par ocr_line ocrx_word'/>
</head>
<body>
  <div class='ocr_page' id='page_1' title='image "./operacyrilli02cyriuoft/operacyrilli02cyriuoft_0064.png"; bbox 0 0 2007 3366; ppageno 0'>
   <div class='ocr_carea' id='block_1_1' title="bbox 264 547 311 572">
    <p class='ocr_par' dir='ltr' id='par_1_1' title="bbox 264 547 311 572">
     <span class='ocr_line' id='line_1_1' title="bbox 264 547 311 572; baseline 0 0"><span class='ocrx_word' id='word_1_1' title='bbox 264 547 311 572; x_wconf 90' lang='lat'>10</span> 
     </span>
    </p>
   </div>
   <div class='ocr_carea' id='block_1_2' title="bbox 287 1149 315 1189">
    <p class='ocr_par' dir='ltr' id='par_1_2' title="bbox 287 1149 315 1189">
     <span class='ocr_line' id='line_1_2' title="bbox 287 1149 315 1189; baseline 0 0"><span class='ocrx_word' id='word_1_2' title='bbox 287 1149 315 1189; x_wconf 91' lang='lat' dir='ltr'><strong>d</strong></span> 
     </span>
    </p>
   </div>
   <div class='ocr_carea' id='block_1_3' title="bbox 297 1819 319 1844">
    <p class='ocr_par' dir='ltr' id='par_1_3' title="bbox 297 1819 319 1844">
     <span class='ocr_line' id='line_1_3' title="bbox 297 1819 319 1844; baseline 0 0"><span class='ocrx_word' id='word_1_3' title='bbox 297 1819 319 1844; x_wconf 67' lang='grc' dir='ltr'>(Β</span> 
     </span>
    </p>
   </div>
   <div class='ocr_carea' id='block_1_4' title="bbox 328 149 1903 198">
    <p class='ocr_par' dir='ltr' id='par_1_4' title="bbox 328 149 1903 198">
     <span class='ocr_line' id='line_1_4' title="bbox 328 149 1903 198; baseline -0.008 1"><span class='ocrx_word' id='word_1_4' title='bbox 328 160 383 198; x_wconf 84' lang='grc'>56</span> <span class='ocrx_word' id='word_1_5' title='bbox 717 157 770 198; x_wconf 90' lang='grc' dir='ltr'>Β.</span> <span class='ocrx_word' id='word_1_6' title='bbox 814 154 1091 197; x_wconf 88' lang='lat' dir='ltr'>CYRILLI</span> <span class='ocrx_word' id='word_1_7' title='bbox 1132 150 1513 194; x_wconf 85' lang='lat' dir='ltr'><strong>ALEXANDR.</strong></span> <span class='ocrx_word' id='word_1_8' title='bbox 1700 150 1756 189; x_wconf 84' lang='lat' dir='ltr'><strong>iii.</strong></span> <span class='ocrx_word' id='word_1_9' title='bbox 1783 149 1903 189; x_wconf 79' lang='lat'><strong>8-10.</strong></span> 
     </span>
    </p>
   </div>
   <div class='ocr_carea' id='block_1_5' title="bbox 397 268 1908 498">
    <p class='ocr_par' dir='ltr' id='par_1_5' title="bbox 397 268 1908 498">
     <span class='ocr_line' id='line_1_5' title="bbox 397 268 1908 331; baseline -0.009 -9"><span class='ocrx_word' id='word_1_10' title='bbox 397 283 654 321; x_wconf 85' lang='grc' dir='ltr'>κατοικοῦσα</span> <span class='ocrx_word' id='word_1_11' title='bbox 689 279 733 320; x_wconf 81' lang='grc' dir='ltr'>ὲν</span> <span class='ocrx_word' id='word_1_12' title='bbox 768 274 988 326; x_wconf 72' lang='grc' dir='ltr'>Ποταμοῖσ</span> <span class='ocrx_word' id='word_1_13' title='bbox 1034 275 1150 331; x_wconf 77' lang='grc' dir='ltr'>ὕδωρ</span> <span class='ocrx_word' id='word_1_14' title='bbox 1189 275 1333 329; x_wconf 79' lang='grc' dir='ltr'>κύκλῳ</span> <span class='ocrx_word' id='word_1_15' title='bbox 1365 273 1507 323; x_wconf 66' lang='grc' dir='ltr'>αὐτῆς,</span> <span class='ocrx_word' id='word_1_16' title='bbox 1543 269 1591 313; x_wconf 68' lang='grc' dir='ltr'>ἧς</span> <span class='ocrx_word' id='word_1_17' title='bbox 1627 271 1649 311; x_wconf 66' lang='grc' dir='ltr'><strong><em>ἡ</em></strong></span> <span class='ocrx_word' id='word_1_18' title='bbox 1686 268 1792 326; x_wconf 55' lang='grc' dir='ltr'>ἁρχὴ</span> <span class='ocrx_word' id='word_1_19' title='bbox 1832 269 1908 310; x_wconf 85' lang='grc' dir='ltr'>Θά-</span> 
     </span>
     <span class='ocr_line' id='line_1_6' title="bbox 398 352 1907 418; baseline -0.007 -15"><span class='ocrx_word' id='word_1_20' title='bbox 398 373 534 405; x_wconf 82' lang='grc' dir='ltr'>λασσα</span> <span class='ocrx_word' id='word_1_21' title='bbox 578 363 646 403; x_wconf 79' lang='grc' dir='ltr'>καί</span> <span class='ocrx_word' id='word_1_22' title='bbox 688 362 804 418; x_wconf 75' lang='grc' dir='ltr'>ὕδωρ</span> <span class='ocrx_word' id='word_1_23' title='bbox 852 361 902 402; x_wconf 83' lang='grc' dir='ltr'>τα</span> <span class='ocrx_word' id='word_1_24' title='bbox 941 359 1057 414; x_wconf 81' lang='grc' dir='ltr'>τείχΗ</span> <span class='ocrx_word' id='word_1_25' title='bbox 1096 358 1239 400; x_wconf 65' lang='grc' dir='ltr'>αὐτῆς·</span> <span class='ocrx_word' id='word_1_26' title='bbox 1287 358 1355 398; x_wconf 83' lang='grc' dir='ltr'>καὶ</span> <span class='ocrx_word' id='word_1_27' title='bbox 1391 355 1586 398; x_wconf 79' lang='grc' dir='ltr'>Αἰθιοπία</span> <span class='ocrx_word' id='word_1_28' title='bbox 1625 352 1737 409; x_wconf 87' lang='grc' dir='ltr'>ἰσχὺς</span> <span class='ocrx_word' id='word_1_29' title='bbox 1776 353 1907 394; x_wconf 62' lang='grc' dir='ltr'>αὐτῆς</span> 
     </span>
     <span class='ocr_line' id='line_1_7' title="bbox 398 435 1908 498; baseline -0.008 -11"><span class='ocrx_word' id='word_1_30' title='bbox 398 446 465 487; x_wconf 83' lang='grc' dir='ltr'>καί</span> <span class='ocrx_word' id='word_1_31' title='bbox 502 443 723 496; x_wconf 76' lang='grc' dir='ltr'>ΑἴΓυΠτος,</span> <span class='ocrx_word' id='word_1_32' title='bbox 763 444 830 485; x_wconf 86' lang='grc' dir='ltr'>καί</span> <span class='ocrx_word' id='word_1_33' title='bbox 863 443 939 484; x_wconf 78' lang='grc' dir='ltr'>οὐκ</span> <span class='ocrx_word' id='word_1_34' title='bbox 977 443 1065 484; x_wconf 73' lang='grc' dir='ltr'>ἔστι</span> <span class='ocrx_word' id='word_1_35' title='bbox 1100 442 1235 498; x_wconf 81' lang='grc' dir='ltr'>Πέρας</span> <span class='ocrx_word' id='word_1_36' title='bbox 1267 443 1343 482; x_wconf 62' lang='grc' dir='ltr'>τῆς</span> <span class='ocrx_word' id='word_1_37' title='bbox 1381 442 1517 496; x_wconf 55' lang='lat' dir='ltr'>&lt;purae</span> <span class='ocrx_word' id='word_1_38' title='bbox 1556 453 1643 489; x_wconf 81' lang='grc' dir='ltr'>σου,</span> <span class='ocrx_word' id='word_1_39' title='bbox 1672 436 1740 477; x_wconf 82' lang='grc' dir='ltr'>καί</span> <span class='ocrx_word' id='word_1_40' title='bbox 1765 435 1908 486; x_wconf 85' lang='grc' dir='ltr'>Λίβυες</span> 
     </span>
    </p>
   </div>
   <div class='ocr_carea' id='block_1_6' title="bbox 400 520 1909 578">
    <p class='ocr_par' dir='ltr' id='par_1_6' title="bbox 400 520 1909 578">
     <span class='ocr_line' id='line_1_8' title="bbox 400 520 1909 578; baseline -0.009 -7"><span class='ocrx_word' id='word_1_41' title='bbox 400 529 598 576; x_wconf 78' lang='grc' dir='ltr'>ὲΓὲνοντο</span> <span class='ocrx_word' id='word_1_42' title='bbox 636 528 783 578; x_wconf 80' lang='grc' dir='ltr'>βοι-ιθοί</span> <span class='ocrx_word' id='word_1_43' title='bbox 816 527 963 567; x_wconf 60' lang='grc' dir='ltr'>αὐτῆς·</span> <span class='ocrx_word' id='word_1_44' title='bbox 1002 525 1070 566; x_wconf 79' lang='grc' dir='ltr'>καί</span> <span class='ocrx_word' id='word_1_45' title='bbox 1108 524 1214 565; x_wconf 54' lang='grc' dir='ltr'>αὐτὰ</span> <span class='ocrx_word' id='word_1_46' title='bbox 1250 521 1309 564; x_wconf 83' lang='grc' dir='ltr'>εἰς</span> <span class='ocrx_word' id='word_1_47' title='bbox 1347 521 1614 571; x_wconf 82' lang='grc' dir='ltr'>μετοικεσίαν</span> <span class='ocrx_word' id='word_1_48' title='bbox 1652 520 1909 577; x_wconf 82' lang='grc' dir='ltr'>Πορεύσεται</span> 
     </span>
    </p>
   </div>
   <div class='ocr_carea' id='block_1_7' title="bbox 398 599 1950 666">
    <p class='ocr_par' dir='ltr' id='par_1_7' title="bbox 398 599 1950 666">
     <span class='ocr_line' id='line_1_9' title="bbox 398 599 1950 666; baseline -0.008 -15"><span class='ocrx_word' id='word_1_49' title='bbox 398 610 682 666; x_wconf 80' lang='grc' dir='ltr'>αἰχμάλωτος,</span> <span class='ocrx_word' id='word_1_50' title='bbox 711 610 779 650; x_wconf 86' lang='grc' dir='ltr'>καί</span> <span class='ocrx_word' id='word_1_51' title='bbox 804 608 854 650; x_wconf 81' lang='grc' dir='ltr'>τὰ</span> <span class='ocrx_word' id='word_1_52' title='bbox 888 608 1019 649; x_wconf 63' lang='grc' dir='ltr'>νήπια</span> <span class='ocrx_word' id='word_1_53' title='bbox 1055 607 1186 648; x_wconf 60' lang='grc' dir='ltr'>αὐτῆς</span> <span class='ocrx_word' id='word_1_54' title='bbox 1221 605 1472 660; x_wconf 72' lang='grc' dir='ltr'>ἐδαφιοῦσίν</span> <span class='ocrx_word' id='word_1_55' title='bbox 1500 603 1564 643; x_wconf 82' lang='grc' dir='ltr'>ἀπ’</span> <span class='ocrx_word' id='word_1_56' title='bbox 1597 603 1730 658; x_wconf 60' lang='grc' dir='ltr'>ἀρχῆς</span> <span class='ocrx_word' id='word_1_57' title='bbox 1757 599 1906 642; x_wconf 82' lang='grc' dir='ltr'>Πασών</span> <span class='ocrx_word' id='word_1_58' title='bbox 1929 612 1950 650; x_wconf 88' lang='lat'>5</span> 
     </span>
    </p>
   </div>
   <div class='ocr_carea' id='block_1_8' title="bbox 397 686 1912 834">
    <p class='ocr_par' dir='ltr' id='par_1_8' title="bbox 397 686 1912 834">
     <span class='ocr_line' id='line_1_10' title="bbox 397 686 1910 744; baseline -0.008 -9"><span class='ocrx_word' id='word_1_59' title='bbox 397 695 482 735; x_wconf 74' lang='grc' dir='ltr'>τῶν</span> <span class='ocrx_word' id='word_1_60' title='bbox 523 694 636 735; x_wconf 74' lang='grc' dir='ltr'>ὁδῶν</span> <span class='ocrx_word' id='word_1_61' title='bbox 682 693 826 744; x_wconf 59' lang='grc' dir='ltr'>αὐτῆς,</span> <span class='ocrx_word' id='word_1_62' title='bbox 865 691 933 732; x_wconf 87' lang='grc' dir='ltr'>καί</span> <span class='ocrx_word' id='word_1_63' title='bbox 975 689 1040 732; x_wconf 76' lang='grc' dir='ltr'>ὲΠὶ</span> <span class='ocrx_word' id='word_1_64' title='bbox 1084 690 1224 731; x_wconf 83' lang='grc' dir='ltr'>Πάντα</span> <span class='ocrx_word' id='word_1_65' title='bbox 1267 688 1317 730; x_wconf 79' lang='grc' dir='ltr'>τα</span> <span class='ocrx_word' id='word_1_66' title='bbox 1361 687 1514 729; x_wconf 71' lang='grc' dir='ltr'>ἔνδοξα</span> <span class='ocrx_word' id='word_1_67' title='bbox 1557 686 1688 726; x_wconf 64' lang='grc' dir='ltr'>αὐτῆς</span> <span class='ocrx_word' id='word_1_68' title='bbox 1734 687 1910 734; x_wconf 84' lang='grc' dir='ltr'>βαλοῦσι</span> 
     </span>
     <span class='ocr_line' id='line_1_11' title="bbox 398 770 1912 834; baseline -0.007 -16"><span class='ocrx_word' id='word_1_69' title='bbox 398 778 595 834; x_wconf 62' lang='grc' dir='ltr'>κλήρους,</span> <span class='ocrx_word' id='word_1_70' title='bbox 634 776 697 818; x_wconf 81' lang='grc' dir='ltr'>καὶ</span> <span class='ocrx_word' id='word_1_71' title='bbox 738 777 896 818; x_wconf 83' lang='grc' dir='ltr'>Πάντες</span> <span class='ocrx_word' id='word_1_72' title='bbox 939 775 974 817; x_wconf 81' lang='grc' dir='ltr'>οῖ</span> <span class='ocrx_word' id='word_1_73' title='bbox 1013 777 1260 824; x_wconf 68' lang='grc' dir='ltr'>μετιστᾱνες</span> <span class='ocrx_word' id='word_1_74' title='bbox 1304 772 1434 813; x_wconf 57' lang='grc' dir='ltr'>αὐτῆς</span> <span class='ocrx_word' id='word_1_75' title='bbox 1477 770 1731 811; x_wconf 57' lang='grc' dir='ltr'>δεθήσονται</span> <span class='ocrx_word' id='word_1_76' title='bbox 1774 782 1912 825; x_wconf 83' lang='grc' dir='ltr'>χειρο-</span> 
     </span>
    </p>
   </div>
   <div class='ocr_carea' id='block_1_9' title="bbox 398 861 561 902">
    <p class='ocr_par' dir='ltr' id='par_1_9' title="bbox 398 861 561 902">
     <span class='ocr_line' id='line_1_12' title="bbox 398 861 561 902; baseline 0 0"><span class='ocrx_word' id='word_1_77' title='bbox 398 861 561 902; x_wconf 75' lang='grc' dir='ltr'>Πέὃαις.</span> 
     </span>
    </p>
   </div>
   <div class='ocr_carea' id='block_1_10' title="bbox 331 957 1923 2925">
    <p class='ocr_par' dir='ltr' id='par_1_10' title="bbox 331 957 1922 2440">
     <span class='ocr_line' id='line_1_13' title="bbox 403 957 1912 1039; baseline -0.009 -18"><span class='ocrx_word' id='word_1_78' title='bbox 403 969 722 1039; x_wconf 88' lang='grc' dir='ltr'>Ἀσυμφανὴς</span> <span class='ocrx_word' id='word_1_79' title='bbox 759 969 843 1034; x_wconf 78' lang='grc' dir='ltr'>μὲν</span> <span class='ocrx_word' id='word_1_80' title='bbox 882 969 990 1020; x_wconf 85' lang='grc' dir='ltr'>λίαν</span> <span class='ocrx_word' id='word_1_81' title='bbox 1028 972 1122 1019; x_wconf 81' lang='grc' dir='ltr'>τῶν</span> <span class='ocrx_word' id='word_1_82' title='bbox 1159 965 1471 1033; x_wconf 77' lang='grc' dir='ltr'>προκειμένων</span> <span class='ocrx_word' id='word_1_83' title='bbox 1505 963 1530 1013; x_wconf 86' lang='grc' dir='ltr'><strong>ὁ</strong></span> <span class='ocrx_word' id='word_1_84' title='bbox 1569 966 1688 1023; x_wconf 84' lang='grc' dir='ltr'>νοῦς,</span> <span class='ocrx_word' id='word_1_85' title='bbox 1729 957 1912 1023; x_wconf 83' lang='grc' dir='ltr'>νοηθείη</span> 
     </span>
     <span class='ocr_line' id='line_1_14' title="bbox 331 1043 1913 1121; baseline -0.008 -18"><span class='ocrx_word' id='word_1_86' title='bbox 331 1054 375 1103; x_wconf 89' lang='grc' dir='ltr'>δ’</span> <span class='ocrx_word' id='word_1_87' title='bbox 414 1052 471 1104; x_wconf 78' lang='grc' dir='ltr'>ἂν</span> <span class='ocrx_word' id='word_1_88' title='bbox 513 1055 599 1121; x_wconf 76' lang='grc' dir='ltr'>οὐχ</span> <span class='ocrx_word' id='word_1_89' title='bbox 638 1053 815 1119; x_wconf 78' lang='grc' dir='ltr'>ἑτέρως,</span> <span class='ocrx_word' id='word_1_90' title='bbox 851 1055 888 1102; x_wconf 80' lang='grc' dir='ltr'>εἰ</span> <span class='ocrx_word' id='word_1_91' title='bbox 928 1051 992 1116; x_wconf 90' lang='grc' dir='ltr'>μή</span> <span class='ocrx_word' id='word_1_92' title='bbox 1034 1074 1104 1105; x_wconf 91' lang='grc' dir='ltr'>τις</span> <span class='ocrx_word' id='word_1_93' title='bbox 1144 1050 1323 1116; x_wconf 80' lang='grc' dir='ltr'>γένοιτο</span> <span class='ocrx_word' id='word_1_94' title='bbox 1364 1044 1703 1114; x_wconf 85' lang='grc' dir='ltr'>προαφήγησις</span> <span class='ocrx_word' id='word_1_95' title='bbox 1742 1045 1825 1106; x_wconf 82' lang='grc' dir='ltr'>τῆς</span> <span class='ocrx_word' id='word_1_96' title='bbox 1865 1043 1913 1091; x_wconf 88' lang='grc' dir='ltr'>ἐν</span> 
     </span>
     <span class='ocr_line' id='line_1_15' title="bbox 333 1125 1913 1203; baseline -0.008 -17"><span class='ocrx_word' id='word_1_97' title='bbox 333 1137 487 1190; x_wconf 78' lang='grc' dir='ltr'>αὐτοῖς</span> <span class='ocrx_word' id='word_1_98' title='bbox 513 1136 734 1202; x_wconf 75' lang='grc' dir='ltr'>ἱστορίας·</span> <span class='ocrx_word' id='word_1_99' title='bbox 771 1135 862 1203; x_wconf 72' lang='grc' dir='ltr'>ε”χει</span> <span class='ocrx_word' id='word_1_100' title='bbox 887 1134 934 1185; x_wconf 79' lang='grc' dir='ltr'>δὲ</span> <span class='ocrx_word' id='word_1_101' title='bbox 960 1135 1121 1187; x_wconf 80' lang='grc' dir='ltr'>οὕτως.</span> <span class='ocrx_word' id='word_1_102' title='bbox 1178 1130 1472 1198; x_wconf 76' lang='grc' dir='ltr'>τραπομένου</span> <span class='ocrx_word' id='word_1_103' title='bbox 1498 1126 1615 1193; x_wconf 83' lang='grc' dir='ltr'>πρὸς</span> <span class='ocrx_word' id='word_1_104' title='bbox 1640 1125 1913 1177; x_wconf 81' lang='grc' dir='ltr'>ἀπόστασιν</span> 
     </span>
     <span class='ocr_line' id='line_1_16' title="bbox 331 1206 1914 1285; baseline -0.009 -16"><span class='ocrx_word' id='word_1_105' title='bbox 331 1224 413 1269; x_wconf 83' lang='grc' dir='ltr'>τοῦ</span> <span class='ocrx_word' id='word_1_106' title='bbox 437 1216 654 1285; x_wconf 86' lang='grc' dir='ltr'>Ἰσραὴλ,</span> <span class='ocrx_word' id='word_1_107' title='bbox 674 1219 748 1267; x_wconf 75' lang='grc' dir='ltr'>καὶ</span> <span class='ocrx_word' id='word_1_108' title='bbox 773 1216 980 1270; x_wconf 79' lang='grc' dir='ltr'>εἰδώλοις</span> <span class='ocrx_word' id='word_1_109' title='bbox 1005 1213 1383 1280; x_wconf 85' lang='grc' dir='ltr'>λελατρευκότος,</span> <span class='ocrx_word' id='word_1_110' title='bbox 1403 1213 1477 1261; x_wconf 83' lang='grc' dir='ltr'>καὶ</span> <span class='ocrx_word' id='word_1_111' title='bbox 1498 1208 1573 1259; x_wconf 76' lang='grc' dir='ltr'>διὰ</span> <span class='ocrx_word' id='word_1_112' title='bbox 1592 1207 1767 1274; x_wconf 82' lang='grc' dir='ltr'>μυρίων</span> <span class='ocrx_word' id='word_1_113' title='bbox 1785 1206 1914 1257; x_wconf 82' lang='grc' dir='ltr'>ὅσων</span> 
     </span>
     <span class='ocr_line' id='line_1_17' title="bbox 331 1287 1913 1369; baseline -0.008 -17"><span class='ocrx_word' id='word_1_114' title='bbox 331 1300 649 1365; x_wconf 78' lang='grc' dir='ltr'>ἀσεβημάτων</span> <span class='ocrx_word' id='word_1_115' title='bbox 688 1301 758 1368; x_wconf 85' lang='grc' dir='ltr'>ἐφ’</span> <span class='ocrx_word' id='word_1_116' title='bbox 797 1301 922 1369; x_wconf 74' lang='grc' dir='ltr'>αὐτῷ</span> <span class='ocrx_word' id='word_1_117' title='bbox 966 1297 1314 1363; x_wconf 83' lang='grc' dir='ltr'>καταθήγοντος</span> <span class='ocrx_word' id='word_1_118' title='bbox 1353 1294 1436 1345; x_wconf 82' lang='grc' dir='ltr'>τὸν</span> <span class='ocrx_word' id='word_1_119' title='bbox 1475 1297 1568 1343; x_wconf 84' lang='grc' dir='ltr'>τῶν</span> <span class='ocrx_word' id='word_1_120' title='bbox 1609 1291 1735 1342; x_wconf 82' lang='grc' dir='ltr'>ὅλων</span> <span class='ocrx_word' id='word_1_121' title='bbox 1774 1287 1913 1351; x_wconf 77' lang='grc' dir='ltr'>Θεὸν,</span> 
     </span>
     <span class='ocr_line' id='line_1_18' title="bbox 332 1372 1916 1450; baseline -0.009 -15"><span class='ocrx_word' id='word_1_122' title='bbox 332 1383 560 1450; x_wconf 72' lang='grc' dir='ltr'>ὡπλίζετο</span> <span class='ocrx_word' id='word_1_123' title='bbox 599 1382 718 1434; x_wconf 79' lang='grc' dir='ltr'>κατὰ</span> <span class='ocrx_word' id='word_1_124' title='bbox 755 1385 836 1446; x_wconf 80' lang='grc' dir='ltr'>τῆς</span> <span class='ocrx_word' id='word_1_125' title='bbox 861 1380 1087 1434; x_wconf 86' lang='grc' dir='ltr'>Ἰουδαίας</span> <span class='ocrx_word' id='word_1_126' title='bbox 1125 1381 1200 1430; x_wconf 81' lang='grc' dir='ltr'>καὶ</span> <span class='ocrx_word' id='word_1_127' title='bbox 1232 1377 1351 1429; x_wconf 82' lang='grc' dir='ltr'>κατὰ</span> <span class='ocrx_word' id='word_1_128' title='bbox 1389 1380 1483 1427; x_wconf 81' lang='grc' dir='ltr'>τῶν</span> <span class='ocrx_word' id='word_1_129' title='bbox 1508 1372 1856 1440; x_wconf 82' lang='grc' dir='ltr'>Ἰεροσολύμων</span> <span class='ocrx_word' id='word_1_130' title='bbox 1890 1373 1916 1422; x_wconf 85' lang='grc' dir='ltr'>ὁ</span> 
     </span>
     <span class='ocr_line' id='line_1_19' title="bbox 334 1454 1912 1534; baseline -0.008 -16"><span class='ocrx_word' id='word_1_131' title='bbox 334 1465 782 1534; x_wconf 79' lang='grc' dir='ltr'>Ναβουχοδονόσορ,</span> <span class='ocrx_word' id='word_1_132' title='bbox 815 1464 939 1518; x_wconf 81' lang='grc' dir='ltr'>θείας</span> <span class='ocrx_word' id='word_1_133' title='bbox 977 1462 1117 1514; x_wconf 80' lang='grc' dir='ltr'>αὑτὸν</span> <span class='ocrx_word' id='word_1_134' title='bbox 1146 1466 1209 1516; x_wconf 80' lang='grc' dir='ltr'>εἷς</span> <span class='ocrx_word' id='word_1_135' title='bbox 1238 1465 1375 1511; x_wconf 86' lang='grc' dir='ltr'>τοῦτο</span> <span class='ocrx_word' id='word_1_136' title='bbox 1404 1454 1714 1520; x_wconf 81' lang='grc' dir='ltr'>διανιστάσης</span> <span class='ocrx_word' id='word_1_137' title='bbox 1753 1456 1912 1521; x_wconf 83' lang='grc' dir='ltr'>ὀργῆς.</span> 
     </span>
     <span class='ocr_line' id='line_1_20' title="bbox 331 1536 1916 1617; baseline -0.009 -16"><span class='ocrx_word' id='word_1_138' title='bbox 331 1548 430 1601; x_wconf 75' lang='grc' dir='ltr'>εἶτα</span> <span class='ocrx_word' id='word_1_139' title='bbox 456 1549 559 1600; x_wconf 86' lang='grc' dir='ltr'>δεόν</span> <span class='ocrx_word' id='word_1_140' title='bbox 584 1546 692 1603; x_wconf 75' lang='grc' dir='ltr'>τοὺς</span> <span class='ocrx_word' id='word_1_141' title='bbox 718 1548 774 1617; x_wconf 76' lang='grc' dir='ltr'>ἐξ</span> <span class='ocrx_word' id='word_1_142' title='bbox 795 1546 997 1613; x_wconf 85' lang='grc' dir='ltr'>Ἰσραὴλ</span> <span class='ocrx_word' id='word_1_143' title='bbox 1023 1544 1287 1612; x_wconf 79' lang='grc' dir='ltr'>καταλῆξαι</span> <span class='ocrx_word' id='word_1_144' title='bbox 1312 1545 1394 1605; x_wconf 85' lang='grc' dir='ltr'>τῆς</span> <span class='ocrx_word' id='word_1_145' title='bbox 1420 1542 1467 1591; x_wconf 85' lang='grc' dir='ltr'>ἐν</span> <span class='ocrx_word' id='word_1_146' title='bbox 1493 1541 1658 1607; x_wconf 80' lang='grc' dir='ltr'>χερσὶν</span> <span class='ocrx_word' id='word_1_147' title='bbox 1683 1536 1916 1598; x_wconf 84' lang='grc' dir='ltr'>ἀσεβείας,</span> 
     </span>
     <span class='ocr_line' id='line_1_21' title="bbox 332 1618 1916 1699; baseline -0.007 -16"><span class='ocrx_word' id='word_1_148' title='bbox 332 1634 408 1683; x_wconf 78' lang='grc' dir='ltr'>καὶ</span> <span class='ocrx_word' id='word_1_149' title='bbox 447 1630 749 1699; x_wconf 74' lang='grc' dir='ltr'>ἀποσχέσθαι</span> <span class='ocrx_word' id='word_1_150' title='bbox 790 1629 874 1693; x_wconf 77' lang='grc' dir='ltr'>μὲν</span> <span class='ocrx_word' id='word_1_151' title='bbox 912 1634 994 1680; x_wconf 82' lang='grc' dir='ltr'>τοῦ</span> <span class='ocrx_word' id='word_1_152' title='bbox 1035 1631 1317 1694; x_wconf 80' lang='grc' dir='ltr'>προσκυνεῖν</span> <span class='ocrx_word' id='word_1_153' title='bbox 1353 1622 1530 1675; x_wconf 76' lang='grc' dir='ltr'>ἐθέλειν</span> <span class='ocrx_word' id='word_1_154' title='bbox 1575 1625 1694 1674; x_wconf 82' lang='grc' dir='ltr'>θεοῖς</span> <span class='ocrx_word' id='word_1_155' title='bbox 1733 1618 1916 1685; x_wconf 72' lang='grc' dir='ltr'>ἑτέροις,</span> 
     </span>
     <span class='ocr_line' id='line_1_22' title="bbox 334 1700 1913 1782; baseline -0.009 -17"><span class='ocrx_word' id='word_1_156' title='bbox 334 1714 594 1782; x_wconf 73' lang='grc' dir='ltr'>ἀνατρέψαι</span> <span class='ocrx_word' id='word_1_157' title='bbox 629 1712 676 1764; x_wconf 82' lang='grc' dir='ltr'>δὲ</span> <span class='ocrx_word' id='word_1_158' title='bbox 711 1710 898 1775; x_wconf 77' lang='grc' dir='ltr'>βωμοὺς</span> <span class='ocrx_word' id='word_1_159' title='bbox 933 1713 1009 1761; x_wconf 81' lang='grc' dir='ltr'>καὶ</span> <span class='ocrx_word' id='word_1_160' title='bbox 1043 1710 1369 1775; x_wconf 85' lang='grc' dir='ltr'>κατεμπρῆσαι</span> <span class='ocrx_word' id='word_1_161' title='bbox 1406 1704 1572 1768; x_wconf 76' lang='grc' dir='ltr'>τεμένη</span> <span class='ocrx_word' id='word_1_162' title='bbox 1611 1704 1686 1753; x_wconf 81' lang='grc' dir='ltr'>καὶ</span> <span class='ocrx_word' id='word_1_163' title='bbox 1721 1700 1913 1766; x_wconf 87' lang='grc' dir='ltr'>συντρί-</span> 
     </span>
     <span class='ocr_line' id='line_1_23' title="bbox 336 1784 1919 1865; baseline -0.009 -17"><span class='ocrx_word' id='word_1_164' title='bbox 336 1800 429 1865; x_wconf 78' lang='grc' dir='ltr'>ψαι</span> <span class='ocrx_word' id='word_1_165' title='bbox 466 1795 551 1860; x_wconf 81' lang='grc' dir='ltr'>μὲν</span> <span class='ocrx_word' id='word_1_166' title='bbox 580 1795 638 1847; x_wconf 79' lang='grc' dir='ltr'>τὰ</span> <span class='ocrx_word' id='word_1_167' title='bbox 677 1792 897 1863; x_wconf 68' lang='grc' dir='ltr'>χωνευτοὶ,</span> <span class='ocrx_word' id='word_1_168' title='bbox 923 1797 1023 1846; x_wconf 83' lang='grc' dir='ltr'>ταῖς</span> <span class='ocrx_word' id='word_1_169' title='bbox 1056 1791 1104 1843; x_wconf 85' lang='grc' dir='ltr'>δὲ</span> <span class='ocrx_word' id='word_1_170' title='bbox 1142 1795 1204 1844; x_wconf 84' lang='grc' dir='ltr'>εἷς</span> <span class='ocrx_word' id='word_1_171' title='bbox 1241 1788 1539 1855; x_wconf 82' lang='grc' dir='ltr'>μετάγνωσιν</span> <span class='ocrx_word' id='word_1_172' title='bbox 1576 1787 1806 1838; x_wconf 83' lang='grc' dir='ltr'>σπουδαῖς</span> <span class='ocrx_word' id='word_1_173' title='bbox 1844 1784 1919 1834; x_wconf 78' lang='grc' dir='ltr'>καὶ</span> 
     </span>
     <span class='ocr_line' id='line_1_24' title="bbox 335 1866 1919 1940; baseline -0.01 -10"><span class='ocrx_word' id='word_1_174' title='bbox 335 1880 591 1932; x_wconf 84' lang='grc' dir='ltr'>ε’πιεικείαις</span> <span class='ocrx_word' id='word_1_175' title='bbox 635 1877 1025 1940; x_wconf 84' lang='grc' dir='ltr'>ἐκμειλίσσεσθαι</span> <span class='ocrx_word' id='word_1_176' title='bbox 1065 1872 1189 1925; x_wconf 77' lang='grc' dir='ltr'>Θεὸν</span> <span class='ocrx_word' id='word_1_177' title='bbox 1228 1873 1303 1923; x_wconf 77' lang='grc' dir='ltr'>καὶ</span> <span class='ocrx_word' id='word_1_178' title='bbox 1342 1875 1502 1922; x_wconf 81' lang='grc' dir='ltr'>καλεῖν</span> <span class='ocrx_word' id='word_1_179' title='bbox 1541 1871 1602 1922; x_wconf 77' lang='grc' dir='ltr'>εἰς</span> <span class='ocrx_word' id='word_1_180' title='bbox 1640 1866 1919 1931; x_wconf 87' lang='grc' dir='ltr'>ἐπικουρίαν,</span> 
     </span>
     <span class='ocr_line' id='line_1_25' title="bbox 335 1946 1919 2026; baseline -0.011 -13"><span class='ocrx_word' id='word_1_181' title='bbox 335 1968 473 2013; x_wconf 82' lang='grc' dir='ltr'>τοῦτο</span> <span class='ocrx_word' id='word_1_182' title='bbox 506 1960 591 2026; x_wconf 77' lang='grc' dir='ltr'>μὲν</span> <span class='ocrx_word' id='word_1_183' title='bbox 617 1961 699 2011; x_wconf 79' lang='grc' dir='ltr'>οὐκ</span> <span class='ocrx_word' id='word_1_184' title='bbox 730 1959 874 2026; x_wconf 74' lang='grc' dir='ltr'>ε”δρων</span> <span class='ocrx_word' id='word_1_185' title='bbox 900 1962 941 2009; x_wconf 80' lang='grc' dir='ltr'>οἱ</span> <span class='ocrx_word' id='word_1_186' title='bbox 975 1957 1188 2010; x_wconf 86' lang='grc' dir='ltr'>τάλανες·</span> <span class='ocrx_word' id='word_1_187' title='bbox 1231 1952 1378 2024; x_wconf 73' lang='grc' dir='ltr'>ᾤοντο</span> <span class='ocrx_word' id='word_1_188' title='bbox 1417 1951 1481 2014; x_wconf 79' lang='grc' dir='ltr'>δὲ,</span> <span class='ocrx_word' id='word_1_189' title='bbox 1513 1950 1584 2001; x_wconf 80' lang='grc' dir='ltr'>ὅτι</span> <span class='ocrx_word' id='word_1_190' title='bbox 1621 1953 1721 2003; x_wconf 82' lang='grc' dir='ltr'>ταῖς</span> <span class='ocrx_word' id='word_1_191' title='bbox 1753 1946 1810 2015; x_wconf 76' lang='grc' dir='ltr'>ἐξ</span> <span class='ocrx_word' id='word_1_192' title='bbox 1839 1949 1919 1997; x_wconf 81' lang='grc' dir='ltr'>ἀν-</span> 
     </span>
     <span class='ocr_line' id='line_1_26' title="bbox 337 2030 1921 2110; baseline -0.011 -14"><span class='ocrx_word' id='word_1_193' title='bbox 337 2046 540 2110; x_wconf 81' lang='grc' dir='ltr'>θρώπων</span> <span class='ocrx_word' id='word_1_194' title='bbox 591 2046 876 2109; x_wconf 81' lang='grc' dir='ltr'>συνδρομαῖς</span> <span class='ocrx_word' id='word_1_195' title='bbox 925 2039 1311 2106; x_wconf 87' lang='grc' dir='ltr'>ἐπικουρούμενοι,</span> <span class='ocrx_word' id='word_1_196' title='bbox 1354 2037 1429 2086; x_wconf 83' lang='grc' dir='ltr'>καὶ</span> <span class='ocrx_word' id='word_1_197' title='bbox 1477 2033 1690 2097; x_wconf 80' lang='grc' dir='ltr'>ἀμείνους</span> <span class='ocrx_word' id='word_1_198' title='bbox 1733 2030 1921 2081; x_wconf 78' lang='grc' dir='ltr'>ἔσονται</span> 
     </span>
     <span class='ocr_line' id='line_1_27' title="bbox 337 2110 1920 2186; baseline -0.012 -7"><span class='ocrx_word' id='word_1_199' title='bbox 337 2131 432 2179; x_wconf 84' lang='grc' dir='ltr'>τῶν</span> <span class='ocrx_word' id='word_1_200' title='bbox 463 2127 783 2186; x_wconf 75' lang='grc' dir='ltr'>Βαβυλωνίων</span> <span class='ocrx_word' id='word_1_201' title='bbox 814 2126 889 2175; x_wconf 82' lang='grc' dir='ltr'>καὶ</span> <span class='ocrx_word' id='word_1_202' title='bbox 921 2117 1382 2186; x_wconf 84' lang='grc' dir='ltr'>κατευμεγεθήσουσι</span> <span class='ocrx_word' id='word_1_203' title='bbox 1415 2121 1510 2166; x_wconf 83' lang='grc' dir='ltr'>τῶν</span> <span class='ocrx_word' id='word_1_204' title='bbox 1539 2116 1732 2182; x_wconf 81' lang='grc' dir='ltr'>ἐχθρῶν,</span> <span class='ocrx_word' id='word_1_205' title='bbox 1763 2110 1850 2163; x_wconf 79' lang='grc' dir='ltr'>κᾶν</span> <span class='ocrx_word' id='word_1_206' title='bbox 1883 2115 1920 2161; x_wconf 82' lang='grc' dir='ltr'>εἱ</span> 
     </span>
     <span class='ocr_line' id='line_1_28' title="bbox 338 2198 1922 2276; baseline -0.013 -14"><span class='ocrx_word' id='word_1_207' title='bbox 338 2207 403 2275; x_wconf 85' lang='grc' dir='ltr'>μὴ</span> <span class='ocrx_word' id='word_1_208' title='bbox 453 2209 619 2276; x_wconf 74' lang='grc' dir='ltr'>σώζειν</span> <span class='ocrx_word' id='word_1_209' title='bbox 668 2206 832 2260; x_wconf 77' lang='grc' dir='ltr'>αὐτοὺς</span> <span class='ocrx_word' id='word_1_210' title='bbox 876 2206 1029 2256; x_wconf 79' lang='grc' dir='ltr'>ἕλοιτο</span> <span class='ocrx_word' id='word_1_211' title='bbox 1074 2201 1210 2255; x_wconf 78' lang='grc' dir='ltr'>Θεός.</span> <span class='ocrx_word' id='word_1_212' title='bbox 1272 2198 1510 2265; x_wconf 82' lang='grc' dir='ltr'>τοιγάρτοι</span> <span class='ocrx_word' id='word_1_213' title='bbox 1554 2198 1922 2257; x_wconf 83' lang='grc' dir='ltr'>κατεμισθοῦντο</span> 
     </span>
     <span class='ocr_line' id='line_1_29' title="bbox 339 2273 1921 2354; baseline -0.009 -10"><span class='ocrx_word' id='word_1_214' title='bbox 339 2289 553 2345; x_wconf 78' lang='grc' dir='ltr'>πολλοὺς</span> <span class='ocrx_word' id='word_1_215' title='bbox 581 2295 674 2341; x_wconf 83' lang='grc' dir='ltr'>τῶν</span> <span class='ocrx_word' id='word_1_216' title='bbox 699 2288 967 2354; x_wconf 86' lang='grc' dir='ltr'>προσοίκων</span> <span class='ocrx_word' id='word_1_217' title='bbox 994 2288 1154 2346; x_wconf 82' lang='grc' dir='ltr'>ἐθνῶν,</span> <span class='ocrx_word' id='word_1_218' title='bbox 1180 2283 1467 2349; x_wconf 78' lang='grc' dir='ltr'>ἐπρέσβευον</span> <span class='ocrx_word' id='word_1_219' title='bbox 1494 2278 1541 2330; x_wconf 79' lang='grc' dir='ltr'>δὲ</span> <span class='ocrx_word' id='word_1_220' title='bbox 1572 2280 1647 2329; x_wconf 77' lang='grc' dir='ltr'>καὶ</span> <span class='ocrx_word' id='word_1_221' title='bbox 1672 2276 1790 2341; x_wconf 86' lang='grc' dir='ltr'>πρὸς</span> <span class='ocrx_word' id='word_1_222' title='bbox 1815 2273 1921 2329; x_wconf 78' lang='grc' dir='ltr'>τοὺς</span> 
     </span>
     <span class='ocr_line' id='line_1_30' title="bbox 346 2357 1922 2440; baseline -0.011 -14"><span class='ocrx_word' id='word_1_223' title='bbox 346 2374 646 2440; x_wconf 82' lang='grc' dir='ltr'>Αἰγυπτίους,</span> <span class='ocrx_word' id='word_1_224' title='bbox 673 2373 746 2423; x_wconf 78' lang='grc' dir='ltr'>καὶ</span> <span class='ocrx_word' id='word_1_225' title='bbox 779 2375 840 2425; x_wconf 85' lang='grc' dir='ltr'>εὶς</span> <span class='ocrx_word' id='word_1_226' title='bbox 865 2369 951 2434; x_wconf 83' lang='grc' dir='ltr'>τὴν</span> <span class='ocrx_word' id='word_1_227' title='bbox 979 2368 1271 2431; x_wconf 80' lang='grc' dir='ltr'>καλουμένην</span> <span class='ocrx_word' id='word_1_228' title='bbox 1295 2363 1402 2426; x_wconf 34' lang='grc' dir='ltr'>ᾼΩν,</span> <span class='ocrx_word' id='word_1_229' title='bbox 1434 2363 1535 2428; x_wconf 75' lang='grc' dir='ltr'>ἤτοι</span> <span class='ocrx_word' id='word_1_230' title='bbox 1560 2358 1759 2429; x_wconf 67' lang='grc' dir='ltr'>Ἄμμων,</span> <span class='ocrx_word' id='word_1_231' title='bbox 1784 2357 1812 2423; x_wconf 83' lang='grc' dir='ltr'>ἣ</span> <span class='ocrx_word' id='word_1_232' title='bbox 1841 2363 1922 2409; x_wconf 87' lang='grc' dir='ltr'>νῦν</span> 
     </span>
    </p>

    <p class='ocr_par' dir='ltr' id='par_1_11' title="bbox 341 2494 1923 2925">
     <span class='ocr_line' id='line_1_31' title="bbox 390 2494 1922 2551; baseline -0.012 -8"><span class='ocrx_word' id='word_1_233' title='bbox 390 2520 421 2544; x_wconf 87' lang='lat'>2.</span> <span class='ocrx_word' id='word_1_234' title='bbox 445 2508 487 2542; x_wconf 79' lang='grc' dir='ltr'>τὰ</span> <span class='ocrx_word' id='word_1_235' title='bbox 503 2519 574 2542; x_wconf 88' lang='lat' dir='ltr'>om.</span> <span class='ocrx_word' id='word_1_236' title='bbox 594 2507 640 2541; x_wconf 86' lang='lat' dir='ltr'>D.</span> <span class='ocrx_word' id='word_1_237' title='bbox 690 2503 806 2551; x_wconf 82' lang='grc' dir='ltr'>ἶσχὺς]</span> <span class='ocrx_word' id='word_1_238' title='bbox 827 2503 845 2548; x_wconf 88' lang='grc' dir='ltr'>ἡ</span> <span class='ocrx_word' id='word_1_239' title='bbox 864 2503 964 2549; x_wconf 80' lang='grc' dir='ltr'>ἰσχὺς</span> <span class='ocrx_word' id='word_1_240' title='bbox 982 2502 1020 2536; x_wconf 84' lang='lat' dir='ltr'>F.</span> <span class='ocrx_word' id='word_1_241' title='bbox 1039 2501 1132 2536; x_wconf 85' lang='lat' dir='ltr'><strong>Edd.</strong></span> <span class='ocrx_word' id='word_1_242' title='bbox 1151 2500 1291 2545; x_wconf 76' lang='lat' dir='ltr'><strong>(Alex.)</strong></span> <span class='ocrx_word' id='word_1_243' title='bbox 1306 2498 1422 2533; x_wconf 84' lang='lat' dir='ltr'>invitis</span> <span class='ocrx_word' id='word_1_244' title='bbox 1441 2496 1532 2530; x_wconf 88' lang='lat' dir='ltr'><strong>B.D.</strong></span> <span class='ocrx_word' id='word_1_245' title='bbox 1552 2494 1648 2537; x_wconf 81' lang='lat' dir='ltr'><strong>(Vat.</strong></span> <span class='ocrx_word' id='word_1_246' title='bbox 1668 2495 1703 2537; x_wconf 64' lang='lat' dir='ltr'>N)</span> <span class='ocrx_word' id='word_1_247' title='bbox 1812 2506 1844 2534; x_wconf 85' lang='lat'>4.</span> <span class='ocrx_word' id='word_1_248' title='bbox 1864 2507 1922 2536; x_wconf 87' lang='grc' dir='ltr'>με-</span> 
     </span>
     <span class='ocr_line' id='line_1_32' title="bbox 342 2539 1922 2599; baseline -0.011 -9"><span class='ocrx_word' id='word_1_249' title='bbox 342 2556 516 2599; x_wconf 85' lang='grc' dir='ltr'>τοικησίαν</span> <span class='ocrx_word' id='word_1_250' title='bbox 534 2555 571 2588; x_wconf 87' lang='lat' dir='ltr'>F.</span> <span class='ocrx_word' id='word_1_251' title='bbox 619 2553 834 2598; x_wconf 76' lang='grc' dir='ltr'>αἰχμάλωτος</span> <span class='ocrx_word' id='word_1_252' title='bbox 850 2550 1052 2596; x_wconf 73' lang='grc' dir='ltr'>πορεύσεται</span> <span class='ocrx_word' id='word_1_253' title='bbox 1072 2549 1113 2583; x_wconf 84' lang='grc' dir='ltr'>Β.</span> <span class='ocrx_word' id='word_1_254' title='bbox 1133 2547 1255 2593; x_wconf 87' lang='lat'><strong>(153.)</strong></span> <span class='ocrx_word' id='word_1_255' title='bbox 1365 2555 1398 2590; x_wconf 88' lang='lat'>5.</span> <span class='ocrx_word' id='word_1_256' title='bbox 1421 2543 1476 2578; x_wconf 81' lang='grc' dir='ltr'>ἀπ’</span> <span class='ocrx_word' id='word_1_257' title='bbox 1495 2543 1602 2587; x_wconf 79' lang='grc' dir='ltr'>ἀρχῆς</span> <span class='ocrx_word' id='word_1_258' title='bbox 1622 2540 1756 2575; x_wconf 88' lang='lat' dir='ltr'><strong>B.D.F.</strong></span> <span class='ocrx_word' id='word_1_259' title='bbox 1776 2539 1847 2584; x_wconf 85' lang='lat'><strong>(68.</strong></span> <span class='ocrx_word' id='word_1_260' title='bbox 1862 2540 1922 2582; x_wconf 88' lang='lat' dir='ltr'><strong>al.)</strong></span> 
     </span>
     <span class='ocr_line' id='line_1_33' title="bbox 341 2586 1922 2647; baseline -0.01 -11"><span class='ocrx_word' id='word_1_261' title='bbox 341 2602 391 2637; x_wconf 80' lang='grc' dir='ltr'>ἐπ’</span> <span class='ocrx_word' id='word_1_262' title='bbox 410 2603 517 2647; x_wconf 83' lang='grc' dir='ltr'>ἀρχὰς</span> <span class='ocrx_word' id='word_1_263' title='bbox 535 2600 626 2636; x_wconf 83' lang='lat' dir='ltr'><strong>Edd.</strong></span> <span class='ocrx_word' id='word_1_264' title='bbox 644 2599 757 2645; x_wconf 76' lang='lat' dir='ltr'><strong>(A.V.</strong></span> <span class='ocrx_word' id='word_1_265' title='bbox 776 2601 811 2643; x_wconf 69' lang='lat' dir='ltr'>N)</span> <span class='ocrx_word' id='word_1_266' title='bbox 937 2606 967 2642; x_wconf 91' lang='lat'>7.</span> <span class='ocrx_word' id='word_1_267' title='bbox 999 2597 1051 2630; x_wconf 82' lang='grc' dir='ltr'>καὶ</span> <span class='ocrx_word' id='word_1_268' title='bbox 1069 2607 1139 2630; x_wconf 90' lang='lat' dir='ltr'>om.</span> <span class='ocrx_word' id='word_1_269' title='bbox 1159 2596 1203 2629; x_wconf 92' lang='lat' dir='ltr'>D.</span> <span class='ocrx_word' id='word_1_270' title='bbox 1327 2603 1378 2626; x_wconf 89' lang='lat'><strong>10.</strong></span> <span class='ocrx_word' id='word_1_271' title='bbox 1404 2587 1664 2635; x_wconf 80' lang='grc' dir='ltr'>προαφὴγησις]</span> <span class='ocrx_word' id='word_1_272' title='bbox 1688 2592 1725 2628; x_wconf 69' lang='grc'>-1-</span> <span class='ocrx_word' id='word_1_273' title='bbox 1746 2590 1812 2621; x_wconf 84' lang='grc' dir='ltr'>τῶν</span> <span class='ocrx_word' id='word_1_274' title='bbox 1830 2586 1922 2621; x_wconf 87' lang='lat' dir='ltr'><strong>Edd.</strong></span> 
     </span>
     <span class='ocr_line' id='line_1_34' title="bbox 341 2632 1920 2689; baseline -0.012 -5"><span class='ocrx_word' id='word_1_275' title='bbox 341 2650 449 2683; x_wconf 86' lang='lat' dir='ltr'>invito</span> <span class='ocrx_word' id='word_1_276' title='bbox 469 2650 514 2683; x_wconf 91' lang='lat' dir='ltr'>D.</span> <span class='ocrx_word' id='word_1_277' title='bbox 662 2658 714 2681; x_wconf 89' lang='lat'>12.</span> <span class='ocrx_word' id='word_1_278' title='bbox 739 2647 879 2689; x_wconf 84' lang='grc' dir='ltr'>λελατρ.</span> <span class='ocrx_word' id='word_1_279' title='bbox 897 2645 1049 2678; x_wconf 78' lang='grc' dir='ltr'>εἰδώλοις</span> <span class='ocrx_word' id='word_1_280' title='bbox 1066 2643 1203 2676; x_wconf 87' lang='lat' dir='ltr'>inverso</span> <span class='ocrx_word' id='word_1_281' title='bbox 1221 2639 1342 2675; x_wconf 82' lang='lat' dir='ltr'>ordine</span> <span class='ocrx_word' id='word_1_282' title='bbox 1359 2639 1407 2672; x_wconf 93' lang='lat' dir='ltr'>D.</span> <span class='ocrx_word' id='word_1_283' title='bbox 1457 2637 1511 2671; x_wconf 89' lang='grc' dir='ltr'>διὰ</span> <span class='ocrx_word' id='word_1_284' title='bbox 1528 2647 1598 2669; x_wconf 86' lang='lat' dir='ltr'>om.</span> <span class='ocrx_word' id='word_1_285' title='bbox 1618 2635 1664 2669; x_wconf 89' lang='lat' dir='ltr'>D.</span> <span class='ocrx_word' id='word_1_286' title='bbox 1792 2644 1844 2678; x_wconf 85' lang='lat'><strong>13.</strong></span> <span class='ocrx_word' id='word_1_287' title='bbox 1865 2632 1920 2678; x_wconf 82' lang='grc' dir='ltr'>ἐφ’</span> 
     </span>
     <span class='ocr_line' id='line_1_35' title="bbox 343 2680 1922 2742; baseline -0.012 -11"><span class='ocrx_word' id='word_1_288' title='bbox 343 2696 432 2742; x_wconf 79' lang='grc' dir='ltr'>αὑτῷ</span> <span class='ocrx_word' id='word_1_289' title='bbox 450 2693 711 2740; x_wconf 82' lang='grc' dir='ltr'>καταθὴγοντος]</span> <span class='ocrx_word' id='word_1_290' title='bbox 731 2692 984 2736; x_wconf 82' lang='grc' dir='ltr'>καταθηγόντων</span> <span class='ocrx_word' id='word_1_291' title='bbox 1001 2689 1056 2735; x_wconf 74' lang='grc' dir='ltr'>ἐφ’</span> <span class='ocrx_word' id='word_1_292' title='bbox 1075 2690 1192 2723; x_wconf 77' lang='grc' dir='ltr'>ἑαυτὸν</span> <span class='ocrx_word' id='word_1_293' title='bbox 1210 2688 1256 2722; x_wconf 90' lang='lat' dir='ltr'>D.</span> <span class='ocrx_word' id='word_1_294' title='bbox 1457 2694 1511 2728; x_wconf 87' lang='lat'>15.</span> <span class='ocrx_word' id='word_1_295' title='bbox 1537 2681 1767 2723; x_wconf 82' lang='grc' dir='ltr'>διαναστάσης</span> <span class='ocrx_word' id='word_1_296' title='bbox 1785 2680 1831 2714; x_wconf 93' lang='lat' dir='ltr'>D.</span> <span class='ocrx_word' id='word_1_297' title='bbox 1850 2680 1922 2713; x_wconf 85' lang='grc' dir='ltr'>δια-</span> 
     </span>
     <span class='ocr_line' id='line_1_36' title="bbox 345 2725 1922 2786; baseline -0.011 -9"><span class='ocrx_word' id='word_1_298' title='bbox 345 2744 514 2786; x_wconf 81' lang='grc' dir='ltr'>νιστώσης</span> <span class='ocrx_word' id='word_1_299' title='bbox 532 2741 623 2776; x_wconf 85' lang='lat' dir='ltr'><strong>Edd.</strong></span> <span class='ocrx_word' id='word_1_300' title='bbox 879 2738 932 2773; x_wconf 88' lang='lat'>16.</span> <span class='ocrx_word' id='word_1_301' title='bbox 959 2737 1034 2772; x_wconf 79' lang='grc' dir='ltr'>δέον</span> <span class='ocrx_word' id='word_1_302' title='bbox 1050 2742 1129 2781; x_wconf 78' lang='lat' dir='ltr'>post</span> <span class='ocrx_word' id='word_1_303' title='bbox 1147 2733 1331 2776; x_wconf 81' lang='grc' dir='ltr'>καταλῆξαι</span> <span class='ocrx_word' id='word_1_304' title='bbox 1347 2737 1479 2775; x_wconf 83' lang='lat' dir='ltr'><strong>transp.</strong></span> <span class='ocrx_word' id='word_1_305' title='bbox 1501 2730 1548 2764; x_wconf 91' lang='lat' dir='ltr'><strong>D.</strong></span> <span class='ocrx_word' id='word_1_306' title='bbox 1598 2729 1723 2762; x_wconf 87' lang='lat' dir='ltr'>Statim</span> <span class='ocrx_word' id='word_1_307' title='bbox 1742 2729 1811 2762; x_wconf 81' lang='grc' dir='ltr'>τοῖς</span> <span class='ocrx_word' id='word_1_308' title='bbox 1828 2725 1922 2760; x_wconf 87' lang='lat' dir='ltr'><strong>Edd.</strong></span> 
     </span>
     <span class='ocr_line' id='line_1_37' title="bbox 349 2774 1923 2832; baseline -0.009 -10"><span class='ocrx_word' id='word_1_309' title='bbox 349 2790 402 2822; x_wconf 81' lang='lat' dir='ltr'>IS.</span> <span class='ocrx_word' id='word_1_310' title='bbox 428 2787 634 2832; x_wconf 75' lang='grc' dir='ltr'>ἀνατρέψαι]</span> <span class='ocrx_word' id='word_1_311' title='bbox 652 2786 868 2831; x_wconf 77' lang='grc' dir='ltr'>ἀναστρέψαι</span> <span class='ocrx_word' id='word_1_312' title='bbox 885 2784 945 2819; x_wconf 81' lang='lat' dir='ltr'><strong>iid.</strong></span> <span class='ocrx_word' id='word_1_313' title='bbox 997 2784 1122 2818; x_wconf 81' lang='lat' dir='ltr'>Statim</span> <span class='ocrx_word' id='word_1_314' title='bbox 1140 2797 1175 2816; x_wconf 85' lang='grc' dir='ltr'>τε</span> <span class='ocrx_word' id='word_1_315' title='bbox 1194 2793 1256 2826; x_wconf 81' lang='lat' dir='ltr'>pro</span> <span class='ocrx_word' id='word_1_316' title='bbox 1273 2781 1309 2814; x_wconf 81' lang='grc' dir='ltr'>δὲ</span> <span class='ocrx_word' id='word_1_317' title='bbox 1328 2779 1370 2812; x_wconf 86' lang='grc' dir='ltr'>Β.</span> <span class='ocrx_word' id='word_1_318' title='bbox 1510 2787 1561 2820; x_wconf 88' lang='lat'><strong>19.</strong></span> <span class='ocrx_word' id='word_1_319' title='bbox 1587 2776 1648 2819; x_wconf 76' lang='grc' dir='ltr'>μὲν</span> <span class='ocrx_word' id='word_1_320' title='bbox 1664 2786 1734 2809; x_wconf 89' lang='lat' dir='ltr'>om.</span> <span class='ocrx_word' id='word_1_321' title='bbox 1755 2774 1803 2808; x_wconf 86' lang='lat' dir='ltr'>D.</span> <span class='ocrx_word' id='word_1_322' title='bbox 1850 2774 1923 2808; x_wconf 81' lang='grc' dir='ltr'>ταῖς</span> 
     </span>
     <span class='ocr_line' id='line_1_38' title="bbox 347 2820 1923 2870; baseline -0.01 -1"><span class='ocrx_word' id='word_1_323' title='bbox 347 2836 383 2869; x_wconf 79' lang='grc' dir='ltr'>δὲ</span> <span class='ocrx_word' id='word_1_324' title='bbox 400 2835 442 2869; x_wconf 83' lang='grc' dir='ltr'>Β.</span> <span class='ocrx_word' id='word_1_325' title='bbox 460 2836 513 2868; x_wconf 84' lang='grc' dir='ltr'>καὶ</span> <span class='ocrx_word' id='word_1_326' title='bbox 526 2837 596 2870; x_wconf 81' lang='grc' dir='ltr'>ταῖς</span> <span class='ocrx_word' id='word_1_327' title='bbox 612 2834 730 2869; x_wconf 80' lang='lat' dir='ltr'><strong>l).i&#39;1d.</strong></span> <span class='ocrx_word' id='word_1_328' title='bbox 780 2833 864 2867; x_wconf 85' lang='lat' dir='ltr'>haec</span> <span class='ocrx_word' id='word_1_329' title='bbox 881 2832 934 2866; x_wconf 80' lang='grc' dir='ltr'>καὶ</span> <span class='ocrx_word' id='word_1_330' title='bbox 952 2831 1139 2866; x_wconf 82' lang='grc' dir='ltr'>ἐπιεικείαις</span> <span class='ocrx_word' id='word_1_331' title='bbox 1156 2831 1376 2863; x_wconf 82' lang='lat' dir='ltr'>accesserunt</span> <span class='ocrx_word' id='word_1_332' title='bbox 1393 2837 1433 2858; x_wconf 83' lang='lat' dir='ltr'>ex</span> <span class='ocrx_word' id='word_1_333' title='bbox 1454 2823 1546 2858; x_wconf 84' lang='lat' dir='ltr'><strong>B.D.</strong></span> <span class='ocrx_word' id='word_1_334' title='bbox 1644 2832 1698 2855; x_wconf 80' lang='lat'>22.</span> <span class='ocrx_word' id='word_1_335' title='bbox 1718 2820 1923 2863; x_wconf 83' lang='grc' dir='ltr'>συνδρομαῖς</span> 
     </span>
     <span class='ocr_line' id='line_1_39' title="bbox 346 2866 1921 2925; baseline -0.011 -9"><span class='ocrx_word' id='word_1_336' title='bbox 346 2882 494 2925; x_wconf 78' lang='grc' dir='ltr'>ἐπικουρ.</span> <span class='ocrx_word' id='word_1_337' title='bbox 512 2881 578 2916; x_wconf 88' lang='lat' dir='ltr'>hoc</span> <span class='ocrx_word' id='word_1_338' title='bbox 595 2881 716 2916; x_wconf 77' lang='lat' dir='ltr'>ordine</span> <span class='ocrx_word' id='word_1_339' title='bbox 735 2880 828 2914; x_wconf 88' lang='lat' dir='ltr'><strong>B.D.</strong></span> <span class='ocrx_word' id='word_1_340' title='bbox 1019 2889 1073 2922; x_wconf 82' lang='lat'>23.</span> <span class='ocrx_word' id='word_1_341' title='bbox 1101 2877 1153 2910; x_wconf 75' lang='grc' dir='ltr'>καὶ</span> <span class='ocrx_word' id='word_1_342' title='bbox 1172 2886 1233 2920; x_wconf 86' lang='lat' dir='ltr'>pro</span> <span class='ocrx_word' id='word_1_343' title='bbox 1251 2873 1310 2908; x_wconf 80' lang='grc' dir='ltr'>κᾶν</span> <span class='ocrx_word' id='word_1_344' title='bbox 1328 2873 1374 2906; x_wconf 90' lang='lat' dir='ltr'>D.</span> <span class='ocrx_word' id='word_1_345' title='bbox 1570 2879 1625 2912; x_wconf 86' lang='lat'>24.</span> <span class='ocrx_word' id='word_1_346' title='bbox 1651 2867 1771 2902; x_wconf 77' lang='grc' dir='ltr'>αὐτοὺς</span> <span class='ocrx_word' id='word_1_347' title='bbox 1788 2878 1858 2900; x_wconf 89' lang='lat' dir='ltr'>om.</span> <span class='ocrx_word' id='word_1_348' title='bbox 1880 2866 1921 2899; x_wconf 88' lang='lat' dir='ltr'>B.</span> 
     </span>
    </p>
   </div>
   <div class='ocr_carea' id='block_1_11' title="bbox 347 2911 1918 3021">
    <p class='ocr_par' dir='ltr' id='par_1_12' title="bbox 347 2911 1918 3021">
     <span class='ocr_line' id='line_1_40' title="bbox 347 2911 1918 2971; baseline -0.01 -9"><span class='ocrx_word' id='word_1_349' title='bbox 347 2928 451 2962; x_wconf 83' lang='lat' dir='ltr'>habet</span> <span class='ocrx_word' id='word_1_350' title='bbox 471 2928 516 2961; x_wconf 94' lang='lat' dir='ltr'>D.</span> <span class='ocrx_word' id='word_1_351' title='bbox 733 2937 787 2971; x_wconf 85' lang='lat'>25.</span> <span class='ocrx_word' id='word_1_352' title='bbox 812 2924 1021 2971; x_wconf 80' lang='grc' dir='ltr'>προσοίκων]</span> <span class='ocrx_word' id='word_1_353' title='bbox 1040 2923 1216 2969; x_wconf 85' lang='grc' dir='ltr'>περιοίκων</span> <span class='ocrx_word' id='word_1_354' title='bbox 1234 2921 1280 2955; x_wconf 94' lang='lat' dir='ltr'>D.</span> <span class='ocrx_word' id='word_1_355' title='bbox 1329 2918 1405 2954; x_wconf 81' lang='grc' dir='ltr'>τοὺς</span> <span class='ocrx_word' id='word_1_356' title='bbox 1423 2929 1494 2952; x_wconf 88' lang='lat' dir='ltr'>om.</span> <span class='ocrx_word' id='word_1_357' title='bbox 1514 2916 1561 2950; x_wconf 88' lang='lat' dir='ltr'>D.</span> <span class='ocrx_word' id='word_1_358' title='bbox 1776 2913 1829 2947; x_wconf 86' lang='lat'>26.</span> <span class='ocrx_word' id='word_1_359' title='bbox 1857 2911 1918 2958; x_wconf 83' lang='grc' dir='ltr'>ὢν]</span> 
     </span>
     <span class='ocr_line' id='line_1_41' title="bbox 347 2972 917 3021; baseline -0.005 -12"><span class='ocrx_word' id='word_1_360' title='bbox 347 2976 397 3021; x_wconf 86' lang='grc' dir='ltr'>ὠγ</span> <span class='ocrx_word' id='word_1_361' title='bbox 415 2974 506 3010; x_wconf 86' lang='lat' dir='ltr'><strong>Edd.</strong></span> <span class='ocrx_word' id='word_1_362' title='bbox 554 2974 670 3018; x_wconf 81' lang='grc' dir='ltr'>ἀμμὼν</span> <span class='ocrx_word' id='word_1_363' title='bbox 689 2974 733 3008; x_wconf 89' lang='lat' dir='ltr'>D.</span> <span class='ocrx_word' id='word_1_364' title='bbox 753 2974 844 3017; x_wconf 84' lang='grc' dir='ltr'>α’μὼν</span> <span class='ocrx_word' id='word_1_365' title='bbox 861 2972 917 3007; x_wconf 79' lang='lat' dir='ltr'>iid-</span> 
     </span>
    </p>
   </div>
   <div class='ocr_carea' id='block_1_12' title="bbox 1936 1063 1982 1088">
    <p class='ocr_par' dir='ltr' id='par_1_13' title="bbox 1936 1063 1982 1088">
     <span class='ocr_line' id='line_1_42' title="bbox 1936 1063 1982 1088; baseline 0.022 -1"><span class='ocrx_word' id='word_1_366' title='bbox 1936 1063 1982 1088; x_wconf 93' lang='lat'>10</span> 
     </span>
    </p>
   </div>
   <div class='ocr_carea' id='block_1_13' title="bbox 1941 1894 1989 1919">
    <p class='ocr_par' dir='ltr' id='par_1_14' title="bbox 1941 1894 1989 1919">
     <span class='ocr_line' id='line_1_43' title="bbox 1941 1894 1989 1919; baseline 0 0"><span class='ocrx_word' id='word_1_367' title='bbox 1941 1894 1989 1919; x_wconf 91' lang='lat'>20</span> 
     </span>
    </p>
   </div>
  </div>
 </body>
</html>
