2007 3366
336 165 393 205 34
740 166 789 207 B.
833 165 1105 206 CYRILLI
1147 166 1524 209 ALEXANDR.
1808 166 1917 216 i.14.

337 279 552 329 ἀνεῖσθαι
596 278 765 346 καιρὸς,
805 279 1142 348 ἐπιφθέγγεταί
1181 302 1250 333 τις
1287 279 1473 334 εἰκότως
1511 281 1665 333 αὐτοῖς
1704 277 1732 343 ἢ
1773 280 1798 329 ὁ
1837 281 1920 342 τῆς

337 360 518 426 εἰρήνης
562 361 780 426 ἅγγελος,
827 362 880 412 οὗ
921 385 996 412 και
1042 365 1199 429 ταχεῖς
1239 386 1281 413 οι
1322 362 1476 426 πόδες,
1519 363 1665 453 ἠγουν
1710 360 1849 414 αὐτὸς
1893 362 1920 410 ὁ

293 452 320 492 (1
341 442 615 511 Προφήτης,
660 443 730 495 ότι
775 466 992 506 μετεστιν
1037 444 1190 497 αὐτοῖς
1232 451 1446 510 πληροῦν
1490 444 1652 513 ἑορτας,
1699 443 1921 495 ἀναπτειν

335 526 669 592 χαριστηρίους
706 526 841 596 ᾠδὰς,
866 528 940 577 καὶ
980 526 1306 592 ἀποπεραίνειν
1333 527 1381 577 εὖ
1414 526 1547 589 μάλα
1583 527 1643 578 τὰ
1681 528 1729 577 ἐν
1768 530 1922 589 εὐχαῖς

335 606 482 672 ἤγουν
510 609 820 675 ὑποσχέσεσι.
879 611 1364 676 προσεπαγγέλλεται
1399 608 1448 660 δὲ
1488 612 1562 660 καὶ
1589 609 1674 674 τὴν
1701 610 1819 661 ὅσον
1844 611 1920 659 οὐ-

336 689 461 740 δέπω
492 694 585 740 τῶν
610 692 790 758 ἐχθρῶν
816 693 1044 756 ἐσομένην
1079 691 1332 742 ἀπώλειαν.
1403 696 1446 743 οὐ
1479 692 1573 758 γὰρ
1606 692 1667 757 μὴ
1706 691 1923 761 προσ-θεῖαί

336 777 460 839 φησι
495 774 566 823 τοῦ
602 771 776 825 διελθεῖν
809 779 869 829 εἰς
906 777 1184 833 παλαίωσιν,
1221 775 1464 825 τουτέστιν
1498 776 1579 825 οὐκ
1614 779 1674 827 εἰς
1713 773 1920 840 μακροὺς

334 854 399 905 ἔτι
437 854 634 922 χρόνους
671 863 879 920 μενοῦσι,
906 859 1010 908 οὕτε
1043 857 1136 922 μὴν
1169 857 1520 921 παλαιουμένην
1545 858 1689 922 η’γουν
1724 856 1915 907 ἀτελεύ-

335 960 476 1002 τητον
501 938 663 1007 ἕξουσι
689 940 774 1004 τὴν
800 941 1056 1007 εὐημερίαν.
1114 941 1406 992 πεπαύσεται
1432 939 1525 1007 γὰρ
1558 945 1633 990 καὶ
1668 939 1923 1008 καταλήξει

337 1021 723 1086 συστελλομένη.

412 1103 647 1156 Ἀκουέτω
688 1103 737 1156 δὲ
780 1104 1171 1172 πρεπωδέστερον
1215 1108 1289 1156 καὶ
1335 1108 1359 1156 ὁ
1403 1104 1565 1170 νοητὸς
1606 1103 1786 1158 Ἰούδας
1830 1108 1924 1154 τῶν

116 1190 208 1244 nsun.
224 1189 257 1221 ii.
299 1203 321 1230 Ο
339 1188 526 1236 τοιῶνδε
567 1191 750 1256 φωνῶν.
816 1195 842 1217 “
865 1189 940 1239 Οὐ
974 1187 1067 1254 γὰρ
1092 1189 1116 1238 ὁ
1142 1191 1190 1239 ἐν
1215 1192 1281 1257 τῷ
1311 1192 1500 1258 φανερῷ
1523 1187 1744 1241 Ἰουδαῖός
1768 1189 1918 1248 ἐστιν,

116 1236 165 1269 zb,
181 1244 231 1275 29.

339 1275 367 1299 ‘⁶
392 1268 495 1320 οὐδὲ
534 1270 560 1333 ἡ
599 1272 647 1320 ἐν
685 1274 751 1339 τῷ
789 1274 976 1340 φανερῷ
1014 1272 1062 1321 ἐν
1096 1273 1239 1337 σαρκὶ
1277 1271 1521 1337 περιτομή·
1562 1272 1675 1320 ἀλλ’
1702 1271 1726 1320 ὁ
1767 1271 1815 1320 ἐν
1855 1274 1923 1339 τῷ

340 1358 367 1380 “
394 1356 584 1422 κρυπτῷ
618 1353 861 1416 Ἰουδαῖος,
904 1355 979 1404 καὶ
1017 1353 1244 1420 περιτομὴ
1284 1354 1474 1419 καρδίας
1514 1354 1562 1403 ἐν
1599 1353 1841 1416 πνεύματι,
1868 1354 1922 1402 οὐ

337 1440 365 1463 “
388 1434 644 1500 γράμματι,
688 1436 742 1486 οὗ
783 1437 808 1486 ὁ
848 1436 1032 1490 ἔπαινος
1077 1437 1159 1486 οὐκ
1201 1436 1258 1505 ἐξ
1295 1436 1555 1502 ἀνθρώπων
1600 1436 1708 1486 ἀλλ’
1746 1436 1795 1485 ἐκ
1839 1439 1921 1485 τοῦ

337 1526 364 1547 “
392 1519 556 1570 Θεοῦ.”
611 1519 801 1588 ἑορτασει
829 1519 913 1582 μὲν
939 1520 1020 1569 οὖν
1047 1520 1071 1569 ὁ
1098 1518 1283 1570 τοιόσδε
1318 1523 1562 1585 λαμπρῶς,
1589 1515 1922 1584 ἐρηρεισμένην

337 1601 458 1668 ε”χων
483 1601 568 1665 τὴν
593 1604 770 1663 πίστιν,
798 1605 944 1666 δῆλον
971 1602 1019 1653 δὲ
1058 1602 1127 1653 ὅτι
1158 1602 1244 1666 τὴν
1279 1605 1340 1656 εἰς
1371 1600 1607 1667 Χριστὸν,
1638 1598 1923 1667 ἡγιασμένοις

337 1689 404 1753 τῷ
426 1685 680 1747 Πνεύματι,
699 1688 775 1735 καὶ
800 1689 858 1754 τῇ
887 1688 970 1749 τῆς
998 1687 1228 1739 υἱοθεσίας
1256 1685 1522 1751 διαπρέπων
1547 1683 1717 1752 χάριτι.
1760 1706 1916 1749 προσ-

114 1776 203 1810 495
221 1775 272 1810 A·
298 1767 455 1818 aoc'ffet
494 1767 541 1818 δὲ
581 1771 647 1837 τῷ
689 1772 795 1837 Θεῷ
831 1769 999 1822 θυσίας
1028 1768 1353 1831 πνευματικὰς,
1390 1767 1552 1818 ἑαυτὸν
1592 1769 1819 1820 ἀνατιθεὶς
1860 1770 1920 1819 εἷς

117 2028 203 2058 Hel».

116 2073 184 2103 xiii.
207 2072 255 2102 16.

118 2440 149 2470 S.
168 2440 248 2470 Luc.

117 2484 184 2514 viii.
205 2492 256 2523 32,

119 2536 170 2567 33·

337 1849 496 1914 ὀσμὴν
522 1851 725 1914 εὐωδίας,
752 1854 828 1902 καὶ
851 1856 946 1902 πᾶν
972 1849 1089 1905 εἶδος
1120 1851 1493 1915 συνεπιτηδεύων
1519 1852 1697 1916 ἀρετῆς,
1726 1856 1917 1917 σωφρο-

337 1935 502 1997 σύνην,
554 1933 840 2000 ἐγκράτειαν,
889 1935 1122 1999 ἀνδρείαν,
1170 1932 1427 1997 ὑπομονὴν,
1477 1931 1685 1998 ἀγάπην,
1733 1933 1919 1993 ἐλπίδα,

341 2016 715 2084 φιλοπτωχειάν,
751 2016 1069 2083 χρηστότητα,
1108 2017 1448 2082 μακροθυμίαν·
1492 2024 1518 2044 “
1540 2016 1790 2070 Τοιαύταις
1828 2015 1922 2082 γὰρ

341 2105 367 2127 “
395 2099 581 2152 θυσίαις
617 2099 930 2164 εὐαρεστεῖται
959 2097 1119 2152 Getis?
1177 2099 1295 2149 ’ίστω
1327 2097 1475 2164 γεμὴν
1511 2099 1535 2148 ὁ
1566 2097 1729 2162 νοητὸς
1755 2096 1923 2153 Ἰούδας

338 2183 444 2246 περὶ
481 2180 658 2233 παντὸς
691 2182 862 2248 ἐχθροῦ
894 2183 969 2231 καὶ
1004 2185 1098 2232 τῶν
1123 2179 1273 2232 πάλαι
1305 2178 1673 2247 κεκρατηκότων,
1702 2184 1762 2230 ’ότι
1792 2184 1836 2231 οὐ
1861 2179 1922 2248 μὴ

340 2262 580 2330 προσ-θῶσιν
613 2263 670 2313 ἔτι
708 2265 779 2314 τοῦ
816 2259 991 2314 διελθεῖν
1025 2268 1083 2317 εἰς
1119 2264 1398 2321 παλαίωσιν,
1433 2262 1676 2313 τουτέστιν
1698 2263 1747 2312 ἐκ
1773 2263 1922 2323 με’σου

339 2344 619 2411 γενήσονται
655 2344 943 2409 πεμπόμενοι
983 2346 1202 2443 δηλονότι
1245 2345 1364 2412 πρὸς
1405 2345 1620 2396 κόλασιν.
1685 2343 1709 2395 ὃ
1751 2344 1808 2409 δὴ
1846 2348 1921 2395 καὶ

295 2427 645 2494 1)πεπληρωκεν
683 2429 707 2477 ὁ
743 2427 969 2494 Χριστὸς,
1011 2426 1286 2478 ἐπιτάσσων
1323 2432 1419 2480 τοῖς
1458 2426 1737 2493 ἀκαθάρτοις
1774 2428 1914 2479 πνεύ-

391 2635 420 2657 1.
447 2638 496 2659 τις
513 2635 583 2658 om.
604 2623 645 2657 13.
663 2623 774 2657 invito
795 2623 839 2657 D.
1011 2634 1044 2667 3.
1070 2623 1188 2666 ἑορτὰς
1204 2622 1379 2666 πληροῦν
1372 2633 1442 2655 1nv.
1462 2621 1584 2655 ordine
1603 2621 1649 2655 D.
1701 2622 1825 2656 Statim
1844 2621 1921 2656 ἀνα-

338 2670 483 2714 πέμπειν
501 2673 576 2716 Θεῷ
595 2683 657 2715 pro
675 2686 724 2703 αν(
726 2671 832 2704 ἱπτειν
852 2670 896 2703 D.
1174 2683 1206 2712 4.
1233 2670 1298 2703 ἀπο
1301 2683 1467 2712 περαινειν
1485 2668 1532 2702 D.
1549 2684 1624 2713 περ.
1647 2668 1737 2702 Edd.
1787 2669 1822 2702 ἐν
1839 2669 1922 2713 εὔχῃ

342 2719 444 2768 ἤγουν
460 2718 650 2762 ὑποσχέσει
670 2717 760 2751 Edd.
935 2726 967 2761 5.
994 2715 1124 2751 ουδέπω
1144 2717 1189 2751 D.
1207 2719 1300 2750 οὔπω
1318 2715 1376 2749 iid.
1563 2717 1596 2749 ὃ.
1621 2718 1762 2759 μενοῦσι
1779 2716 1922 2760 χρόνους

341 2775 399 2797 mv
403 2775 478 2797 erso
497 2764 617 2797 md'me
638 2765 682 2798 D.
890 2775 942 2798 11.
967 2762 1111 2808 Ἰούδας]
1131 2763 1292 2798 Ἰουδαῖος
1308 2762 1368 2796 iid.
1420 2762 1545 2796 Statim
1562 2777 1620 2798 τας
1637 2761 1790 2798 τοιαύτας
1806 2763 1922 2807 φωνὰς

342 2822 404 2854 Plo
422 2814 487 2843 τῶν
503 2811 639 2844 τοιῶνδε
657 2812 779 2850 φωνῶν
799 2811 843 2844 D.
1031 2822 1081 2852 14.
1109 2808 1287 2855 πνευματι]
1307 2813 1341 2849 -ff-
1365 2823 1417 2842 και
1437 2809 1526 2843 Edd.
1719 2809 1771 2843 16.
1798 2809 1837 2851 δὴ
1857 2821 1920 2853 pro

340 2857 400 2899 μὲν
420 2857 465 2890 D.
641 2860 692 2891 18.
718 2873 769 2891 και
789 2864 1011 2901 assumptum
1029 2870 1070 2890 ex
1090 2858 1136 2891 D.
1326 2867 1381 2889 21.
1401 2871 1550 2907 (ιγιιπην,
1568 2856 1732 2901 ἀνδρείαν,
1751 2856 1921 2899 ὑπομονὴν

340 2905 479 2937 inverso
496 2903 617 2937 ordine
636 2905 683 2938 D.
827 2916 882 2939 22.
905 2903 1139 2949 χρηστότητα]
1160 2908 1196 2943 -Ι-
1218 2903 1270 2937 καὶ
1290 2902 1380 2936 Edd.
1400 2903 1509 2936 invito
1530 2903 1574 2937 1).
1731 2914 1786 2946 25.
1809 2917 1919 2947 προσ-

341 2949 464 2994 θῶσιν]
484 2950 712 2995 προσθὴσωσι
728 2951 786 2984 iid.
979 2952 1033 2985 26.
1058 2949 1217 2995 κόλασιν]
1241 2954 1277 2990 4-
1298 2950 1357 2993 τὴν
1374 2948 1542 2994 ἀμήρυτον
1560 2950 1618 2984 iid.

1941 626 1964 664 5

1946 1046 1996 1071 10

1945 1456 1991 1494 15

1942 1875 1991 1899 20

1942 2284 1991 2321 25
