1997 3361
81 189 105 230 i.
134 202 196 240 14.
538 187 607 227 IN
656 185 913 226 NAHUM.
976 183 1129 224 TOM.
1164 182 1199 222 1.
1606 182 1659 220 29

80 299 179 351 κιάς
221 297 510 360 ἐνδεδεμένοι.
569 297 678 347 ἀλλ’
726 294 947 364 ἐξῄρηται
989 292 1156 344 λοιπὸν
1201 291 1228 354 ἡ
1273 290 1524 357 πλεονεξία
1569 294 1662 339 τῶν

79 377 230 430 πάλαι
269 377 630 445 κεκρατηκότων,
667 378 952 439 κατεσείσθη
992 377 1065 426 καὶ
1103 371 1445 439 πέπτωκεῇῗῖσῦν
1478 373 1661 424 ἐκείνοις·

81 463 109 525 ἡ
137 462 351 526 ἁμαρτία,
380 460 602 530 ἐξῄρηται
629 465 721 511 τῶν
747 463 910 510 παθῶν
938 459 965 520 ἡ
994 457 1199 520 δύναμις.
1260 457 1397 517 ἀνῆκε
1424 454 1516 519 γὰρ
1543 455 1661 517 ἡμᾶς

82 545 107 594 ὁ
136 541 362 609 Χριστὸς,
391 542 672 607 συνεκόμισε
700 542 774 592 διὰ
806 545 888 605 τῆς
913 541 1118 593 πίστεως
1146 542 1207 592 εὶς
1233 536 1486 602 ἁγιασμὸν,
1515 538 1661 586 καίτοι

41 647 62 685 5
81 624 394 692 πολυτρόπως
426 626 828 693 κατεσπαρμένους
860 627 920 676 εἷς
947 624 1170 684 πολυειδῆ
1199 623 1271 671 καὶ
1300 620 1493 688 ἐξίτηλα
1520 619 1662 682 πάθη,

82 710 158 759 καὶ
206 712 268 761 εἰς
318 709 576 774 ἀμέτρητον
621 705 888 758 πολυθείαν.
954 705 1062 754 ἀλλ’
1107 705 1188 753 οὐκ
1236 702 1300 752 ἔτι
1345 701 1660 771 διας-πειρησό-

81 794 215 854 μεθα,
242 797 467 854 μενοῦμεν
507 790 553 841 δὲ
592 789 780 841 πάντως
814 789 861 837 ἐν
889 789 1103 853 Χριστῷ,
1130 787 1238 847 μίαν
1267 785 1448 852 ἔχοντες
1486 786 1662 847 πίστιν,

83 872 131 924 ἓν
155 872 420 936 βάπτισμα,
449 876 522 923 καὶ
557 873 635 922 ἕνα
663 870 838 936 Κύριον
872 867 1069 933 Σωτῆρα
1101 891 1150 918 τε
1185 870 1259 917 καὶ
1287 866 1556 933 Λυτρωτὴν,
1589 869 1663 917 καὶ

84 956 137 1005 δι’
168 956 307 1006 αὐτοῦ
346 959 411 1024 τῷ
439 959 547 1024 Θεῷ
579 957 653 1005 καὶ
683 953 837 1018 Πατρὶ
871 950 987 1017 πρὸς
1013 950 1205 1013 ἑνότητα
1242 948 1326 1012 τὴν
1351 947 1664 1013 πνευματικὴν

19 1049 65 1090 ἰο
84 1036 402 1099 συνδούμενοι.

81 1233 156 1277 Ἐξ
203 1231 323 1275 οἴκου
373 1234 482 1275 Θεοῦ
531 1249 604 1276 σου
653 1233 952 1289 ἐξολοθρευοω
1007 1234 1057 1274 τὰ
1119 1233 1294 1283 Γλυπγὰ,
1345 1232 1411 1272 καὶ
1472 1230 1661 1286 χωνευτά

154 1320 338 1368 θύσομαι
375 1320 514 1374 ταφήν
553 1335 640 1360 σου.

178 1443 535 1509 Προσκέκρουκε
577 1442 660 1508 μὲν
702 1445 755 1494 οὐ
797 1445 992 1511 μετρίως
1033 1445 1057 1495 ὁ
1097 1440 1312 1508 Ἰσραὴλ,
1353 1438 1668 1492 ἀπονενευκὼς

88 1530 150 1580 εἷς
176 1524 460 1588 ἀπόστασιν,
487 1528 562 1577 καὶ
594 1526 922 1594 ἀποφοιτήσας
948 1526 1032 1590 μὲν
1063 1527 1264 1578 ἀνοσίως
1290 1529 1372 1574 τοῦ
1397 1522 1669 1574 σεσωκότος

23 1629 69 1666 15
89 1613 227 1669 Θεοῦ,
252 1610 589 1674 προσκείμενος
621 1608 668 1659 δὲ
700 1614 799 1662 ταῖς
826 1614 919 1660 τῶν
945 1609 1151 1660 εἰδώλων
1178 1607 1424 1673 λατρείαις,
1450 1603 1669 1671 ταύτῃτοι

89 1694 163 1742 καὶ
198 1690 402 1756 γεγονὼς
437 1690 737 1758 αἰχμάλωτος
777 1691 1054 1758 πεπόρευται
1093 1689 1212 1756 πρὸς
1253 1686 1461 1756 ἐχθροὺς,
1502 1688 1670 1737 ἀπεκο-

89 1775 238 1837 μίσθη
264 1797 312 1824 τε
339 1774 483 1826 οὕτως
509 1777 571 1827 εἰς
598 1772 682 1837 τὴν
710 1773 885 1825 Νινευῖζ
954 1777 996 1824 οἱ
1032 1773 1080 1824 δὲ
1119 1772 1175 1836 δὴ
1212 1769 1585 1838 περιλειφθέντες
1624 1771 1672 1818 ἐν

89 1860 185 1908 τοῖς
221 1854 584 1921 Ἱεροσολύμοις,
624 1855 755 1906 οὐδὲν
794 1856 933 1920 ἧττον
970 1854 1097 1920 ἦσαν
1129 1852 1330 1923 ῥᾴθυμοι
1369 1851 1488 1918 πρὸς
1524 1856 1665 1917 φιλο-

92 1937 234 1995 θεΐαν,
272 1940 346 1987 καὶ
385 1939 680 2004 άνασφαλεῖς
719 1942 780 1991 εἰς
818 1938 1080 2000 εὐλάβειαν,
1120 1939 1194 1987 καὶ
1233 1933 1672 1999 ἀποσπουδάζοντες

1681 538 1707 577 (l

1728 801 1777 840 ΠΙ
1780 801 1811 831 h.

1727 846 1766 874 iv.
1785 852 1813 882 5.

25 2043 73 2068 20
91 2018 175 2082 μὲν
200 2018 254 2069 τὸ
281 2019 479 2070 ἁνδάνον
505 2023 625 2087 Θεῷ,
653 2022 727 2071 καὶ
753 2023 833 2083 τῆς
862 2021 935 2070 ὑπ’
959 2021 1084 2089 αὐτῷ
1110 2020 1319 2071 δουλείας
1345 2016 1670 2080 ἀποσειόμενοι
1687 2041 1709 2065 a
1736 2031 1824 2065 492
1842 2029 1891 2064 Α.

92 2100 174 2152 τὸν
199 2100 351 2166 ζυγόν·
390 2102 576 2154 θύοντες
603 2102 650 2152 δὲ
676 2106 733 2169 τῇ
761 2101 900 2153 Βάαλ
931 2101 996 2152 ε”τι
1031 2104 1106 2152 καὶ
1140 2105 1197 2169 τῇ
1225 2098 1471 2166 Ἀστάρτῃ
1506 2101 1580 2149 καὶ
1613 2102 1670 2166 τῇ

92 2188 295 2252 στρατιᾷ
325 2189 406 2234 τοῦ
442 2185 653 2249 οὐρανοῦ.
721 2184 875 2249 ἐπειδὴ
903 2184 951 2235 δὲ
978 2183 1054 2235 διὰ
1083 2187 1341 2252 προφητῶν
1368 2182 1513 2246 ἁγίων
1539 2180 1674 2246 γεγό-

94 2289 232 2316 νασιν
277 2268 477 2327 ἀπειλαὶ,
521 2270 644 2317 Θεοῦ
688 2267 910 2332 λε’γοντος
958 2269 1164 2333 ἐναργῶς
1213 2268 1274 2318 ὡς
1326 2268 1546 2314 διολεῖται
1590 2262 1675 2326 μὲν

92 2348 421 2414 Ἰερουσαλὴμ,
449 2351 719 2409 βαδιοῦνται
758 2347 804 2400 δὲ
842 2354 937 2403 τοῖς
973 2350 1142 2401 ἄλλοις
1180 2349 1295 2411 ὁμοῦ
1331 2345 1484 2410 πάντη
1518 2369 1567 2396 τε
1600 2347 1674 2396 καὶ

29 2450 75 2499 2‘5
94 2430 281 2484 πάντως
321 2430 614 2499 αἰχμάλωτοι
657 2432 733 2481 καὶ
775 2433 817 2481 οἱ
862 2436 1182 2483 κατοικοῦντες
1225 2427 1369 2492 αὐτὴν
1413 2432 1475 2482 εἷς
1518 2427 1677 2495 χείρας

144 2599 175 2622 2.
195 2586 622 2632 κατεσείσθη-ἐξῄρηται]
640 2587 875 2622 καταπέπτωκε
890 2587 953 2622 σὺν
970 2587 1106 2622 ἐκείνοις
1124 2601 1176 2620 και
1166 2584 1373 2629 ἐξῃρηται
1358 2600 1376 2627 η
1390 2584 1546 2628 ἁμαρτία·
1566 2584 1620 2617 καὶ
1633 2583 1679 2618 D.

96 2647 130 2678 4.
157 2633 377 2680 συνεκόμισε]
396 2635 575 2678 ἀνεκόμισε
594 2634 686 2668 Edd.
873 2643 904 2678 7.
930 2633 1078 2679 πάντως]
1098 2635 1219 2668 πάντες
1243 2633 1285 2666 D.
1475 2631 1507 2664 8.
1535 2629 1676 2676 Κύριον]

97 2682 246 2726 Χριστὸν
265 2682 312 2716 D.
520 2693 573 2715 11.
600 2680 669 2726 καὶ]
691 2684 727 2721 -1-
749 2681 789 2714 τὰ
808 2679 846 2714 F.
866 2680 956 2726 (49.)
975 2681 1018 2714 cf.
1037 2681 1137 2714 infra.
1272 2724 1278 2734 Ι
1365 2688 1418 2722 13.
1444 2679 1462 2711 ὁ
1479 2677 1621 2722 Ἰσραὴλ
1639 2678 1680 2711 οὐ

1240 2734 1271 2756 τρ

97 2761 240 2806 μετρίως
256 2761 394 2795 inverso
411 2760 531 2795 ordlne
549 2761 597 2795 D.
926 2769 979 2804 15.
1006 2761 1077 2795 ταῖς
1095 2760 1261 2793 εἷδωλολα
1279 2769 1342 2802 pro
1359 2758 1431 2792 ταῖς
1448 2772 1477 2791 τ.
1496 2758 1559 2792 εἷδ.
1576 2759 1610 2792 λ.
1631 2758 1680 2792 D.

101 2808 154 2842 16.
180 2808 320 2851 αἷχμάλ.
338 2823 413 2852 γεγ.
431 2808 571 2842 inverso
589 2807 664 2842 ord.
686 2807 731 2840 D.
967 2818 1019 2851 19.
1045 2808 1130 2850 πρὸς
1147 2817 1210 2851 pro
1228 2805 1273 2840 εἷς
1292 2805 1338 2839 D.
1389 2804 1442 2837 καὶ
1460 2805 1520 2839 alt.
1540 2817 1609 2838 om.
1633 2804 1679 2838 D.

101 2866 156 2889 20.
183 2854 236 2888 ὑπ’
255 2855 355 2888 αὐτὸν
374 2855 419 2888 D.
611 2866 665 2888 21.
691 2854 740 2887 ἔτι
758 2865 826 2887 om.
848 2853 893 2886 D.
912 2852 1016 2886 habet
1035 2853 1078 2887 B.
1253 2863 1307 2885 22.
1333 2852 1515 2896 γεγόνασιν
1531 2851 1679 2891 ἀπειλαὶ,

101 2903 188 2935 Θεοῦ
205 2900 297 2946 λεγ.]
316 2915 454 2946 γεγονεν
469 2901 589 2944 ἀπειλὴ
609 2903 708 2940 Θεοῦ,
727 2903 760 2934 λ.
780 2899 872 2933 Edd.
1212 2909 1266 2942 23.
1291 2913 1421 2932 παντως
1439 2897 1456 2940 ἡ
1475 2909 1538 2942 pro
1552 2898 1612 2941 μὲν
1631 2898 1679 2931 D.

102 2958 158 2990 25.
183 2949 214 2981 οἶ
240 2962 364 2981 κατοικ.
391 2948 492 2990 αυτὴν
518 2954 597 2992 post
621 2948 763 2992 ἀλλοτρ.
786 2954 881 2981 trans
867 2958 919 2991 p.
939 2946 985 2980 D.
1035 2946 1150 2991 χεῖρας
1173 2945 1363 2988 ἀλλοτρίων
1382 2945 1427 2978 D.
1445 2947 1558 2989 χώρας
1575 2945 1681 2978 ἁλλο-

103 2992 205 3038 τρίων
223 2994 265 3028 Β.
283 2996 398 3039 χώραν
414 2994 598 3038 ιιλλοτρίαν
616 2994 708 3028 Edd.

1734 2113 1751 2142 3
1765 2104 1845 2142 Reg.

1732 2146 1777 2176 xi.
1791 2145 1821 2180 6,
1839 2155 1890 2185 εὖ.

1737 2198 1752 2219 2
1772 2190 1848 2220 Par.

1734 2233 1848 2264 xxxiii.

1735 2286 1765 2314 3,
1786 2285 1815 2315 5·

1735 2320 1831 2350 Hier.

1735 2363 1801 2393 viii.
1825 2371 1839 2392 2
1855 2374 1862 2400 3

1735 2407 1800 2437 xix.
1818 2415 1866 2445 13.

1736 2450 1778 2482 cf.
1794 2450 1826 2481 li.
1846 2456 1894 2490 17.
