2001 3361
299 188 373 223 746

349 308 424 342 siae
444 312 554 355 typus
571 308 644 343 311
670 318 712 346 e;
736 307 813 342 360
835 317 876 350 e;
907 306 983 342 393
1006 303 1050 349 d;

352 372 427 406 562
442 383 482 415 e;
507 372 579 406 741
603 381 645 415 a;
667 375 837 405 montem
854 369 1053 405 Idumaeae

350 439 588 480 superaturus
634 433 858 481 praedicitur
898 434 973 470 362
1008 444 1052 478 e;

350 497 483 532 domus
504 503 541 533 et
570 497 701 533 civitas
726 498 795 533 Dei
824 499 899 534 393
921 497 966 542 d;
996 496 1052 532 in-

348 561 498 597 nocenti
516 562 698 610 sanguine
712 574 841 598 eversa
854 567 912 598 est
925 563 999 597 421
1017 573 1052 606 e;

348 624 472 660 virum
509 626 727 674 religiosum
765 638 842 662 non
878 626 1052 667 habebat,

348 687 543 726 Michaeae
576 696 745 738 tempore
781 692 857 726 454
889 702 933 734 e;
969 702 1052 725 san-

348 753 461 801 guine
491 754 666 790 foedabat
689 754 872 802 judicium
904 756 980 790 455
1012 766 1033 789 a
1044 766 1053 799 ;

349 830 433 853 sero
462 819 669 866 poenitens,
695 819 742 855 ad
769 819 894 855 Deum
922 818 1055 867 aspicit

350 885 426 920 460
442 884 480 928 d;
503 886 576 920 461
595 896 632 929 c;
660 883 845 931 Babyloni
860 883 1054 919 insultanti

348 948 590 995 respondens,
605 954 643 984 et
659 947 928 995 poenitentiam
948 959 1054 983 suam

349 1017 386 1048 et
405 1023 510 1059 spem
539 1012 822 1048 resurrectionis
851 1024 939 1048 suae
964 1024 1050 1061 pro-

347 1076 475 1112 fitetur
510 1078 584 1113 461
627 1076 672 1122 d;
704 1078 780 1112 465
816 1088 860 1121 ος
892 1075 1053 1112 Divinae

348 1140 626 1178 misericordiae
660 1153 699 1178 se
733 1141 936 1177 committit
974 1142 1050 1177 462

348 1217 369 1240 a
383 1217 402 1241 c
420 1218 431 1252 3
460 1205 661 1253 adoptione
682 1218 750 1242 sua
769 1206 932 1253 gaudere
947 1206 1053 1253 jussa

350 1273 425 1307 735
448 1283 488 1316 e;
520 1282 632 1318 quam
658 1270 832 1318 gaudeat,
853 1276 1052 1318 praesente

348 1334 500 1370 Christo
533 1337 609 1371 735
649 1347 690 1380 e;
731 1340 816 1382 post
849 1335 1051 1371 adventum

349 1398 502 1442 Christi,
533 1398 610 1435 filia
638 1399 853 1434 nominatur
891 1401 967 1435 736
1006 1411 1050 1444 a;

349 1463 478 1505 Mons,
513 1476 535 1499 a
567 1469 688 1499 terrae
726 1468 834 1498 motu
867 1462 961 1498 adeo
995 1463 1050 1498 di·

349 1528 485 1563 scissus
506 1533 547 1563 ut
567 1527 681 1563 valles
708 1527 861 1574 rupibus
881 1527 1052 1574 impleret

352 1594 427 1628 797
449 1592 473 1627 (1
493 1604 536 1637 e;
570 1591 669 1639 [vide
690 1591 986 1640 Hierosolyma]

296 1654 459 1697 Sirenes,
480 1669 501 1692 a
531 1655 698 1696 Graecis,
720 1660 757 1691 et
787 1654 912 1691 Sacris
937 1656 1049 1703 scrip-

347 1720 504 1762 toribus,
532 1725 712 1767 tanquam
741 1719 912 1756 volucres
940 1732 1051 1756 cano·

346 1797 410 1821 rae
458 1785 718 1821 describuntur
767 1786 843 1821 399
882 1784 927 1830 d;

346 1850 478 1894 lantes,
527 1862 595 1899 pro
648 1854 740 1898 typo
797 1855 884 1886 sunt
929 1849 1052 1885 luctus

349 1914 538 1951 Samariae
558 1914 672 1950 futuri
694 1916 770 1951 399
791 1927 824 1951 e.

294 1978 449 2020 Smilax‚
480 1980 607 2027 planta
640 1991 805 2026 serpens,
837 1978 956 2014 affinis
985 1978 1049 2014 he-

348 2044 458 2080 derae
489 2046 565 2080 487
596 2056 637 2089 a;
673 2044 911 2091 Assyriorum
941 2049 1051 2091 typus

348 2109 482 2157 quippe
503 2120 596 2156 quae
616 2114 714 2144 esset
733 2107 986 2144 comburenda
1005 2108 1050 2143 ad

348 2173 461 2209 finem
483 2176 559 2210 487
580 2173 603 2209 b
620 2185 650 2208 c.

294 2236 471 2280 Sodoma,
525 2237 658 2273 salvari
714 2236 847 2285 potuit,

348 2302 509 2350 quinque
536 2303 661 2350 justos
690 2301 883 2338 habuisset
921 2302 970 2337 27
1005 2312 1049 2346 c;

346 2366 534 2403 ebrietatis
598 2365 800 2414 spiritualis
860 2365 1050 2413 exemplar

351 2432 425 2468 182
454 2431 498 2477 d;
529 2437 675 2467 vastata
703 2430 727 2467 J
733 2431 871 2467 udaeae
900 2435 1049 2466 vastan-

348 2496 416 2532 dae
453 2502 565 2544 typus
603 2498 680 2533 294
720 2508 764 2541 c;
808 2497 884 2532 295
916 2494 964 2540 b;
1004 2494 1050 2530 ab

346 2560 504 2609 Angelis
578 2560 837 2609 praesentibus
921 2571 1051 2596 eversa

348 2627 424 2662 305
456 2625 500 2671 d;
541 2625 719 2661 Gentium
752 2624 865 2660 exitio
899 2624 1049 2660 devota-

347 2702 429 2726 rum
457 2696 568 2739 typus
598 2692 674 2727 598
699 2702 743 2734 e;
775 2689 865 2725 item
894 2688 1051 2725 extremi

349 2755 588 2791 scelestorum
609 2754 780 2803 supplicii
801 2756 877 2791 598
898 2766 930 2790 e.

976 1785 1007 1833 ej
1013 1797 1053 1820 u-

907 2236 936 2272 si
992 2236 1049 2272 vel

295 2817 372 2859 Sol,
413 2819 697 2867 Hierosolymae
744 2819 865 2855 cultus
913 2819 962 2854 86
1002 2819 1049 2864 d;

349 2884 397 2918 87
428 2895 469 2928 c;
502 2883 592 2919 item
621 2883 659 2919 in
689 2883 900 2920 civitatibus
929 2882 1050 2919 Judae

350 2947 398 2981 88
429 2960 469 2993 e3
501 2948 635 2990 oriens,
665 2960 775 2996 super
803 2952 951 2985 montes
980 2947 1048 2983 dif-

826 184 1040 221 INDEX
1098 184 1343 220 RERUM.

1770 197 1876 222 SION.

1175 303 1294 346 fusus,
1326 305 1567 354 Assyriorum
1595 311 1707 354 typus
1737 308 1813 342 214
1836 318 1877 351 e;

1178 369 1368 405 Crucifixo
1393 369 1558 411 Christo,
1580 370 1722 406 luctum
1748 369 1877 405 indue-

1176 432 1240 469 bat
1271 435 1347 470 230
1377 433 1400 469 b
1417 446 1426 479 ;
1466 434 1698 475 obscuratus,
1729 434 1879 481 signum

1176 497 1398 533 calamitatis
1420 499 1496 534 336
1517 510 1561 543 a;
1593 500 1669 534 419
1690 497 1737 543 b;
1769 509 1878 533 occu·

1176 561 1257 597 buit
1285 560 1454 605 Judaeis,
1485 562 1634 598 Mosem
1668 561 1879 609 legentibus

1178 627 1255 662 419
1286 638 1327 671 c;
1361 626 1450 662 item
1481 626 1728 674 Evangelium
1761 625 1880 673 rejici-

1177 690 1324 726 entibus
1352 692 1429 727 419
1454 690 1501 736 d3
1532 690 1751 726 obscuratur
1780 689 1879 725 Hae-

1176 754 1303 790 reticis
1341 754 1536 791 veritatem
1586 753 1879 790 distrahentibus

1177 821 1254 856 419
1276 832 1319 865 e;
1350 819 1486 861 oriens,
1515 818 1715 866 Evangelii
1741 823 1879 858 ortum,

1176 884 1421 934 progrediens
1469 895 1721 932 progressum,
1763 881 1878 929 signi-

1176 949 1261 985 ficat
1279 951 1354 985 567
1372 961 1391 984 e
1407 961 1415 993 ;
1447 948 1644 993 exaltatus,
1661 946 1879 983 Passionem

1175 1013 1212 1049 in
1234 1013 1357 1050 Cruce
1385 1015 1460 1050 568
1487 1025 1531 1058 e;
1561 1011 1777 1055 idololatris,
1802 1010 1880 1045 Do-

1176 1078 1312 1119 minus,
1353 1083 1391 1113 et
1423 1078 1680 1125 juramentum
1720 1076 1796 1112 582
1832 1074 1878 1120 d;

1174 1141 1200 1178 J
1203 1142 1366 1183 ustitiae‚
1381 1148 1418 1178 et
1438 1140 1738 1180 Illuminationis,
1753 1138 1879 1176 Chris-

1175 1213 1235 1243 tus
1257 1208 1333 1243 866
1352 1206 1389 1243 d.

1123 1271 1304 1314 Solitudo,
1354 1270 1430 1307 sive
1478 1270 1666 1306 desertum
1712 1268 1880 1305 Judaeae

1175 1335 1369 1377 Australis,
1392 1347 1487 1383 quos
1507 1334 1679 1370 habuerit
1698 1333 1879 1369 terminos

1176 1401 1253 1436 246
1293 1412 1341 1446 a3
1390 1399 1488 1435 vitae
1534 1399 1721 1434 humanae
1768 1402 1880 1445 typus

1176 1466 1249 1501 271
1278 1464 1322 1509 d3
1355 1463 1514 1504 Sanctis,
1543 1468 1586 1499 ut
1614 1461 1750 1504 Jonae,
1781 1473 1878 1498 sem-

1174 1540 1241 1576 per
1261 1528 1395 1564 dilecta
1415 1530 1488 1564 371
1513 1527 1549 1563 d.

1123 1592 1394 1633 Somnolentia,
1432 1591 1697 1627 Ninevitarum
1739 1589 1877 1637 princi-

1175 1669 1265 1704 pum
1313 1655 1535 1692 describitur
1576 1657 1652 1691 513
1694 1667 1738 1699 e;
1787 1654 1879 1690 item

1176 1720 1463 1757 Pharisaeorum
1493 1719 1645 1755 Christo
1680 1718 1879 1755 adversan-

1175 1785 1268 1821 tium
1289 1787 1365 1821 514
1387 1796 1417 1820 c.

1122 1849 1299 1891 Somnus,
1337 1861 1405 1897 pro
1443 1849 1577 1884 timore
1624 1846 1879 1895 metaphorice

1175 1914 1314 1950 dictum
1340 1915 1414 1950 110
1435 1913 1470 1948 d.

1122 1979 1347 2027 Sophonias,
1379 1976 1580 2024 Propheta,
1610 1981 1648 2012 et
1677 1987 1814 2024 genere
1841 1980 1879 2012 et

1175 2044 1340 2080 moribus
1372 2042 1494 2077 clarus
1534 2042 1609 2077 578
1642 2053 1687 2081 a;
1733 2039 1879 2076 duobus

1173 2108 1346 2146 tribubus
1361 2105 1609 2154 prophetabat
1626 2106 1702 2141 578
1719 2104 1763 2150 b;
1785 2110 1878 2140 tem-

1174 2185 1265 2223 pore
1297 2171 1422 2208 Josiae
1455 2172 1530 2207 583
1570 2181 1591 2205 a
1603 2182 1613 2215 ;
1662 2181 1757 2216 quae
1796 2169 1879 2205 Rex

1174 2235 1526 2273 Nabuchodonosor
1558 2233 1729 2269 facturus
1767 2238 1878 2275 esset,

1173 2301 1356 2350 praedixit
1384 2301 1460 2337 583
1481 2300 1504 2335 b
1518 2311 1526 2344 ;
1557 2297 1764 2334 terroribus
1788 2309 1877 2333 con-

1173 2366 1374 2403 solationes
1394 2364 1526 2400 miscet
1554 2365 1630 2400 583
1652 2375 1672 2399 c
1685 2376 1694 2408 3
1724 2374 1746 2397 a
1764 2362 1879 2398 nimia

1174 2431 1372 2467 securitate
1423 2429 1643 2465 dehortatur
1700 2429 1777 2464 584
1833 2439 1876 2472 a;

1173 2497 1271 2532 diem
1324 2494 1477 2531 Domini
1533 2492 1663 2529 adesse
1718 2492 1878 2527 affirmat

1176 2563 1251 2598 584
1283 2560 1330 2605 b;
1361 2564 1399 2595 et
1432 2558 1648 2605 Principum
1677 2560 1714 2592 et
1744 2555 1877 2592 Sacer-

1174 2626 1306 2661 dotum
1334 2623 1435 2659 vitiis
1467 2621 1657 2658 invehitur
1686 2622 1762 2657 585
1793 2632 1815 2655 a
1834 2631 1876 2664 e;

1173 2690 1272 2726 diem
1310 2687 1462 2724 Domini
1494 2686 1669 2722 describit
1705 2686 1782 2721 586
1822 2683 1846 2718 d
1865 2695 1875 2728 ;

1174 2754 1263 2790 item
1279 2751 1548 2789 desolationem
1560 2750 1585 2787 J
1590 2750 1727 2786 udaeae
1742 2750 1818 2784 587
1833 2760 1852 2783 e
1866 2760 1875 2793 ;

1175 2819 1434 2854 Romanorum
1448 2816 1485 2851 in
1501 2814 1667 2863 captivos
1683 2812 1877 2848 saevitiam

1175 2881 1353 2931 praedicit
1389 2882 1465 2917 588
1504 2879 1551 2924 d;
1593 2877 1766 2913 atheismi
1803 2876 1874 2914 Ju-

1173 2947 1286 2984 daeos
1301 2943 1488 2982 convincit
1502 2944 1578 2980 589
1595 2941 1618 2978 b
1631 2955 1642 2986 ς
1672 2941 1875 2979 vanitatem
