2007 3387
329 189 414 229 320
723 191 772 231 Β.
813 190 1092 231 CYRILLI
1136 192 1518 233 ALEXANDR.
1724 192 1781 232 iii.
1806 190 1844 240 8,
1867 205 1905 244 9.

325 297 501 361 Ἰησοῦ,
553 298 714 362 ἤγουν,
771 299 883 364 ὅπερ
932 301 1062 349 ἐστὶν
1111 301 1443 367 ἀληθέστερον,
1495 305 1553 367 τῇ
1598 300 1715 351 κατὰ
1766 299 1907 362 νόμον

325 381 567 448 ἱερωσύνῃ,
605 379 659 430 τὸ
695 381 939 446 διακρίνειν
971 381 1053 432 τὸν
1092 380 1217 433 οἶκον
1256 384 1410 445 αὐτοῦ,
1446 385 1520 433 καὶ
1559 382 1805 449 κατάρχειν
1843 383 1908 433 ἔτι

325 465 470 523 λαῶν,
498 464 570 512 καὶ
605 465 688 525 τῆς
727 462 846 513 κατὰ
885 462 1028 526 νόμον
1067 466 1283 530 λατρείας
1321 465 1645 530 ἀποπεραίνειν
1682 463 1788 515 τοὺς
1821 463 1901 514 τύ-

322 565 453 596 πους.
520 543 650 609 ἄθρει
698 544 751 594 δέ
792 568 872 607 μοι
922 548 996 596 καὶ
1047 545 1133 610 τὴν
1183 548 1461 611 οἰκονομίαν,
1515 549 1588 597 καὶ
1634 550 1728 597 τῶν
1774 546 1908 597 θείων

324 626 623 694 διασκέψεων
667 626 721 677 τὸ
761 626 888 678 πολὺ
930 629 1038 678 λίαν
1085 629 1304 697 εὐτεχνές.
1370 630 1554 692 ἔμελλε,
1599 631 1673 679 καὶ
1719 629 1802 679 οὐκ
1846 632 1949 685 εὶς5

322 706 519 772 μακρὰν,
561 709 969 773 μετατεθήσεσθαι
1019 710 1077 761 τὰ
1123 713 1170 762 ἐν
1221 710 1347 781 νόμῳ
1390 710 1507 777 πρὸς
1559 710 1780 776 λατρείαν
1822 709 1908 774 τὴν

102 804 184 839 677
201 803 249 836 A.
285 812 305 835 a
323 790 494 853 ἀληθῆ,
525 793 598 840 καὶ
627 795 720 841 τῶν
743 791 904 843 τύπων
935 791 989 844 τὸ
1025 793 1231 847 ἀκαλλὲς
1266 793 1687 858 μεταπλάττεσθαί
1715 816 1764 843 τε
1789 791 1906 858 πρὸς

98 1050 129 1078 S.
141 1048 261 1079 Matth.

98 1093 165 1123 xxi.
186 1102 236 1131 41.

99 1299 154 1329 Es.

98 1343 199 1374 xxxii.
223 1352 249 1374 1.

98 1461 256 1492 fieb-*21¹
276 1450 473 1516 ὺὲτερος
519 1452 807 1503 ἀνίστασθαι
849 1453 1101 1520 ἀρχιερεὺς,
1148 1455 1200 1504 οὐ
1241 1454 1359 1504 κατὰ
1403 1453 1488 1516 τὴν
1533 1453 1668 1521 τάξιν
1704 1451 1905 1518 Ἀαρὼν,
1929 1476 1974 1513 15

105 1516 151 1535 11.

99 1550 148 1579 lb.
168 1549 234 1579 viii.

102 1603 129 1624 2.

99 1785 149 1815 ΙΙ).
166 1785 210 1815 ix.

103 1838 151 1860 12.

99 1955 150 1987 lb.
171 1967 201 1986 x.

322 871 605 940 ἀξιέραστόν
649 896 698 924 τε
743 876 818 924 καὶ
861 875 1175 939 πνευματικὴν
1215 876 1470 927 πολιτείαν.
1541 877 1742 938 ἔμελλον
1782 875 1902 926 ἀπο-

322 959 577 1013 σοβεῖσθαι
611 962 693 1007 τοῦ
728 958 1006 1019 ἀμπελῶνος
1039 961 1079 1009 οἱ
1114 958 1557 1025 κυριοκτονήσαντες
1591 960 1804 1024 γεωργοὶ,
1832 959 1907 1009 καὶ

321 1037 665 1101 ἐκδοθήσεσθαι
699 1037 752 1089 τὸ
786 1042 958 1107 χωρίον
984 1041 1165 1106 ἑτέροις,
1192 1046 1287 1095 τοῖς
1320 1041 1466 1107 ἁγίοις
1503 1041 1792 1094 ἀποστόλοις
1819 1043 1900 1104 δη·
1930 1066 1977 1091 10

322 1118 481 1170 λονότι
520 1123 595 1171 καὶ
630 1123 1000 1188 εὐαγγελισταῖς,
1041 1123 1083 1174 οἳ
1123 1124 1428 1192 καρποφόρον
1463 1123 1575 1174 αὐτὸ
1607 1125 1683 1174 καὶ
1722 1122 1908 1177 εὐανθὲς

322 1203 599 1270 ἀποφαίνειν
626 1204 840 1267 ἔμελλον,
862 1208 945 1267 τῆς
970 1207 1360 1271 προύργιαιτάτης
1387 1207 1624 1275 ἀξιοῦντες
1645 1207 1905 1274 φροντίδος·

322 1285 490 1347 ε’ῖιιελλε
534 1285 819 1341 ίίΒασιλεὺς
865 1288 1036 1341 δίκαιος
1085 1289 1369 1350 βασιλεύειν,
1413 1292 1487 1339 καὶ
1531 1289 1752 1354 ἄρχοντες
1790 1286 1907 1350 μετὰ

322 1376 349 1396 “
377 1368 573 1432 κρίσεως
599 1368 798 1436 ἅρχειν,”
827 1368 946 1420 κατὰ
981 1370 1066 1434 τὴν
1092 1377 1174 1421 τοῦ
1205 1371 1454 1439 προφήτου
1489 1369 1668 1439 φωνήν·
1710 1370 1908 1433 ε”μελλεν

321 1533 452 1583 ἀλλὰ
488 1556 606 1584 κατα
639 1533 723 1597 τὴν
753 1534 889 1602 ταξιν
919 1535 1290 1603 Μελχισεδεκ,“
1311 1540 1405 1586 τῶν
1435 1537 1581 1601 ἁγίων
1617 1534 1902 1600 λειτουργὸς,

322 1622 348 1644 “
376 1618 448 1665 καὶ
478 1619 560 1679 τῆς
585 1619 763 1680 σκηνῆς
798 1619 879 1679 τῆς
913 1619 1151 1681 ἀληθινῆς,
1178 1616 1235 1682 ἢν
1260 1618 1430 1687 ἔπηξεν
1457 1620 1481 1669 ὁ
1511 1617 1697 1684 Κύριος,
1724 1619 1799 1667 καὶ
1823 1618 1906 1667 οὐκ

322 1706 348 1726 “
376 1697 667 1763 ἅνθρωπος.”
733 1702 925 1763 εἰσῆλθε
952 1698 1041 1766 γὰρ
1070 1704 1130 1753 εἰς
1162 1700 1221 1751 τὰ
1252 1700 1362 1765 ἅγια
1389 1706 1482 1751 τῶν
1509 1701 1654 1765 ἁγίων
1681 1701 1706 1750 ὁ
1733 1699 1906 1765 Κύριος

322 1779 453 1843 ἡμῶν
469 1781 655 1844 Ἰησοῦς
683 1782 706 1830 ὁ
728 1782 940 1848 Χριστὸς
962 1790 987 1810 “
1008 1783 1062 1832 οὐ
1083 1784 1136 1832 δι’
1161 1783 1353 1845 αἵματος
1379 1782 1567 1849 τράγων
1593 1785 1668 1833 καὶ
1693 1780 1904 1849 μόσχων,

322 1869 348 1890 “
375 1861 449 1912 διὰ
489 1863 537 1914 δὲ
576 1869 659 1913 τοῦ
699 1864 813 1914 ἰδίου
854 1865 1063 1928 αἵματος,
1102 1865 1289 1915 αἰωνίαν
1329 1866 1569 1932 λύτρωσιν
1607 1865 1873 1931 εὑράμενος,
1879 1866 1903 1881 ”

322 1946 397 1995 καὶ
424 1952 450 1974 “
470 1949 554 2014 μιᾷ
579 1950 839 2015 προσφορᾷ
873 1947 1129 2000 τελειώσας
1168 1951 1229 2001 εἷς
1268 1971 1320 1998 το
1360 1947 1573 2012 διηνεκες,
1601 1970 1719 1998 κατα
1744 1947 1899 1998 συνεί-

321 2034 349 2055 “
375 2030 514 2091 δησιν
556 2051 663 2082 τους
705 2029 1078 2095 ἁγιαζομέῗνους
1140 2053 1213 2080 ινα
1253 2030 1407 2081 τοίνυν
1448 2030 1512 2094 μὴ
1554 2028 1818 2097 ψευδοεπής
1854 2052 1903 2081 τε

322 2112 396 2159 καὶ
437 2111 726 2171 εἱκαιόμυθος
768 2112 1079 2181 ἀναφαίνηται
1122 2114 1146 2163 ὁ
1186 2112 1319 2175 Θεὸς,
1364 2114 1432 2163 ἀεὶ
1475 2115 1550 2163 καὶ
1592 2115 1808 2176 διηνεκῶς
1846 2115 1904 2180 τῇ

321 2191 438 2242 κατὰ
474 2192 616 2254 νόμον
652 2193 878 2261 ἱερωσύνῃ
913 2195 1379 2262 καθυπισχνούμενος
1413 2194 1718 2246 ἐποπτεύσειν
1745 2217 1794 2245 τε
1828 2196 1903 2245 καὶ

320 2275 566 2340 διακρίνειν
606 2275 688 2325 τὸν
738 2273 864 2326 οἶκον
914 2278 1076 2338 αὐτοῦ,
1121 2279 1379 2342 ἀναγκαῖαν
1419 2282 1613 2328 ποιεῖται
1658 2282 1740 2328 τοῦ
1784 2275 1903 2327 κατὰ
1925 2298 1972 2335 25

320 2356 536 2422 Χριστὸν
584 2358 846 2423 μυστηρίου
896 2357 982 2422 τὴν
1021 2359 1369 2425 προαγόρευσιν
1413 2362 1488 2410 καὶ
1533 2359 1603 2410 ὅτι
1648 2359 1903 2428 καταλήξει

319 2438 404 2502 μὲν
430 2438 488 2489 τὰ
514 2441 562 2490 ἐν
587 2438 732 2509 νόμῳ,
764 2443 986 2506 διακρινεῖ
1016 2440 1063 2492 δὲ
1100 2440 1238 2495 αὐτὸς
1276 2441 1358 2492 τὸν
1397 2442 1512 2492 ἰ’διον
1550 2439 1675 2492 οἶκον
1711 2440 1786 2492 διὰ
1819 2446 1902 2492 τοῦ

321 2521 435 2572 ἰδίου
476 2520 776 2587 γεννήματος,
812 2522 1041 2586 τουτέστι,
1081 2530 1163 2574 τοῦ
1199 2527 1332 2574 Υὶοῦ.
1400 2524 1615 2592 ταύτῃτοι
1654 2526 1902 2591 μονονουχὶ

372 2732 400 2755 1.
428 2720 546 2766 ἤγουν]
571 2725 607 2761 «Ι-
628 2722 763 2765 μᾶλλον
780 2720 872 2756 Edd.
891 2722 962 2756 inv.
984 2721 1025 2756 C.
1423 2732 1454 2765 3.
1480 2723 1572 2755 λαῶν
1591 2720 1631 2754 C.
1639 2721 1683 2755 D.
1702 2722 1788 2754 λαοῦ
1807 2720 1900 2755 Edd.

320 2780 353 2810 4.
380 2769 433 2801 καὶ
451 2769 547 2812 prius
565 2773 787 2812 assumptum
807 2781 849 2802 ex
868 2768 909 2803 C.
1111 2778 1141 2814 7.
1165 2768 1273 2811 ἀληθῆ
1293 2767 1332 2802 C.
1337 2768 1371 2802 b.
1391 2768 1551 2812 ἀληθινὴν
1570 2767 1900 2811 Ε(1ᾶ.μεταπλάτ-

319 2815 440 2849 recrea(
459 2816 499 2848 C.
517 2816 742 2860 μεταχαράττ.
763 2815 852 2849 Edd.
1065 2816 1098 2850 8.
1124 2830 1160 2849 τε
1177 2827 1246 2849 om.
1268 2816 1308 2848 C.
1548 2824 1601 2859 15.
1627 2814 1802 2859 ἀρχιερεὺς
1820 2814 1860 2849 C.
1865 2815 1900 2849 b.

319 2862 425 2904 ἱερεὺς
445 2861 535 2895 Edd.
854 2873 905 2907 19.
931 2864 949 2896 ὁ
967 2868 1191 2907 assumptum
1209 2874 1249 2895 ex
1269 2861 1309 2895 C.
1629 2872 1683 2895 20.
1709 2862 1841 2895 αἰώνιον
1859 2861 1899 2896 C.

322 2917 375 2950 23.
403 2910 420 2940 ὁ
439 2915 660 2953 assumptum
679 2920 719 2942 ex
739 2908 779 2942 C.
1120 2920 1175 2951 24.
1201 2907 1533 2953 καθυπισχνούμενος
1551 2907 1662 2942 C.b.
1648 2923 1786 2954 υπισχν.
1807 2908 1899 2942 Edd.

320 2953 540 2988 ἐποπτεύσειν
559 2955 636 2989 (3.1).
655 2954 860 2999 ἐποπτὴσειν
879 2955 969 2990 Edd.
1386 2955 1439 2989 26.
1466 2955 1637 2999 ἐμφαίνων
1655 2967 1717 3000 pro
1735 2956 1788 2989 καὶ
1807 2954 1898 2990 Edd.

320 3001 436 3033 invitis
457 3000 534 3034 C.b.

1927 1885 1976 1909 20

2000 2870 2007 2939 J*
