2018 3387
173 178 227 218 iii.
247 190 284 230 5.
543 179 616 218 IN
660 179 1090 220 ΜΛιτΑοιιιΛικις
1153 179 1304 218 ἰὀΜ.
1344 178 1398 217 11.
1674 179 1755 217 (303

168 284 478 348 Ἐκκλησιάς·
520 284 641 336 καθὰ
677 290 751 336 καὶ
788 287 814 349 ἡ
841 291 934 336 τῶν
960 287 1162 353 ἐχόντων
1188 285 1271 338 τὰς
1306 283 1464 352 ἡμέρας
1503 285 1571 334 τοῦ
1607 283 1754 337 αι’ὦνος

167 368 242 416 καὶ
281 367 309 429 ἡ
348 371 441 416 τῶν
480 366 599 416 κατὰ
636 366 742 420 τοὺς
784 366 1017 437 ἔμπροσθεν
1056 367 1251 434 χρόνους
1290 364 1554 432 γεγονότων
1593 365 1754 429 ἁγίων,

166 447 209 497 οἳ
229 446 482 512 γεγόνασιν
504 448 745 513 εὐάρεστοι
768 450 822 498 δι’
844 451 1050 512 ὑπακοῆς
1071 451 1145 498 καὶ
1166 450 1382 501 πίστεως.
1427 449 1754 512 ἀπαριθμεῖται

166 527 215 579 δὲ
253 531 328 578 καὶ
363 528 554 582 τούτους
590 531 614 579 ὁ
651 530 906 584 θεσπέσιος
944 534 1138 583 Παῦλος
1177 532 1224 580 ἐν
1259 533 1317 596 τῇ
1355 529 1472 595 πρὸς
1499 529 1753 594 Ἐβραίους
1820 544 1966 574 11‹-1›.xi.

122 627 144 665 5
165 611 411 678 ἐπιστολῇ,
437 611 593 661 πίστει
621 610 774 676 λε’γων
802 615 1095 662 δικαιοῦσθαι
1123 611 1346 664 πολλούς.
1771 626 1792 651 0

1770 901 1791 935 ζῆ

168 889 240 930 Καὶ
285 890 627 946 Προσελεύσομαι
677 890 784 946 Πρὸς
833 890 941 938 ὑμᾶς
990 890 1034 930 ἐν
1081 888 1226 945 κρίσει,
1272 888 1337 927 καὶ
1386 888 1535 935 ἔσομαι
1587 887 1746 943 μάρτυς

230 973 357 1028 ταχὺς
399 973 468 1014 ἐπὶ
510 972 586 1014 τὰς
631 973 885 1030 φαρμακοὺς
931 973 999 1013 καὶ
1042 972 1111 1013 ὲῐτί
1151 972 1227 1013 τὰς
1270 970 1520 1026 μοιχαλίδος
1567 970 1634 1010 καὶ
1678 969 1746 1010 ὲηί

229 1055 328 1097 τοὺς
371 1055 608 1104 ὀμνύοντας
651 1057 712 1109 τῷ
755 1055 934 1104 ὀνόματί
982 1070 1061 1104 μου
1104 1055 1174 1095 ἐπὶ
1216 1054 1379 1104 ψεύδει,
1425 1052 1488 1093 καὶ
1539 1051 1604 1093 {rr}
1649 1052 1746 1093 τοὺς

228 1138 572 1195 ἀποστεροῦντας
610 1139 759 1187 μισθὸν
797 1142 1012 1187 μισθωτοῦ
1055 1138 1122 1178 καὶ
1160 1137 1258 1178 τοὺς
1298 1136 1746 1178 καταδυναστεύοντας

95 1237 142 1263 10
229 1223 362 1278 χώραν
399 1222 466 1263 καὶ
501 1222 599 1263 τοὺς
631 1222 950 1279 κονδυλίςοντας
981 1221 1201 1279 ὀρφανοὺς
1237 1221 1305 1262 καὶ
1337 1220 1433 1261 τοὺς
1471 1218 1746 1260 ὲκκλίνοντας

231 1304 363 1361 κρίσιν
391 1306 660 1362 ΠροσΗλύτου
698 1305 765 1346 καὶ
795 1307 894 1347 τοὺς
929 1306 984 1354 μὲι
1022 1306 1315 1360 φοβουμένους
1350 1318 1414 1354 με,
1449 1304 1561 1349 λέπει
1595 1301 1744 1358 Κύριος
1767 1317 1788 1341 a
1819 1307 1903 1342 855
1920 1307 1969 1342 A.

228 1389 561 1446 Παντοκράτωρ.

236 1546 374 1598 Κατὰ
423 1547 607 1600 σκοπὸν
648 1553 742 1599 τῶν
786 1547 1080 1613 πραγμάτων
1123 1545 1310 1612 πρόεισι
1362 1545 1418 1608 δὴ
1469 1544 1616 1596 πάλιν
1660 1548 1746 1595 κάν

157 1628 337 1682 τούτοις
374 1629 483 1693 ἡμῖν
523 1631 547 1680 ὁ
593 1629 752 1695 λόγος.
820 1629 1034 1697 ἔφασκον
1074 1627 1158 1691 μὲν
1195 1626 1288 1693 γὰρ
1327 1626 1661 1688 ἀμαθαίνοντες
1702 1630 1744 1677 οὶ

91 1727 137 1766 15
158 1709 215 1778 ἐξ
248 1709 449 1776 Ἰσραήλ
489 1717 516 1740 “
535 1714 638 1764 Πᾶς
682 1715 829 1762 ποιῶν
873 1708 1094 1776 πονηρὸν,
1145 1707 1294 1759 καλὸν
1337 1708 1532 1758 ἐνώπιον
1577 1708 1739 1770 αὐτοῦ,
1807 1728 1913 1778 §upra

159 1797 185 1819 ‘⁶
211 1793 287 1841 καὶ
321 1793 369 1842 ἐν
394 1793 547 1845 αὐτοῖς
582 1791 721 1846 αὐτὸς
757 1791 1004 1855 ηὐδόκησε,
1042 1792 1117 1840 καὶ
1155 1795 1247 1840 ποῦ
1282 1791 1413 1840 ἐστιν
1446 1790 1470 1839 ὁ
1505 1787 1625 1842 Θεὸς
1660 1793 1744 1853 τῆς
1807 1782 1838 1802 Π’
1859 1782 1907 1811 ¹7·

158 1878 185 1901 ‘⁶
213 1873 510 1937 δικαιοσύνης
529 1874 571 1934 ;”
638 1874 714 1923 καὶ
765 1874 833 1926 τίς
891 1872 919 1935 ἡ
974 1870 1219 1940 πρόφασις
1275 1873 1358 1934 τῆς
1416 1871 1537 1922 οὕτω
1594 1874 1743 1935 δεινῆς

156 1953 521 2019 ἀθυροστομίας,
574 1954 749 2019 εἴρηται
800 1952 885 2016 μὲν
935 1953 1037 2017 ἤδη·
1103 1951 1233 2015 πλὴν
1284 1951 1517 2018 εἰρήσεται
1573 1953 1738 2004 πάλιν.

156 2033 311 2099 ἐπειδὴ
362 2035 455 2102 γὰρ
507 2035 792 2103 ἀφυλάκτως
843 2034 960 2088 τινὲς
1011 2038 1106 2085 τῶν
1155 2037 1407 2099 ἱερουργῶν
1457 2035 1532 2085 καὶ
1582 2033 1787 2097 με’ντοιῑ)

88 2140 138 2165 20
156 2119 251 2166 τῶν
291 2116 459 2166 ἄλλων
499 2116 542 2167 οἳ
586 2116 947 2184 διαφανέστεροί
989 2138 1035 2167 τε
1081 2113 1207 2178 ἦσαν
1250 2117 1325 2166 καὶ
1370 2119 1470 2168 ταῖς
1516 2115 1740 2166 ἀνωτάτω

155 2202 309 2259 τιμαῖς
347 2198 671 2263 ε’μπρέποντες,
712 2200 786 2248 ἐπὶ
824 2197 980 2248 πάντα
1017 2196 1194 2263 τρόπον
1231 2195 1511 2261 σκαιότητος
1549 2196 1625 2247 καὶ
1663 2198 1740 2262 ἐγ-

155 2279 448 2346 χειρημάτων
485 2277 650 2347 ᾔεσαν,
693 2280 906 2347 ἐφαίνετο
944 2278 993 2329 δὲ
1035 2280 1109 2329 καὶ
1150 2278 1269 2343 πέρα
1312 2278 1481 2343 με’τρου
1526 2278 1739 2346 ἀνεξικα-

156 2361 308 2424 κήσας
349 2359 470 2414 Θεὸς
513 2363 680 2415 αὐτοῖς·
739 2361 842 2411 ἔστι
886 2360 979 2426 γὰρ
1023 2359 1214 2426 ἀγαθὸς,
1259 2358 1482 2426 χρηστὸς,
1526 2358 1736 2423 ἐπιεικὴς,

156 2444 230 2492 καὶ
273 2440 624 2510 φιλάνθρωπος·
681 2441 903 2509 ταύτῃτοί
937 2464 1056 2494 τινες
1095 2440 1202 2494 τοὺς
1240 2440 1298 2508 ἐξ
1332 2440 1535 2506 ἀκράτου
1575 2463 1738 2506 μικρο-

88 2545 135 2582 25
155 2524 334 2590 ψυχιάς
361 2523 613 2589 ἠρεύγοντο
644 2521 833 2588 λόγους.
889 2522 998 2572 ἀλλ’
1028 2522 1098 2573 ὅτι
1134 2519 1218 2584 μὲν
1244 2521 1378 2571 ἔσται
1404 2520 1522 2571 κατὰ
1552 2521 1737 2587 καιροὺς

153 2604 492 2674 μεταφοίτησις
527 2608 589 2658 εἰς
620 2603 673 2654 τὸ
710 2604 896 2667 ἄμεινον
922 2607 1017 2653 τῶν
1042 2603 1337 2668 τεταγμένων
1364 2606 1425 2656 εἷς
1460 2605 1736 2669 ἱερουργίαν,

204 2795 234 2819 1.
260 2784 368 2820 καθὼς
385 2783 478 2818 Edd.
652 2795 685 2826 4.
712 2783 764 2816 καὶ
782 2794 851 2817 om.
871 2782 913 2818 B.
1081 2781 1114 2816 6.
1138 2781 1418 2826 προσελεῦσομαι
1438 2781 1479 2815 Β.
1498 2781 1574 2826 (22.
1593 2782 1653 2825 al.)
1674 2782 1735 2816 sed

154 2831 198 2865 cf.
216 2831 316 2865 infra.
334 2830 499 2875 προσάξω
518 2828 610 2863 Edd.
823 2840 875 2863 10.
902 2828 1075 2864 κλίνοντος
1095 2828 1131 2862 F.
1342 2839 1394 2873 13.
1422 2827 1497 2872 κάν]
1518 2828 1571 2862 καὶ
1588 2829 1623 2862 ἐν
1640 2828 1732 2863 Edd.

157 2886 210 2921 15.
236 2877 290 2910 καὶ
306 2878 410 2911 καλὸν
428 2877 515 2910 forte
531 2874 626 2909 haud
644 2876 732 2909 male
749 2875 809 2909 iid.
831 2875 892 2921 [cf‚
912 2876 964 2908 καὶ
982 2876 1084 2909 καλὸς
1101 2874 1240 2920 (106).]
1394 2885 1448 2908 20.
1474 2875 1656 2909 ἀνωτάταις
1673 2875 1734 2909 iid-

155 2933 210 2956 22.
237 2923 289 2956 καὶ
307 2929 529 2968 assumptum
548 2934 588 2955 ex
610 2922 651 2956 B.
702 2922 827 2956 Statim
844 2922 921 2966 περὶ
939 2921 998 2955 iid.
1016 2927 1095 2955 ante
1115 2921 1248 2965 Migne.
1307 2920 1547 2964 ἀνεξικακὴσας
1566 2922 1650 2957 Θεὸς
1668 2921 1733 2956 hoo

154 2968 274 3003 Ordine
288 2968 331 3005 B.
523 2979 577 3014 23.
595 2967 765 3014 χρηστὸς]
790 2973 825 3009 —i-
847 2970 899 3002 καὶ
918 2968 978 3002 iid.
1170 2979 1224 3010 24.
1250 2967 1386 3012 ἀκρίτου
1407 2967 1447 3002 Β.

855 3037 883 3074 4
904 3035 932 3063 11
958 3035 981 3064 2
