2053 3382
104 241 210 282 Supra

105 284 163 323 761
178 296 205 321 e,

105 327 164 365 762
179 339 207 359 a.

102 376 222 407 Ezech.

100 421 217 451 xxxiv.

105 472 156 502 14.

99 930 131 960 S.
148 929 246 961 Joan.

99 984 127 1003 v·
145 982 226 1012 45-4
235 983 260 1012 7·

97 1669 112 1690 2
130 1660 243 1693 Thess.

95 1714 128 1734 u.
145 1712 157 1734 Ι
167 1713 194 1735 Ι.

95 1988 127 2018 S.
146 1988 245 2019 Joan.

94 2042 124 2062 v.
139 2039 192 2072 43.

95 2317 113 2357 Ξ
129 2308 240 2341 Thess

93 2361 126 2381 11.
145 2362 175 2391 4.

328 163 414 203 470
722 166 770 206 B.
814 165 1088 205 CYRILLI
1132 166 1514 208 ALEXANDR.
1679 166 1821 220 xi.15‚
1852 164 1911 205 [6.

327 268 499 323 ταύτας
536 270 629 336 γὰρ
673 269 786 321 εἶναι
824 270 908 324 τὰς
947 271 1029 322 δύο
1073 273 1277 338 ῥάβδους
1316 273 1554 337 ἐλέγομεν,
1596 273 1650 322 δι’
1692 272 1756 323 ὧν
1794 274 1913 336 ἡμᾶς

280 351 307 391 b
328 352 680 413 καταποιμαίνει
714 350 928 417 Χριστὸς
957 359 983 382 ‘⁶
999 354 1048 402 ἐν
1076 355 1193 420 νομῇ
1225 355 1380 420 ἀγαθῇ
1412 355 1487 403 καὶ
1519 354 1566 404 ἐν
1591 353 1722 423 τόπῳ
1753 354 1910 404 πίονι”

327 429 448 480 καθὰ
484 431 759 496 γέγραπται.
816 433 925 483 ἀλλ’
954 434 1007 483 οὐ
1045 434 1263 488 συνέντες
1289 436 1505 485 Ἰουδαῖοι
1544 434 1598 484 τὸ
1637 433 1911 499 μυστήριον,

326 510 605 575 ἠγνοηκότες
652 513 699 563 δὲ
751 516 826 564 καὶ
876 515 962 578 τὴν
1010 514 1191 581 ῥάβδον
1237 514 1322 579 τὴν
1372 516 1539 578 καλὴν,
1591 515 1806 566 τουτέστι
1858 514 1913 564 τὸ

325 590 543 656 κήρυγμα
585 592 639 643 τὸ
681 594 999 659 εὐαγγελικὸν,
1045 598 1121 646 καὶ
1165 597 1362 661 προσέτι
1405 597 1585 651 τούτοις
1629 596 1715 660 τὴν
1754 596 1954 661 ἑτέραν5

325 673 640 734 ἀτιμάσαντες
677 674 871 741 ῥάβδον,
904 674 933 743 ᾗ
970 676 1118 738 ὄνομα
1155 678 1435 744 Σχοίνισμα,
1470 678 1686 728 τουτέστι
1720 677 1803 728 τὸν
1837 676 1913 728 διὰ

327 753 573 807 Μωυσέως
608 754 764 818 νόμον,
798 758 850 807 οὐ
885 757 1191 822 προσήκαντο
1225 759 1309 822 μὲν
1335 758 1420 822 τὴν
1446 759 1622 821 πίστιν,
1649 759 1912 824 ἠγνοήκασι

325 831 374 882 δὲ
409 834 491 884 τὸν
522 835 598 885 διὰ
633 836 776 899 νόμου
807 840 881 888 καὶ
916 844 1177 907 προφητῶν
1208 840 1623 906 προηγορευμένον·
1665 842 1739 890 καὶ
1774 846 1912 891 τοῦτο

323 915 479 969 αὐτοῖς
514 918 719 983 ἐναργῶς
758 919 896 973 αὐτὸς
935 921 1145 988 ἔφασκεν
1185 923 1209 972 ὁ
1251 922 1419 988 Σωτήρ
1456 930 1482 952 “
1500 922 1586 986 Μὴ
1631 925 1802 973 δοκεῖτε
1841 922 1911 973 ὅτι

324 1002 350 1024 “
374 995 466 1061 ἐγὼ
506 999 820 1064 κατηγορήσω
861 1003 989 1064 ὑμῶν
1023 1001 1142 1068 πρὸς
1179 1002 1261 1053 τὸν
1299 1004 1507 1069 Πατέρα·
1554 1004 1685 1055 ἔστιν
1711 1005 1736 1054 ὁ
1761 1026 1907 1067 κατη-
1935 1024 1982 1049 10

282 1083 350 1128 e“
377 1083 531 1144 γορῶν
578 1082 706 1142 ὑμῶν
753 1086 984 1146 Μωυσῆς,
1035 1087 1096 1136 εἷς
1145 1084 1198 1135 ὃν
1244 1086 1368 1146 ὑμεῖς
1420 1086 1664 1149 ἠλπίκατε.
1735 1089 1772 1135 εἰ
1816 1084 1910 1150 γὰρ

323 1165 350 1187 “
377 1161 641 1212 ἐπιστεύετε
690 1167 903 1227 Μωυσεῖ,
945 1165 1209 1216 ἐπιστεύετε
1256 1165 1314 1216 ἂν
1357 1168 1473 1230 ἐμοί·
1521 1168 1625 1232 περὶ
1664 1165 1757 1231 γὰρ
1799 1168 1910 1229 ἐμοῦ

319 1246 346 1269 “
374 1242 540 1295 ἐκεῖνος
574 1243 799 1313 ἔγραψεν.
853 1249 889 1296 εὶ
921 1245 968 1296 δὲ
1001 1251 1096 1300 τοῖς
1127 1248 1298 1298 ἐκείνου
1325 1245 1604 1313 γράμμασιν
1631 1249 1684 1298 οὐ
1709 1247 1906 1298 πιστεύ-

320 1328 346 1351 “
373 1345 461 1384 ετε,
510 1329 611 1378 πῶς
655 1331 751 1380 τοῖς
801 1328 924 1390 ἐμοῖς
975 1327 1155 1395 ῥήμασι
1200 1328 1483 1380 πιστεύσετε
1505 1329 1547 1389 ;”
1608 1329 1710 1379 ἔστι
1754 1329 1910 1380 τοίνυν

319 1403 578 1467 οὐδαμόθεν
606 1408 890 1474 ἀμφίλογον,
920 1412 982 1463 ὡς
1016 1411 1120 1460 οὔτε
1152 1415 1247 1463 τοῖς
1284 1410 1532 1464 ΝῙωυσέως
1563 1411 1908 1461 πεπιστεύκασι
1931 1428 1978 1467 15

319 1485 623 1550 γράμμασιν,
652 1490 754 1538 οὔτε
781 1489 873 1553 μὴν
900 1495 996 1543 τοῖς
1021 1497 1103 1541 τοῦ
1129 1494 1348 1556 Σωτῆρος
1373 1490 1598 1557 ῥήμασιν.

392 1567 584 1632 Ἐπειδὴ
632 1569 679 1619 δὲ
723 1574 806 1634 τῆς
854 1573 1076 1635 ἀληθείας
1123 1572 1207 1636 τὴν
1250 1577 1430 1637 γνῶσιν
1476 1574 1529 1622 οὐ
1572 1573 1905 1641 παρεδέξαντο,

318 1649 550 1716 ταύτῃτοι,
580 1650 702 1702 καθά
735 1656 886 1719 φησιν
913 1653 936 1702 ὁ
963 1653 1245 1720 σοφώτατος
1279 1657 1473 1706 Παῦλος
1501 1661 1527 1682 “
1543 1654 1722 1722 πέμψει
1753 1655 1908 1708 αὐτοῖς

321 1736 347 1759 “
375 1730 399 1779 ὁ
445 1729 565 1784 Θεὸς
610 1733 840 1798 ἐνέργειαν
883 1734 1082 1797 πλάνης,
1129 1739 1190 1788 εἷς
1234 1734 1288 1785 τὸ
1332 1740 1587 1785 πιστεῦσαι
1631 1734 1797 1788 αὐτοὺς
1841 1739 1908 1804 τῷ

273 1815 300 1856 d
321 1817 347 1839 ‘⁶
371 1810 576 1878 ψεύδει·”
625 1815 853 1880 ἐνέργειαν
878 1814 925 1865 δὲ
953 1814 1137 1879 πλάνης
1164 1815 1246 1866 τὸν
1269 1817 1574 1883 ἀντίχριστον
1601 1813 1717 1866 εἷναί
1740 1821 1905 1884 φησιν,
1927 1840 1977 1865 20

319 1889 356 1960 ᾧ
393 1893 729 1958 προστεθέντες
755 1897 969 1947 Ἰουδαῖοι
1005 1897 1446 1963 κατακριθήσονται.
1503 1899 1578 1947 καὶ
1611 1899 1906 1949 πιστώσεται

317 1972 473 2038 λέγων
504 1976 658 2030 αὐτοῖς
696 1978 720 2027 ὁ
757 1977 924 2043 Σωτὴρ
964 1980 1166 2029 ἀπειθεῖν
1203 1979 1448 2046 ᾑρημένοις
1483 1977 1656 2044 αἘγὼ
1692 1978 1905 2043 ἐλήλυθα

319 2061 345 2083 “
371 2055 419 2104 ἐν
462 2060 527 2125 τῷ
570 2057 761 2121 ὀνόματι
803 2065 886 2110 τοῦ
929 2060 1119 2126 Πατρός
1162 2083 1266 2123 μου,
1312 2062 1387 2110 καὶ
1429 2061 1481 2110 οὐ
1523 2059 1796 2122 λαμβάνετέ
1833 2078 1903 2124 με·

318 2142 344 2165 ‘⁶
384 2134 417 2152 'N
488 2137 511 2154 ’l
671 2139 691 2156 ,ν
831 2142 840 2156 )
933 2145 953 2154 Λ
995 2143 1004 2157 5
1053 2141 1062 2154 Ι
1253 2146 1272 2154 Α
1306 2145 1315 2159 ,
1358 2141 1368 2158 Ι
1456 2142 1466 2156 5
1520 2146 1538 2154 Α
1689 2140 1702 2156 Ι
1878 2142 1902 2157 ’ἱ

371 2159 450 2186 εαν
476 2145 627 2192 αλλος
662 2144 784 2208 ελθῃ
818 2164 866 2191 εν
890 2164 956 2210 τῳ
984 2164 1177 2204 ονοματι
1210 2164 1275 2210 τῳ
1303 2145 1415 2210 ιδιῳ,
1444 2164 1614 2191 εκεινον
1640 2144 1875 2209 ληψεσθε.

317 2216 386 2267 ὅτι
421 2219 576 2270 τοίνυν
602 2221 815 2272 Ἰουδαῖοι
849 2221 1054 2286 ἑζαελλον
1080 2222 1198 2273 κατὰ
1233 2222 1418 2288 καιροὺς
1444 2222 1689 2289 πεφηνότα
1715 2221 1797 2273 τὸν
1821 2225 1903 2287 τῆς
1925 2244 1972 2282 25

317 2300 508 2362 ἀνομίας
549 2299 646 2352 υἱὸν
678 2304 910 2367 ἀμελλητὶ
944 2303 1310 2370 παραδέχεσθαι,
1337 2311 1363 2333 “
1380 2303 1461 2354 τὸν
1486 2305 1796 2367 ἀντικείμενον
1827 2306 1903 2354 καὶ

317 2387 345 2410 “
372 2381 730 2448 ὑπεραιρόμενον
753 2384 826 2434 ἐπὶ
851 2383 1007 2435 πάντα
1038 2385 1294 2450 λεγόμενον
1321 2385 1425 2435 θεὸν
1453 2382 1481 2448 ἢ
1507 2384 1750 2448 σέβασμα,
1778 2384 1902 2435 ὥστε

317 2468 346 2491 “
372 2462 512 2513 αὐτὸν
538 2468 600 2517 εἷς
625 2464 707 2515 τὸν
733 2463 846 2515 ναὸν
871 2471 953 2516 τοῦ
986 2469 1111 2517 Θεοῦ
1147 2467 1337 2516 καθίσαι
1372 2465 1706 2517 ἀποδεικνύντα
1739 2464 1902 2516 ἑαυτὸν

276 2562 297 2588 e
317 2549 345 2572 ‘⁶
372 2543 442 2594 ὅτι
494 2544 597 2595 ἔστι
642 2545 806 2604 Θεὸς,”
854 2546 936 2597 τὸν
981 2548 1064 2598 οὐκ
1115 2546 1267 2598 εἰδότα
1317 2547 1577 2610 ποιμαίνειν
1626 2548 1776 2612 ὀρθῶς
1826 2549 1901 2597 καὶ

315 2625 639 2689 ἐπιστημόνως
684 2633 1134 2693 προανατυποῦσθαι
1182 2629 1354 2679 κελεύει
1399 2631 1464 2697 τῷ
1507 2628 1740 2695 Προφήτῃ
1781 2628 1900 2681 Θεὸς
1920 2652 1970 2688 3ο

361 2767 394 2803 5.
420 2759 546 2794 τούτων
565 2759 593 2794 C
612 2772 719 2794 manu
736 2761 859 2804 prima.
877 2761 1008 2797 τούτοις
1026 2761 1130 2796 habet
1149 2762 1195 2796 D.
1318 2771 1349 2807 7.
1375 2762 1436 2805 μὲν
1452 2772 1522 2796 om.
1542 2760 1583 2795 C.
1691 2772 1725 2806 9.
1752 2761 1900 2806 ἐναργῶς

315 2805 413 2840 αὐτὸς
430 2806 582 2849 ἔφασκεν
600 2806 665 2840 hoc
683 2807 804 2841 ordine
824 2807 865 2842 C.
883 2809 1037 2853 ἔφασκεν
1053 2815 1132 2842 ante
1151 2809 1262 2852 ἐναργ.
1281 2814 1323 2842 tr.
1342 2807 1434 2842 Edd.
1625 2817 1678 2841 12.
1707 2810 1837 2851 Μωυσῆ
1858 2808 1899 2843 C.

319 2852 370 2884 18.
397 2852 481 2885 καθά
499 2856 721 2898 assumptum
740 2866 781 2888 ex
801 2853 842 2888 C.
979 2865 1034 2888 20.
1060 2854 1114 2899 δέ]
1138 2859 1175 2895 -Ι-
1196 2856 1253 2898 τῆς
1271 2854 1363 2889 Edd.
1381 2853 1490 2888 invito
1509 2852 1549 2888 C.
1688 2865 1742 2888 22.
1767 2854 1901 2889 ἀπιθεῖν

314 2897 496 2939 εἷρημένοις
515 2898 555 2932 C.
804 2909 859 2944 25.
886 2900 1032 2944 ἔμελλον
1051 2900 1091 2934 C.
1111 2901 1284 2944 μέλλουσι
1301 2900 1360 2934 iid.
1602 2899 1657 2934 26.
1682 2900 1838 2944 ἀμελλιτὶ
1857 2900 1899 2936 C.

316 2952 369 2985 29.
396 2945 580 2986 ποιμαίνειν
598 2945 706 2989 ὀρθῶς
725 2945 766 2980 C.
785 2948 895 2981 καλῶς
913 2961 1006 2989 ποιμ.
1027 2946 1087 2981 iid.
