2053 3382
296 203 380 242 542
695 202 743 242 Β.
787 200 1067 241 CYRILLI
1109 199 1493 240 ALEXANDR.
1710 200 1878 241 xiv.21.

363 315 424 367 τῷ
470 313 606 370 Κυρίῳ
649 313 980 369 Παντοκράτορι·
1036 311 1103 353 καὶ
1145 314 1291 354 ἥξουσι
1336 311 1493 353 Πάντες
1537 309 1574 352 οἰ
1616 311 1879 368 Θυσιαζοντεε

365 397 433 436 καὶ
471 396 684 445 λήψονται
721 395 766 438 ἐξ
805 395 948 436 αὐτῶν
987 394 1055 435 καὶ
1092 395 1324 446 ἐψήσουῡιν
1361 391 1543 438 ἑαυτοῖς.

373 500 576 562 Λέβητας
604 503 846 564 ἀποκαλεῖ,
873 505 968 555 τοῖς
994 501 1204 569 ἀρχαίοις
1236 499 1438 564 ὀνόμασι
1469 499 1768 568 χρησάμενος
1795 500 1879 564 ἔτι,

297 583 355 634 τὰ
382 583 528 647 σκεύη
554 582 614 633 τὰ
638 583 859 646 μυστικὰ,
888 581 918 634 ἃ
948 587 1023 634 καὶ
1058 583 1189 634 ἔστιν
1216 582 1346 649 ἅγια,
1373 581 1527 634 σεπτὰ
1557 606 1606 634 τε
1634 584 1709 634 καὶ
1739 584 1881 646 τίμια,

298 668 372 716 καὶ
399 666 554 720 αὐτοῖς
580 670 676 719 τοῖς
703 667 741 717 ἐν
765 669 822 733 τῇ
847 663 1152 735 ςΙερουσὌιλῖηι,
1174 665 1320 730 ἤγουν
1345 669 1402 732 τῇ
1428 664 1708 733 Ἐκκλησία,
1736 668 1882 728 δῆλον
1904 682 1925 719 5

298 747 347 798 δὲ
386 747 456 798 ὅτι
495 752 590 802 τοῖς
629 748 764 801 θείοις
804 750 1070 814 ἱερουργοῖς,
1110 748 1184 797 καὶ
1222 747 1331 813 παρ’
1373 747 1498 815 αὑτῶ
1536 746 1583 797 δὲ
1628 753 1689 817 τῷ
1725 744 1884 818 Ἰούδᾳ,

297 830 515 881 τουτέστι
556 828 705 881 πάλιν
743 834 837 883 τοῖς
883 828 969 894 τὴν
1006 830 1054 880 ἐν
1090 828 1318 891 πνεύματι
1362 834 1568 895 λαχοῦσι
1608 828 1879 895 περιτομήν.

81 927 162 962 814
176 925 227 961 A.
260 910 387 962 ηεῖεν
418 913 461 963 δ’
488 910 548 962 ἂν
583 912 708 963 οῦτοι
746 910 894 963 πάλιν
924 915 965 962 οἱ
1000 910 1374 965 πεπιστευκότες.
1425 911 1534 976 παρ’
1573 909 1755 964 οὐδενὸς
1792 910 1885 976 γὰρ

82 1991 243 2022 θΜαίῑίι.

82 2036 137 2065 vii.
155 2035 185 2067 6.

257 1660 284 1701 b

300 994 425 1048 ὅλως
459 997 521 1048 εἰς
556 993 713 1058 κοινὴν
738 993 1033 1057 λαμβάνεται
1070 995 1230 1061 χρείαν
1255 999 1339 1044 τοῦ
1375 993 1509 1058 ἁγίου
1544 992 1886 1058 θυσιαστηρίου

299 1076 358 1127 τὰ
397 1077 557 1140 σκεύη,
592 1077 702 1127 ἀλλ’
743 1076 889 1138 ἔστιν,
929 1077 991 1130 ὡς
1030 1076 1162 1144 ἔφην,
1202 1074 1319 1141 ἑίγια
1362 1077 1437 1126 καὶ
1476 1078 1538 1128 εἰς
1576 1074 1721 1143 δόξαν
1760 1076 1885 1125 Θεοῦ
1910 1094 1955 1119 10

299 1158 599 1224 τετηρημένα,
629 1159 704 1209 καὶ
742 1156 906 1221 μόναις
943 1162 1043 1211 ταῖς
1081 1158 1254 1225 χρείαις
1294 1158 1535 1223 ὑπηρετεῖν
1573 1154 1768 1207 εἰωθότα
1804 1158 1886 1219 τῆς

301 1241 438 1307 ἁγίας
475 1241 717 1308 τραπέζης,
754 1240 810 1291 δι’
851 1240 1004 1291 αὐτῶν
1043 1262 1093 1291 τε
1131 1241 1205 1290 καὶ
1245 1241 1292 1290 ἐν
1325 1240 1479 1292 αὐτοῖς
1518 1241 1564 1289 αἱ
1602 1242 1696 1288 τῶν
1733 1260 1887 1303 προσ-

301 1324 515 1389 αγόντων
561 1328 806 1374 τελοῦνται
866 1322 1040 1384 θυσίαι,
1092 1322 1178 1388 οὐχ
1233 1320 1436 1372 ἑκάστου
1492 1320 1717 1389 φέροντος
1773 1320 1887 1371 ἰ’διον

301 1411 482 1459 σκεῦος·
525 1404 747 1456 ἁπάντων
773 1403 821 1455 δὲ
845 1404 1003 1467 μόνοις
1029 1408 1124 1458 τοῖς
1152 1407 1285 1471 ἱεροῖς
1311 1402 1619 1471 κεχρημένων.
1669 1403 1767 1457 πᾶς
1793 1400 1888 1467 γὰρ

301 1488 439 1548 λέβης
475 1485 609 1554 οἵγιος
646 1487 771 1538 ἔσται
807 1488 931 1555 φησὶ
967 1492 1028 1557 τῷ
1056 1488 1209 1556 Κυρίῳ.
1264 1487 1431 1536 οὐκοῦν
1456 1485 1720 1551 διαλέγεται
1750 1484 1835 1547 μὲν
1861 1485 1886 1535 ὁ
1910 1504 1956 1541 15

304 1569 566 1638 Προφήτης
600 1571 661 1623 ὡς
696 1570 770 1620 ἐπὶ
805 1573 984 1620 θυσιῶν
1015 1568 1081 1619 ε”τι
1111 1572 1206 1619 τῶν
1233 1566 1352 1618 κατὰ
1386 1566 1469 1618 τὸν
1498 1565 1655 1629 νόμον,
1691 1565 1887 1627 λέβητάς

305 1673 354 1702 τε
392 1654 467 1702 καὶ
507 1652 686 1720 ἕψησιν
724 1653 798 1702 καὶ
837 1649 943 1704 τοῦς
981 1649 1263 1721 θυσιάζοντας
1303 1648 1528 1715 ὀνομάζει,
1568 1648 1801 1712 νοήσομεν
1840 1647 1888 1698 δὲ

304 1732 577 1799 πρεπόντως
603 1733 730 1797 ἡμεῖς
756 1737 851 1786 τοῖς
875 1731 951 1783 διὰ
975 1736 1193 1797 Χριστοῦ
1219 1735 1391 1797 καιροῖς
1419 1732 1493 1781 καὶ
1528 1733 1586 1797 τῇ
1620 1730 1730 1796 παρ’
1757 1730 1889 1794 ἡμῶν

304 1815 353 1865 ἐν
399 1814 640 1878 Πνεύματι
685 1815 943 1882 τελουμένῃ
992 1814 1202 1882 λατρεία.
1282 1816 1582 1876 οἰκονομικῶς
1633 1811 1686 1862 δέ
1732 1816 1889 1879 φαμεν

305 1897 567 1965 α’συμφανῆ
610 1896 851 1962 γενέσθαι,
893 1898 967 1947 καὶ
1013 1897 1067 1947 οὐ
1104 1899 1254 1947 πᾶσιν
1294 1896 1460 1948 ἁπλῶς
1499 1893 1757 1956 ἐκκείμενον
1795 1897 1889 1944 τῶν
1910 1913 1959 1938 20

306 1979 453 2043 ἁγίων
487 1983 748 2047 προφητῶν
782 1977 863 2029 τὸν
895 1978 1055 2044 λόγον,
1086 1978 1161 2028 ἵνα
1198 1976 1263 2040 μὴ
1301 1976 1544 2040 βάλληται
1581 1973 1699 2041 πρὸς
1737 1975 1890 2026 αὐτῶν

305 2060 364 2111 τὰ
390 2058 500 2126 ἅγια
524 2064 620 2114 τοῖς
647 2061 770 2123 κυσὶ,
787 2059 902 2124 μήτε
928 2058 1021 2123 μὴν
1041 2063 1136 2112 τοῖς
1162 2057 1388 2123 βεβήλοις
1413 2060 1489 2108 καὶ
1515 2055 1890 2124 βδελυρωτάτοις

304 2143 330 2193 ὁ
354 2142 512 2207 μόνοις
536 2141 729 2209 πρέπων
754 2142 903 2208 ἁγίοις
928 2141 1267 2193 ἐκκαλύπτοιτο
1294 2140 1455 2206 λόγος.

310 2337 379 2379 Καὶ
424 2339 499 2379 οὐκ
543 2337 661 2379 ἔσται
705 2333 943 2377 Χαναναῖος
986 2336 1062 2377 οὐκ
1105 2335 1167 2377 ἔτι
1207 2336 1251 2376 ἐν
1291 2336 1352 2390 τῷ
1394 2331 1503 2389 οἷ’κῳ
1541 2332 1690 2391 Κυρίου
1734 2347 1889 2374 Παντο-

374 2422 583 2479 κράτοροο
619 2422 663 2462 ὲν
701 2425 752 2480 τῷ
793 2421 931 2479 ἡμέρα
968 2419 1125 2478 ἐκείνῳ.
1909 2428 1957 2466 25

381 2538 569 2606 Σαθρόν
602 2563 651 2591 τε
693 2541 768 2591 καὶ
808 2537 1150 2590 εῦδιὰκλαστον
1184 2541 1279 2589 τῶν
1317 2537 1632 2605 ἀρχαιοτέρων
1665 2534 1748 2587 τὸν
1781 2540 1890 2586 νοῦν

356 2692 387 2715 2.
414 2681 544 2716 ἑαυτοῖς
562 2679 650 2715 B.C.
669 2679 705 2714 ἐν
720 2679 833 2716 αὐτοῖς
851 2678 944 2713 Edd.
964 2678 1072 2723 (AN.
1091 2678 1171 2722 &c.)
1490 2685 1523 2719 5.
1548 2677 1619 2711 τοῖς
1635 2687 1743 2709 manu
1759 2676 1889 2710 recenti

309 2728 586 2772 suprascriptum
606 2727 646 2761 C.
850 2726 902 2760 16.
928 2727 987 2759 τὸν
1004 2731 1225 2769 assumptum
1244 2736 1285 2758 ex
1305 2723 1346 2759 C.
1551 2732 1602 2767 17.
1629 2722 1778 2766 ἕψουσιν
1796 2722 1888 2756 Edd.

310 2774 435 2807 Statim
461 2780 643 2818 assumpta
668 2773 721 2807 καὶ
746 2784 788 2807 ex
815 2772 856 2808 C.
886 2772 964 2808 τοὺς
984 2773 1205 2814 θυσιάζοντας
1227 2783 1268 2805 ex
1289 2771 1382 2805 C.D.
1447 2768 1621 2813 νοήσωμεν
1640 2769 1681 2803 C.
1707 2769 1817 2802 invito
1841 2769 1887 2803 D.

313 2821 365 2854 18.
391 2821 443 2854 καὶ
461 2820 734 2864 τῇ-τελουμένῃ
756 2818 969 2865 [τετιμημένῃ
989 2817 1048 2863 Β.]
1068 2818 1205 2862 λατρείᾳ
1224 2822 1405 2861 assumpta
1422 2828 1461 2850 ex
1483 2815 1620 2849 B.C.D.
1751 2825 1806 2849 20.
1832 2815 1889 2860 ε’γ-

309 2867 457 2909 κείμενον
476 2868 520 2900 D.
678 2877 732 2900 21.
758 2868 929 2909 βάλληται
950 2866 1088 2899 B.C.D.
1105 2865 1251 2908 βάληται
1271 2863 1361 2897 Edd.
1380 2869 1459 2896 ante
1478 2862 1612 2905 Migne.
1768 2872 1822 2895 22.
1848 2862 1888 2895 τὰ

309 2911 386 2956 ἅγια
405 2920 584 2958 assumpta
602 2925 642 2947 ex
662 2912 701 2947 C.
721 2912 848 2946 desunt
866 2913 900 2945 in
921 2912 967 2946 D.
1229 2921 1284 2955 23.
1311 2912 1328 2942 ὁ
1345 2911 1458 2953 μόνοις
1476 2908 1520 2941 D.
1543 2908 1632 2941 Edd.
1651 2909 1777 2950 μονιοῖς
1796 2908 1836 2941 C.
1855 2914 1888 2942 et

310 2959 425 2991 statim
450 2959 695 3004 suprascripsit
717 2961 735 2992 ὁ
757 2971 882 2992 manus
902 2970 1034 2992 recens.
1099 2957 1341 2992 ἐκκαλύπτυιτο
1366 2955 1504 2990 B.G.D.
1531 2954 1775 2997 ἐκκιιλύπτηται
1797 2954 1888 2988 Edd.

311 3013 365 3045 24.
391 3007 435 3048 τῷ
455 3013 674 3050 assumptum
693 3017 734 3039 ex
755 3005 841 3039 B.C.
905 3003 1002 3049 οἴκῳ]
1028 3008 1062 3044 -Ι-
1084 3006 1143 3038 τοῦ
1164 3004 1200 3038 F.
