2028 3356
307 134 364 173 94
699 135 749 177 B.
794 134 1073 176 CYRILLI
1115 133 1499 175 ALEXANDR.
1714 132 1757 173 ii.
1781 145 1821 187 3,
1841 143 1883 182 4.

305 244 474 310 φησὶν,
522 243 561 295 ἐν
603 249 737 314 αὐτῷ,
775 248 872 297 τοῖς
914 247 997 306 τῆς
1040 246 1201 311 ψυχῆς
1239 243 1536 308 ἐγκλήμασιν
1580 240 1884 307 ἐνισχημένον

306 326 441 391 ὁρῶν,
468 327 560 376 οὐδ’
591 325 648 377 ἂν
673 327 894 391 γενοίμην
919 329 985 394 τῷ
1016 328 1177 394 τοιῷδε
1216 326 1528 391 συγγνώμων“
1568 328 1878 386 καταλογιοῦ-

259 417 287 457 d
305 430 387 471 μαι
414 407 463 458 δὲ
487 412 678 471 μᾶλλον
703 407 908 458 ἄπιστον
933 409 1008 458 καὶ
1034 408 1380 475 ἀπηχθημένων.
1435 408 1599 476 ἕψεται
1626 405 1673 457 δὲ
1699 404 1884 458 πάντως

304 493 372 559 τῷ
405 488 491 553 τὴν
522 488 746 553 ἀλήθειαν
783 494 878 542 τοῖς
915 490 1041 551 ἐμοῖς
1078 491 1463 556 ἐπιμαρτυροῦντι
1506 487 1681 555 λόγοις,
1716 486 1770 538 τὸ
1809 489 1884 537 καὶ

304 575 352 622 ἐν
378 572 560 640 μεθέξει
591 571 708 638 ζωῆς
739 571 973 636 γενέσθαι,
999 574 1071 622 καὶ
1101 578 1238 622 τοῦτο
1264 572 1403 638 γέρας
1428 577 1524 625 τοῖς
1550 576 1720 635 τιμῶσι
1745 568 1882 631 Θεὸν,
1905 589 1927 627 5

305 656 381 705 καὶ
411 653 561 704 καλὸν
598 654 773 707 εὐνοίας
807 654 1033 722 ὀψώνιον.
1095 653 1213 705 ὅσον
1243 654 1327 717 μὲν
1362 655 1443 705 οὖν
1473 654 1580 719 ἧκεν
1610 654 1671 707 ε’ίς
1709 676 1763 719 γε
1801 652 1884 703 τὸν

305 739 386 799 τῆς
422 736 631 801 ἱστορίας
665 735 827 801 λόγον,
858 736 1014 803 Κύρος
1051 736 1109 801 ἧν
1140 738 1165 787 ὁ
1190 737 1473 800 Καμβύσου,
1501 738 1605 802 περὶ
1644 736 1696 786 οὗ
1735 738 1885 804 φησὶν

305 817 377 869 {izv
411 820 626 892 νστερήσ-ῃ,
663 819 883 886 ὑπόμεινον
919 821 1059 870 αὐτόν.
1127 818 1219 870 εἷλε
1255 818 1347 885 γὰρ
1372 818 1465 870 εἷλε
1491 818 1576 882 τὴν
1602 822 1885 880 Βαβυλῶνα,

305 901 713 968 συγκαταδῃώσας
739 902 855 969 αὐτῇ
880 904 954 952 καὶ
980 901 1064 956 τὰς
1089 903 1244 967 ἑτέρας
1268 903 1443 955 πόλεις.

372 981 534 1033 ‘'Ooov
560 983 608 1033 δὲ
643 984 701 1033 αὖ
727 983 844 1049 πρὸς
870 983 1043 1049 λόγους
1073 984 1178 1038 τοὺς
1204 984 1457 1048 μυστικοὺς
1488 986 1563 1034 καὶ
1597 987 1658 1038 εἷς
1691 982 1880 1051 ἀφήγη-
1910 1008 1956 1033 ιο

266 1085 289 1113 e
306 1087 387 1115 σιν
413 1064 500 1129 τὴν
524 1064 849 1130 πνευματικὴν,
878 1067 1023 1134 φαίην
1050 1065 1106 1117 ἂν
1139 1067 1210 1117 ὅτι
1248 1069 1352 1133 περὶ
1390 1072 1472 1117 τοῦ
1509 1065 1699 1117 πάντων
1725 1068 1884 1129 Σωτῆ-

305 1169 386 1213 ρος
412 1151 628 1214 Χριστοῦ
664 1150 798 1199 νοοῖτ’
827 1148 885 1199 ἂν
910 1149 1097 1203 εἰκότως
1131 1155 1225 1200 τῶν
1258 1151 1572 1215 προκειμένων
1610 1149 1637 1211 ἡ
1676 1147 1882 1210 δύναμις.

83 1242 221 1317 ἐκροαὶ.
305 1228 444 1284 αὐτὸς
485 1230 578 1297 γάρ
623 1232 754 1281 ἐστιν
787 1232 855 1282 “ὁ
890 1230 973 1295 ῶν,
1015 1233 1039 1282 ὁ
1080 1231 1156 1297 ἧν,
1194 1234 1218 1284 ὁ
1260 1232 1545 1300 ἐρχόμενος,”
1580 1254 1654 1282 και
1694 1230 1765 1281 ότι
1802 1254 1886 1292 μεν

108 1311 114 1318 ’
304 1313 537 1378 παρέσται
577 1313 694 1364 κατὰ
728 1314 910 1379 καιροὺς
944 1316 969 1365 ὁ
1001 1319 1095 1365 τῶν
1134 1316 1279 1379 ἁγίων
1321 1319 1581 1381 προφητῶν
1620 1335 1885 1379 προαναπε-

305 1395 491 1462 φώνηκε
535 1394 693 1461 λόγος.
761 1396 832 1448 ὅτι
873 1396 920 1448 δὲ
965 1399 1223 1465 ἀφιγμένος
1265 1399 1546 1464 ἀνατρέψειν
1589 1396 1758 1459 ε”μελλε
1802 1400 1884 1446 τοῦ
1909 1416 1954 1453 ¹5

305 1477 534 1537 διαβόλου
571 1478 625 1529 τὸ
664 1479 845 1544 κράτος,
873 1482 948 1531 καὶ
983 1479 1068 1543 τὴν
1093 1482 1290 1531 ἀνοσίαν
1318 1483 1391 1531 καὶ
1417 1480 1628 1543 βέβηλον
1653 1483 1746 1529 τῶν
1781 1480 1883 1529 δαι-

305 1559 477 1623 μονίων
513 1560 702 1624 πληθὺν
739 1565 820 1625 τῆς
865 1561 972 1613 καθ’
1012 1563 1143 1626 ἡμῶν
1181 1563 1406 1632 ἐξελάσαι
1444 1562 1731 1630 πλεονεξίας,
1762 1583 1882 1626 προ-

85 1656 171 1690 534
191 1654 242 1689 A.
268 1643 674 1713 ιικεχρησμῴδηκε
712 1643 796 1708 μὲν
837 1646 1043 1710 ἐναργῶς
1087 1645 1140 1695 τὸ
1183 1644 1378 1711 γράμμα
1416 1644 1469 1695 τὸ
1512 1644 1646 1710 ἱερὸν,
1682 1643 1796 1707 αὐτὴ
1840 1642 1887 1694 δὲ

307 1724 476 1776 λοιπὸν
523 1731 618 1777 τῶν
666 1727 1008 1793 πεπραγμένων
1058 1728 1086 1791 ἡ
1135 1728 1328 1788 ἔκβασις
1385 1728 1674 1792 αὐτόμαρτυς
1725 1725 1887 1790 εἰσβή-

85 1821 193 1870 §upra
308 1831 458 1872 σεται,
489 1807 618 1872 πλὴν
655 1814 759 1863 “eis
795 1810 980 1875 καιρὸν”
1021 1811 1048 1873 ἡ
1083 1810 1424 1876 προάγγελσις.
1485 1811 1533 1860 ἐν
1571 1809 1664 1874 γὰρ
1699 1809 1888 1874 ἡμέραις
1908 1834 1956 1858 20

83 1872 162 1903 11‘3'
307 1891 531 1958 ἐσχάταις
583 1898 665 1943 τοῦ
709 1893 942 1957 παρόντος
992 1896 1156 1946 αἰῶνος
1194 1893 1471 1960 ἐπέλαμψεν
1522 1893 1547 1942 ὁ
1597 1890 1886 1957 Μονογενὴς,

307 1975 383 2024 καὶ
415 1975 440 2024 ὁ
475 1973 558 2037 μὲν
596 1973 996 2037 ὑποστειλάμενος,
1035 1976 1111 2025 καὶ
1149 1974 1234 2038 τὴν
1269 1979 1331 2028 εἰς
1365 1974 1508 2025 αὐτὸν
1541 1976 1705 2026 πίστιν
1736 1976 1884 2035 ἀβου-

308 2055 488 2106 λότατα
525 2055 883 2122 παρωσάμενος,
921 2058 1268 2123 προσκέκρουκε
1308 2061 1373 2127 τῷ
1408 2061 1516 2127 Θεῷ
1554 2060 1630 2108 καὶ
1671 2061 1764 2107 τῶν
1803 2058 1882 2108 οὐ-

307 2138 478 2204 ρανίων
515 2139 745 2204 ἄγευστος
779 2140 1019 2202 ἀπέμεινεν
1057 2142 1263 2204 ἀγαθῶν,
1298 2140 1389 2209 ἔξω
1427 2163 1476 2191 τε
1517 2142 1599 2203 τῆς
1639 2143 1759 2204 ἱερᾶς
1794 2144 1889 2189 τῶν

264 2228 291 2267 b
309 2220 456 2286 ἁγίων
480 2221 693 2285 πληθύος
731 2222 1089 2285 ἀπεληλαμενος
1127 2244 1304 2287 γεγονε,
1331 2221 1450 2273 κατὰ
1479 2222 1560 2273 τὸν
1586 2228 1669 2272 τοῦ
1694 2221 1880 2289 προφή-
1908 2247 1956 2285 25

86 2319 201 2393 3³·qu
308 2326 392 2354 του
417 2303 566 2368 λόγον
598 2311 625 2333 “
642 2306 704 2358 ὡς
729 2305 757 2367 ἡ
783 2304 926 2370 ἀγρία
950 2327 1120 2370 μυρικη
1147 2305 1174 2368 ἡ
1202 2307 1249 2356 ἐν
1275 2309 1332 2373 τῇ
1358 2305 1526 2374 ἐρήμω,
1553 2303 1582 2368 ἢ
1610 2305 1692 2355 οὐκ
1719 2304 1888 2373 ὄψεται

133 2374 164 2393 ll·
203 2388 211 2395 0

358 2432 387 2455 Ι.
414 2421 464 2455 ἐπ’
478 2433 540 2467 pro
558 2421 594 2455 ἐν
612 2421 658 2456 D.
816 2423 892 2456 1-8.
918 2423 1214 2466 τοῖς-ὑπόμεινον
1230 2422 1384 2468 αὐτον]
1367 2439 1385 2456 ο
1406 2423 1466 2466 μὲν
1482 2422 1547 2467 γὰρ
1564 2437 1640 2466 περι
1658 2423 1717 2458 τὰς
1733 2422 1787 2457 ὑπ
1807 2423 1888 2467 ἐμοῦ

306 2468 481 2512 γινομένας
497 2468 704 2514 προρῥήσεις
723 2468 908 2514 ἀμφιβόλῳ
930 2471 1102 2514 χρώμενος
1118 2472 1243 2515 γνώμῃ
1261 2472 1319 2514 τῆς
1336 2470 1415 2513 ε’μῆς
1433 2470 1626 2513 κηδεμονίας
1643 2470 1788 2513 ἀνάξιος·
1815 2472 1832 2503 ὁ
1851 2470 1887 2504 δέ

306 2517 377 2550 τοῖς
394 2514 448 2549 ὑπ’
467 2516 548 2559 ἐμοῦ
566 2516 762 2561 λεγομένοις
777 2515 948 2550 πιστεύων
966 2517 1018 2550 καὶ
1036 2532 1075 2560 τῃ
1094 2518 1209 2551 πίστει
1226 2518 1433 2561 πρόσφορον
1457 2519 1699 2561 μετερχόμενος
1723 2517 1812 2557 βίον,
1830 2518 1888 2551 τὸν

307 2563 366 2605 τῆς
383 2563 465 2605 ζωῆς
481 2562 643 2607 τρυγήσει
661 2564 800 2607 καρπόν.
834 2566 936 2597 ταῦτα
950 2564 1060 2598 τοίνυν
1073 2564 1294 2607 επιστάμενος
1307 2567 1440 2607 σαφῶς,
1454 2563 1548 2606 δεξιιι
1563 2564 1603 2597 τὰ
1606 2578 1693 2621 περι
1706 2566 1765 2597 τοῦ
1778 2566 1888 2603 Βαβυ-

308 2609 430 2643 λωνίου
448 2624 505 2644 σοι
529 2609 786 2654 προδηλοὺμενα
804 2610 837 2653 (e
854 2610 989 2644 Theod.
1008 2610 1051 2644 ad
1069 2611 1135 2645 loc.
1141 2613 1152 2654 )
1171 2626 1223 2645 και
1248 2611 1465 2654 υστερίζοντα
1483 2610 1582 2644 αυτὸν
1600 2611 1788 2654 ὑπιμμεινον
1815 2613 1843 2644 εἱ
1872 2625 1887 2644 ε

308 2656 374 2699 γὰρ
391 2656 451 2699 τὴν
468 2656 520 2701 (8.
525 2656 541 2701 )
562 2657 608 2691 D.
704 2658 736 2690 6.
756 2657 824 2701 ἥκει
845 2657 935 2691 Edd.
985 2672 1024 2702 γε
1041 2669 1111 2691 orn.
1132 2658 1174 2691 B.
1271 2669 1303 2702 9.
1322 2655 1452 2702 ετερας]
1472 2658 1593 2692 λοιπὰς
1612 2657 1658 2691 D.
1758 2668 1810 2691 11.
1821 2672 1888 2715 την

309 2714 379 2735 om.
394 2702 439 2736 D.
540 2714 592 2737 12.
612 2703 711 2737 νοοῖτ’
725 2702 831 2747 ἂν-ἷ]
850 2703 890 2738 δύ
878 2703 1003 2762 ννναμις]
1023 2704 1075 2738 δεῖ
1090 2704 1283 2747 νοεῖν-την
1301 2704 1438 2747 δύναμιν
1456 2703 1501 2737 D
1517 2704 1587 2738 inv.
1606 2704 1640 2738 b.
1741 2715 1794 2748 13.
1813 2705 1830 2735 ὁ
1849 2703 1888 2746 ἠν

310 2762 424 2793 ερχι
425 2764 523 2792 μενος
536 2750 581 2784 D.
586 2750 619 2785 b.
638 2766 691 2784 και
709 2752 726 2785 ὁ
743 2766 782 2794 ην
799 2766 852 2785 και
869 2753 887 2785 ὁ
905 2752 965 2796 ε’ρχ
971 2751 1021 2786 ,F
1025 2751 1084 2786 dd.
1203 2761 1256 2794 15.
1272 2749 1477 2795 ἀνατρέψειν
1490 2750 1534 2783 Ι).
1547 2750 1777 2795 ἀνάστρεψειν
1796 2750 1886 2784 E.dd

315 2794 368 2828 16.
394 2795 558 2839 δαιμόνων
575 2797 623 2832 D.
642 2797 733 2832 Edd.
889 2809 942 2843 19.
967 2799 1094 2842 μάρτυς
1112 2797 1204 2833 Edd.
1348 2809 1402 2831 21.
1431 2797 1633 2842 ἐπέλαμψεν
1652 2798 1697 2831 D.
1717 2797 1809 2840 εξελ.
1828 2797 1886 2832 iid.

311 2884 366 2907 22·
393 2874 522 2913 (ῑΒουλό
505 2891 605 2910 οτατα
625 2878 666 2912 B.
685 2878 924 2915 αβόυλοτάτως
941 2858 1094 2922 (ἀβουλο
1116 2879 1177 2921 D.)
1196 2879 1242 2912 D.
1263 2876 1354 2911 Edd.
1509 2889 1563 2923 23.
1589 2877 1816 2922 παραθέμενος
1841 2877 1887 2911 Ι).

309 2922 567 2964 παρωθούμενος
586 2924 614 2957 Ε
618 2924 676 2958 dd.
837 2936 891 2967 25.
918 2928 978 2959 τοῦ
993 2925 1190 2970 προφήτου]
1209 2924 1415 2971 προφητείας
1432 2923 1490 2959 ild.
1672 2926 1726 2958 26.
1754 2924 1772 2967 ἡ
1791 2925 1888 2969 prius

309 2974 530 3013 assumptum
548 2982 588 3003 ex
610 2970 649 3005 B.
656 2971 701 3005 D.
751 2971 850 3017 ἀγρία
867 2973 987 3017 μιρίκη
1006 2972 1109 3007 habet
1127 2972 1173 3006 D.
