1997 3361
88 162 142 202 iii.
165 162 285 204 8—10.
542 164 613 204 IN
656 165 915 206 NAHUM.
977 165 1124 206 '1¹OM.
1166 165 1199 204 Ι.
1601 171 1652 208 57

86 273 215 323 ἐστιν
252 272 600 342 Ἀλεξάνδρεια.
668 280 709 326 οἱ
748 276 795 326 δὲ
833 276 1134 342 συνασπίζειν
1171 276 1540 342 ἐπηγγέλλοντο,
1577 280 1689 328 mia
1718 297 1806 330 509
1825 296 1873 329 A.

85 355 344 414 ἀποσοβεῖν
368 355 570 410 εὐκόλως
597 357 825 408 δύνασθαι
851 357 955 412 τοὺς
983 358 1328 420 Βαβυλωνίους,
1356 361 1429 408 καὶ
1456 359 1652 425 γεγόνα-

84 458 165 486 σιν
190 437 381 505 ἀφορμὴ
403 443 497 492 τοῖς
521 439 577 507 ἐξ
593 439 791 505 Ἰσραὴλ
818 447 899 491 τοῦ
926 442 1133 507 νομίζειν,
1154 441 1223 491 ὅτι
1250 440 1334 491 κᾶν
1361 444 1396 491 εἷ
1423 441 1487 505 μὴ
1511 442 1652 508 σώζοι

85 517 217 581 Θεὸς,
243 520 371 569 αὐτοὶ
396 519 512 586 πρὸς
539 527 674 572 τοῦτο
700 523 966 587 ἀρκέσουσι,
995 522 1224 585 δεηθέντες
1253 522 1448 577 οὐδενός.
1499 523 1653 588 ἐπειδὴ

43 617 64 654 5
87 599 134 651 δὲ
160 601 243 664 τὴν
263 601 490 653 Ἰουδαίαν
516 604 540 653 ὁ
561 604 992 671 Ναβουχοδονόσορ
1013 604 1121 667 εἷλε,
1143 609 1265 655 Θεοῦ
1284 606 1654 672 προασπίζοντος

86 686 159 732 καὶ
186 684 598 749 ὑποστρωννύντος
624 687 747 754 αὐτῷ
772 685 877 740 τοὺς
904 686 1260 750 ἀνθεστηκότας,
1283 688 1512 755 κεχώρηκε
1537 688 1654 751 μετὰ

85 771 221 816 τοῦτο
271 769 344 815 καὶ
390 765 508 816 κατὰ
557 770 638 830 τῆς
684 769 967 832 Αἰγυπτίων,
1014 770 1137 822 θείας
1188 769 1327 819 αὐτὸν
1377 770 1655 835 πεμπούσης

86 847 242 912 ὀργῆς,
270 846 368 898 εἷλέ
387 871 433 899 τε
458 853 635 912 πᾶσαν,
655 852 729 899 καὶ
757 849 899 913 αὐτὴν
925 850 972 900 δὲ
998 850 1082 914 τὴν
1099 850 1210 912 ’χΩν,
1231 850 1331 914 ἤτοι
1352 851 1435 915 τὴν
1452 854 1650 920 Ἀμμών·

87 929 335 992 ὠνόμαστο
361 930 452 996 γὰρ
481 932 600 981 οὕτω
627 931 743 981 κατὰ
775 931 971 997 καιροὺς,
999 934 1059 985 ὡς
1085 931 1221 1000 ἔφην,
1251 933 1278 996 ἡ
1306 934 1652 1002 Ἀλεξάνδρεια·
1672 943 1698 984 b

7 1010 112 1075 v10⁷⁶]
151 1011 207 1076 δὴ
246 1015 319 1062 καὶ
357 1012 570 1076 μάλιστα
610 1011 738 1077 παρὰ
776 1013 859 1066 τὰς
896 1014 1051 1067 ἄλλας
1094 1018 1176 1078 τῆς
1214 1014 1456 1080 Αἰγύπτου
1493 1015 1654 1070 πόλεις

84 1092 280 1160 λαμπρά
317 1117 366 1144 τε
404 1093 460 1158 ἦν
504 1095 636 1160 ἄγαν,
670 1095 853 1146 ἄσυλόν
896 1119 944 1146 τε
984 1098 1057 1146 καὶ
1100 1096 1318 1163 ἀσφαλὲς
1361 1098 1653 1165 ὁρμητήριον,

83 1175 228 1226 διάτοι
259 1175 312 1226 τὸ
348 1178 486 1227 ὕδασι
525 1180 740 1244 πανταχῆ
773 1176 1033 1243 διεζῶσθαι,
1061 1181 1136 1229 καὶ
1172 1181 1221 1230 ἐκ
1258 1178 1343 1242 μὲν
1373 1182 1536 1246 μοίρας
1574 1185 1654 1244 τῆς

81 1258 372 1324 βορειοτέρας
397 1259 514 1326 ἔχειν
530 1258 614 1323 τὴν
631 1260 901 1322 θάλασσαν,
917 1263 966 1311 ἐκ
993 1260 1040 1311 δὲ
1059 1264 1141 1324 τῆς
1165 1264 1225 1315 εἷς
1244 1262 1379 1312 νότον
1406 1263 1581 1328 εὐρεῖάν
1606 1287 1654 1314 τε

83 1341 158 1390 καὶ
189 1339 373 1407 μακρὰν
404 1343 478 1392 καὶ
514 1340 610 1392 οἷον
641 1342 800 1409 ἑτέραν
824 1342 1096 1406 θάλασσαν,
1123 1343 1293 1407 λίμνην
1320 1343 1376 1408 δὴ
1410 1344 1536 1410 λέγω
1569 1345 1655 1409 τὴν

17 1443 62 1481 15
84 1422 373 1488 Μαριώτιδα,
404 1429 744 1491 πεπυργῶσθαι
782 1425 830 1476 δὲ
864 1427 938 1476 καὶ
974 1425 1143 1492 ἑτέροις
1172 1431 1398 1489 ποταμοῖς
1437 1429 1511 1477 καὶ
1548 1438 1654 1478 τελ-

79 1502 241 1568 μάτων
282 1511 566 1572 περιβολαῖς.
630 1506 863 1571 ε’πήμυνον
907 1506 954 1558 δὲ
996 1509 1112 1576 αὐτῇ
1156 1510 1231 1559 καὶ
1275 1512 1315 1559 οἱ
1361 1511 1442 1572 τῆς·
1481 1508 1653 1575 ὁμόρου

81 1586 254 1650 Λιβύης
293 1587 537 1655 οἰκήτορες,
576 1589 946 1656 παρατεινούσης
983 1591 1118 1658 μέχρι
1152 1593 1233 1654 τῆς
1266 1589 1504 1642 Αἰθιόπων
1542 1596 1647 1657 γῆς,
1670 1617 1691 1643 ο

81 1673 162 1734 τῆς
189 1671 306 1737 πρὸς
337 1674 540 1739 ἑσπέραν
570 1677 645 1725 καὶ
674 1673 824 1725 νότον·
865 1675 1166 1742 Γαράμαντες
1197 1673 1247 1725 δὲ
1285 1675 1422 1737 οὗτοι,
1457 1676 1652 1728 κατόπιν

81 1751 386 1820 τῆς·”Αφρων
417 1757 610 1818 κείμενοι
643 1760 744 1822 γῆς·
791 1758 1141 1824 συνωπλίζοντο
1176 1757 1223 1808 δὲ
1259 1760 1335 1808 καὶ
1369 1763 1462 1809 τῶν
1494 1763 1555 1812 εἷς
1584 1761 1652 1823 ἠῶ

16 1856 64 1879 20
84 1835 157 1884 καὶ
188 1835 322 1887 νότον
350 1837 588 1889 Αἰθιόπων
622 1838 751 1902 τινες,
778 1839 821 1890 οἳ
847 1839 1041 1905 Μερόην
1065 1862 1115 1890 τε
1146 1839 1230 1904 τὴν
1255 1840 1476 1891 ἐσωτάτω
1510 1840 1653 1892 πόλιν

82 1922 332 1979 ποιοῦνται,
358 1921 432 1969 καὶ
459 1921 625 1987 ἀγρίαν
648 1923 722 1972 καὶ
747 1920 974 1984 μέλαιναν
999 1921 1329 1983 κατανέμονται
1355 1925 1459 1988 γῆν.

155 1997 296 2049 Ἀλλ’
323 1998 410 2050 ὧδε
431 2002 515 2065 μὲν
541 2004 647 2067 ἡμῖν
673 2005 698 2054 ὁ
722 2007 802 2068 τῆς
838 2004 1045 2071 ἱστορίας
1079 2005 1221 2072 ἐχέτω
1257 2003 1413 2070 λόγος,
1438 2005 1575 2069 ’ίωμεν
1602 2003 1650 2054 δὲ

80 2079 169 2144 ἤδη
194 2079 312 2147 πρὸς
336 2083 628 2152 διασάφησιν
653 2088 735 2150 τῆς
762 2088 935 2140 ἐννοίας
959 2092 1052 2137 τῶν
1077 2087 1364 2153 ἐγκειμένων.
1413 2089 1655 2154 {milhma-ccl

81 2167 204 2231 φησι
236 2161 408 2232 μερίδα,
447 2165 604 2230 ὅμοιον
639 2170 749 2218 ὡσεὶ
788 2168 918 2234 λέγοι
948 2167 1015 2219 ςΩ
1053 2170 1196 2219 ἀθλία
1231 2169 1404 2227 Νινευῒ,
1442 2168 1650 2236 ἐπίλεξαι

14 2267 62 2304 25
80 2242 237 2314 μερίδα
287 2250 454 2315 σαυτῇ·
510 2248 664 2313 ἐπειδὴ
705 2249 798 2316 γὰρ
845 2250 968 2315 μέγα
1014 2250 1328 2319 πεφρόνηκας,
1371 2250 1450 2301 οἴει
1492 2273 1541 2301 τε
1580 2250 1649 2300 ὅτι

79 2327 233 2392 πάντη
277 2352 325 2380 τε
366 2332 441 2380 καὶ
484 2329 670 2384 πάντως
711 2331 972 2397 ἀπόρθητος
1022 2333 1109 2401 ε”σῃ
1154 2333 1228 2383 διά
1266 2356 1337 2383 τοι
1380 2331 1432 2383 τὸ
1473 2339 1690 2396 τεὶχεσιᾶ

127 2517 160 2552 3.
187 2505 215 2539 εἶ
233 2517 302 2540 om.
322 2505 367 2540 D.
417 2507 517 2549 σώζει
535 2505 626 2540 Edd.
948 2517 980 2550 5.
1007 2507 1079 2542 εἷλε
1098 2514 1177 2542 ante
1194 2509 1254 2552 τὴν
1270 2508 1369 2542 Ἰουδ.
1389 2509 1583 2553 transponit
1601 2509 1647 2543 D.

80 2553 344 2595 συνασπιζοντος
362 2553 408 2586 D.
561 2562 592 2598 7.
618 2553 806 2598 Αἰγυπτίων
825 2553 867 2587 Β.
886 2554 1055 2599 Αἰγύπτου
1074 2556 1120 2589 D.
1138 2555 1197 2589 iifl.
1339 2556 1372 2589 8.
1397 2554 1469 2588 εἷλε
1484 2570 1520 2589 τε
1535 2557 1649 2590 πᾶσαν

79 2600 133 2633 καὶ
150 2599 251 2642 αυτὴν
268 2600 304 2633 δέ
320 2600 379 2643 τὴν
386 2598 470 2645 Ων]
490 2598 561 2634 εἷλε
580 2600 616 2634 δέ
639 2601 690 2633 καὶ
715 2601 816 2643 αὐτὴν
840 2601 976 2636 ἅπασαν
997 2602 1056 2645 τὴν
1078 2603 1122 2635 ὢν
1147 2602 1193 2636 D.
1222 2607 1274 2646 Ωγ
1297 2613 1360 2646 pro
1384 2601 1483 2646 Ων(ῑ
1473 2601 1536 2646 ic)
1555 2602 1646 2636 Edd.

78 2646 138 2689 τὴν
155 2647 213 2680 alt.
230 2650 452 2690 assumptum
469 2658 511 2680 ex
530 2647 576 2681 D.
625 2646 772 2680 Statim’
776 2649 900 2690 Αμμὼν
918 2648 964 2682 D.
981 2648 1093 2692 Ἀμὼν
1109 2648 1201 2682 Edd.
1314 2659 1365 2682 11.
1391 2647 1446 2693 ἦν]
1473 2654 1504 2685 4-
1528 2650 1580 2682 καὶ
1599 2649 1645 2683 D.

82 2704 136 2726 12.
161 2707 334 2737 πανταχου
351 2693 639 2736 11ᾶ.διεζῶσθαι
657 2700 734 2727 ante
751 2696 904 2738 πανταχῆ
923 2700 1053 2740 transp.
1074 2695 1120 2728 D.
1312 2706 1364 2739 13.
1390 2709 1448 2738 την
1465 2695 1646 2730 θάλασσαν

78 2739 169 2784 ἔχειν
184 2739 320 2773 inverso
338 2739 457 2773 ordine
475 2740 521 2774 D.
571 2739 668 2785 εἰριν
684 2740 777 2774 Aub.
796 2741 852 2784 εἰρ
856 2756 893 2784 ην
911 2740 1012 2774 Pont.
1389 2753 1441 2784 14.
1467 2740 1523 2787 δὴ]
1545 2742 1580 2776 δὲ
1598 2743 1646 2777 D.

82 2794 136 2830 15.
160 2786 344 2829 μαριώτιδα
363 2786 404 2820 Β.
422 2787 582 2829 μαιώτιδα
600 2786 677 2831 (sic)
697 2787 742 2820 D.
763 2755 961 2831 Μαρρεώτιδα
979 2787 1070 2821 Edd.
1320 2799 1373 2822 20.
1398 2789 1528 2832 μερώην
1544 2804 1580 2822 τε
1599 2789 1643 2823 D.

79 2832 251 2876 εσωτάτην
268 2832 326 2866 iid.
378 2832 502 2867 Statim
526 2836 697 2868 ποιοῦνται
722 2835 821 2867 πόλιν
846 2834 915 2868 inv.
942 2833 1062 2868 ordine
1081 2834 1318 2868 D.0Z1<01311rac
1343 2846 1406 2879 pm
1430 2838 1601 2869 ποιοῦνται
1626 2848 1644 2870 e

80 2890 144 2912 suo
162 2879 296 2923 Migne.
599 2892 653 2925 23.
680 2881 806 2916 ἐννοίας
822 2884 887 2914 τῶν
903 2880 1114 2926 ἐγκειμένων]
1135 2885 1200 2914 τῶν
1215 2894 1437 2924 προκειμενων
1453 2882 1579 2917 ἐννοίας
1598 2882 1643 2916 D.

79 2924 272 2979 ἐτοίμασαι]
295 2930 331 2966 -1-
353 2926 389 2959 δέ
407 2926 498 2960 Edd.
516 2927 633 2961 invitis
652 2927 694 2961 B.
700 2927 745 2962 D.
966 2936 1020 2971 25.
1047 2927 1207 2972 σαυτῆ]
1191 2929 1289 2970 εαυτῇ
1310 2928 1355 2962 D.
1403 2930 1534 2972 μεγάλα
1552 2928 1644 2963 Edd.

78 2970 164 3016 μέγα
182 2979 259 3016 post
275 2974 490 3018 πεφρόνηκας
507 2980 637 3019 tlansp.
659 2974 704 3008 D.
858 2973 912 3007 26.
940 2989 972 3008 τε
992 2975 1095 3018 πάντη
1114 2986 1175 3019 Plo
1193 2989 1228 3008 π.
1247 2989 1282 3007 τε
1301 2975 1346 3009 D.
1396 2990 1445 3010 τοι
1464 2988 1532 3010 om.
1553 2975 1599 3009 D.

136 3041 228 3069 VOL.
252 3042 298 3070 Π.
876 3044 890 3069 Ι
