1997 3361
89 150 113 190 i.
147 151 204 188 ¹6.
477 154 545 194 ΙΝ
591 156 1002 197 ΖΑΟΙΙΛΙΗΑΜ.
1065 157 1215 197 TUM.
1256 157 1285 195 l.
1583 159 1663 195 5397

85 258 281 322 τηκότας
315 262 339 311 ὁ
378 267 470 313 τῶν
504 264 630 316 ὅλων
665 267 798 328 Θεὸς,
839 271 912 318 καὶ
950 268 1243 334 συμμέτρους
1282 268 1390 331 ἡμῖν
1429 265 1661 333 ἐπιφέρων
1682 294 1701 316 ‹:

85 343 245 404 αἰκίας,
271 341 299 406 ἦ
325 343 506 408 πόνους,
533 353 790 410 μετασοβεῖ
809 349 926 415 πρὸς
952 349 1006 400 τὸ
1034 350 1234 413 ἄμεινον.
1303 353 1344 400 οἰ
1377 348 1423 400 δὲ
1459 347 1515 412 δὴ
1542 347 1662 413 πρὸς

85 428 223 474 τοῦτο
260 430 638 492 παρειλημμένοι,
668 436 990 498 θηριοπρεπῶς
1029 432 1377 498 ε’πιθρώσκουσι
1416 435 1511 484 τοῖς
1548 453 1658 480 παι-

86 506 342 569 δευομένοις
377 510 481 560 ἐσθ’
512 511 601 563 ὅτε.
669 514 779 562 ἀλλ’
823 515 1041 584 ὀργιζεται
1085 513 1205 567 Θεὸς
1243 516 1310 565 ἐπ’
1351 515 1505 567 αὐτοῖς
1544 511 1663 580 ὀργὴν

43 602 64 639 5
84 590 302 655 μεγάλην.
367 592 392 641 ὁ
418 591 501 652 μὲν
532 592 624 659 γὰρ
658 597 719 648 ὡς
750 596 904 661 πατὴρ
931 599 1216 662 ἐπανορθοῦν
1242 601 1340 649 ταῖς
1368 597 1531 648 αἰκίαις
1558 594 1661 658 ἤθε-

85 676 185 720 λεν·
227 674 268 722 οἱ
303 672 350 722 δέ
386 673 513 729 ὅλοις
550 674 710 743 ὥσπερ
745 680 910 731 ἱστίοις
953 681 1026 728 καὶ
1063 678 1218 730 πάντα
1262 678 1464 731 σείοντες
1504 677 1663 727 κοίλων

85 753 302 820 ἀσχέτοις
328 757 491 820 ὁρμαῖς
515 763 609 811 τοῖς
636 758 894 821 κάμνουσιν
917 761 1212 830 ἐπεφέροντο.

148 840 302 887 Τοῦτο
329 840 575 904 παθούσης
600 845 681 905 τῆς
701 843 1004 907 Ἐκκλησίας,
1024 842 1312 907 ἠγνοήκασιν
1340 846 1381 894 οἱ
1409 841 1662 902 διώκοντες,

85 916 155 967 ὅτι
197 918 305 973 τοῦς
349 923 431 984 τῆς
473 927 534 975 εἰς
571 923 713 987 αὐτὴν
757 924 1032 990 ἀγριότητος
1073 927 1321 975 ἀποτιοῦσι
1364 923 1548 987 λόγους,
1588 925 1661 973 καὶ

12 1014 66 1046 ’ῐο
84 1000 252 1067 πικρὰς
277 1002 664 1070 ἐξαιτηθήσονται
693 1007 820 1060 δίκας
846 1006 975 1072 παρὰ
1001 1013 1082 1057 τοῦ
1107 1011 1404 1070 προεστῶτος
1433 1010 1569 1056 Θεοῦ.
1682 1021 1707 1060 ‹l

84 1223 162 1264 Διὰ
206 1228 329 1266 τοῦτο
372 1226 471 1267 τάδε
522 1229 632 1274 λέι-ει
683 1228 830 1284 Κύριος
867 1227 1149 1283 Ἐπιστρὲψο)
1191 1227 1259 1267 ἐπὶ
1294 1227 1578 1282 Ἱερουσαλὲιμ
1618 1226 1662 1266 ἐν
1689 1241 1732 1276 16

153 1306 371 1365 οἰκτιρμῴ,
406 1310 472 1350 καὶ
507 1310 529 1352 ὁ
567 1306 682 1353 οἶκός
720 1326 799 1359 μου
838 1310 1275 1359 ἀνοικοδομΗθύσεται
1311 1311 1354 1351 ἐν
1393 1310 1514 1367 αὐτῷ,
1553 1311 1661 1356 λὲΓει

155 1391 302 1448 Κύριος
340 1395 664 1450 Παντοκράτωρ,
692 1394 759 1434 καὶ
797 1395 950 1451 μέτρον
989 1394 1263 1435 ὲκτεθύσεται
1290 1393 1663 1449 ὲΠίἽε-ῑρουσαλὴμ

151 1476 225 1516 ἔτι.

18 1602 63 1642 15
157 1593 376 1662 Δέδειχεν
421 1594 490 1646 ὅτι
538 1599 761 1646 παθοῦσα
810 1594 895 1659 τὴν
946 1593 1260 1663 ἀποστροφὴν
1301 1599 1382 1644 τοῦ
1422 1592 1662 1659 διασώζειν

84 1676 344 1744 ἰσχύοντος,
370 1676 648 1741 ἀθλιότητός
681 1701 730 1728 τε
769 1679 844 1728 καὶ
883 1678 1202 1741 ταλαιπωρίας
1234 1679 1296 1729 εἰς
1330 1681 1468 1726 τοῦτο
1502 1675 1658 1726 κατώ-

82 1763 263 1821 λισθεν,
291 1758 424 1810 ε”σται
459 1759 506 1810 δὲ
539 1759 686 1811 πάλιν
721 1762 893 1810 ἀκονιτὶ
933 1762 1007 1810 καί
1044 1760 1154 1810 λίαν
1189 1758 1390 1811 εὐκόλως
1422 1758 1470 1808 ἐν
1505 1757 1572 1811 οἷς
1604 1756 1700 1821 ἧνρ

81 1840 247 1903 πάλαι,
299 1842 626 1904 μετατεθέντος
681 1846 742 1896 εἰς
792 1841 1053 1908 ἡμερότητα
1106 1847 1189 1892 τοῦ
1244 1839 1656 1907 παρωργισμένου·

81 1926 228 1987 δῆλον
259 1923 307 1974 δὲ
343 1922 413 1975 ὅτι
447 1930 527 1975 τοῦ
559 1923 715 1975 πάντα
747 1925 994 1990 ἰσχύοντος
1021 1928 1161 1975 Θεοῦ·
1204 1921 1347 1986 μόνον
1374 1921 1422 1972 δὲ
1449 1923 1552 1989 οὐχὶ
1586 1924 1661 1972 καὶ

14 2025 63 2050 20
83 2006 455 2060 ὑπονοστοῦντος
490 2011 552 2060 εἰς
584 2007 740 2069 αὐτὴν,
767 2005 912 2057 διάτοι
946 2011 1029 2057 τοῦ
1063 2005 1209 2057 πάλιν
1240 2006 1443 2074 ἀξιῶσαι
1476 2006 1662 2070 φειδοῦς

81 2090 157 2139 καὶ
202 2087 404 2155 ἀγάπης,
452 2091 527 2139 καὶ
577 2088 906 2153 ἀμνησικάκως
952 2089 1127 2139 ἀνεῖναί
1174 2091 1215 2138 οἰ
1266 2086 1324 2138 τὰ
1368 2086 1657 2152 ἐγκλήματα.

83 2171 375 2238 ὑπισχνεῖται
420 2169 513 2237 γὰρ
555 2172 630 2221 καὶ
673 2171 756 2222 τὸν
798 2169 914 2222 οἶκον
954 2171 1156 2236 ἐγείρειν,
1197 2171 1272 2220 καὶ
1310 2167 1660 2233 εὐμηκεστάτην

82 2253 356 2321 ἀποφαίνειν
391 2253 475 2317 τὴν
506 2253 807 2322 Ἰερουσαλήμ.
875 2253 1180 2318 ἐμπέπρηστο
1217 2252 1301 2315 μὲν
1339 2250 1432 2316 γὰρ
1476 2251 1500 2300 ὁ
1537 2250 1659 2311 ναὸς,

81 2334 342 2403 καθῄρηντο
375 2336 422 2386 δὲ
454 2338 528 2387 καὶ
560 2334 677 2386 αὐτὰ
710 2334 770 2385 τὰ
800 2337 882 2398 τῆς
911 2334 1094 2388 πόλεως
1129 2334 1272 2400 τείχη,
1300 2336 1362 2386 ὡς
1388 2332 1557 2397 ὀλίγην
1584 2334 1659 2382 καὶ

13 2434 61 2474 25
81 2418 469 2481 συνεσταλμένην
513 2418 714 2481 ὁρᾶσθαι
755 2421 1012 2478 παντελῶς,
1052 2418 1128 2466 καὶ
1166 2414 1497 2481 εὐαριθμήτους
1539 2413 1659 2480 ε”χειν

80 2499 186 2553 τοὺς
227 2499 484 2565 οἰκήτορας.
548 2500 674 2561 ἀλλ’,
710 2501 772 2553 ὡς
811 2498 930 2567 ε”φην
967 2498 1147 2564 ἀρτίως,
1190 2496 1477 2563 ἀνακομίζειν
1516 2495 1697 2560 αὐτὴνξ,
1729 2524 1811 2558 663
1830 2524 1881 2558 A,

127 2676 161 2710 3.
187 2652 417 2711 θηριοπρεπξζς
435 2664 477 2699 Β.
495 2663 600 2698 habet
617 2663 849 2707 θηριοπρεπῶς
868 2661 913 2695 Ι).
1065 2674 1098 2704 4.
1123 2660 1274 2705 ὀργίζετο
1294 2661 1339 2694 D.
1499 2659 1531 2693 6.
1561 2659 1657 2694 Haec

80 2720 331 2755 ὅλοις-κάλων
348 2725 567 2754 accesserunt
584 2731 626 2752 ex
644 2719 690 2752 D.
929 2726 960 2761 7.
986 2715 1204 2761 ἐπιφέρονται
1225 2716 1270 2749 D.
1521 2726 1553 2759 9.
1580 2716 1657 2750 τοὺς

80 2773 302 2811 assumptum
319 2778 360 2800 ex
380 2766 426 2800 D.
483 2766 663 2800 ἀποτιοῦσι
683 2765 728 2798 D.
747 2764 952 2798 ἀποτίσουσι
971 2762 1063 2797 Edd.
1304 2773 1354 2795 10.
1381 2761 1587 2804 ἐξαιτοῦνται
1607 2763 1653 2797 D.

79 2814 329 2857 προεστηκότος
347 2813 392 2847 D.
655 2822 708 2846 12.
735 2812 822 2856 αὐτῷ
842 2810 887 2844 D.
1141 2819 1193 2853 13.
1219 2807 1434 2852 ἐκτεθὴσεται
1454 2808 1495 2842 Β.
1515 2808 1655 2853 (Alex.)

80 2860 192 2894 ἐκταθ.
213 2860 259 2893 D.
278 2859 369 2893 Edd.
389 2859 485 2903 (vat.
503 2860 538 2902 N)
695 2870 746 2899 14.
772 2858 820 2891 ἔτι
838 2856 881 2890 ad
900 2856 1058 2901 Δέδειχεν
1075 2856 1257 2901 conjungit
1276 2855 1321 2889 D.
1477 2856 1529 2889 18.
1554 2871 1655 2900 μετα-

80 2906 230 2942 τεθέντες
247 2905 336 2950 (Sic)
356 2906 402 2940 D.
608 2916 662 2939 21.
689 2905 719 2938 οἱ
738 2910 959 2948 assumptum
977 2915 1018 2936 ex
1039 2902 1131 2936 B.D.
1337 2912 1392 2946 23.
1419 2901 1658 2948 ἐμπέπρηστον

82 2953 175 2986 Aub.
224 2954 303 2988 νεώς
322 2953 366 2986 D.

139 3020 229 3047 VOL.
254 3020 300 3046 11.
819 3016 846 3054 Q
867 3020 891 3057 q
