2028 3356
316 140 398 180 120
706 144 754 184 B.
794 144 1069 184 CYRILLI
1110 145 1498 186 ALEXANDR.
1780 145 1836 184 iii.
1858 156 1895 185 2.

312 253 395 315 τῆς
426 253 620 320 ἀρχαίας
659 255 773 319 ἀρᾶς
807 253 978 318 ἐκείνης
1016 253 1101 319 τὴν
1137 255 1345 319 δύναμιν.
1413 257 1645 308 πέπαυται
1671 255 1718 306 δὲ
1744 256 1792 306 ἐν
1817 255 1901 306 σοί

90 341 174 416 (1³2⁰-
190 342 233 373 iii·
311 356 361 384 τε
386 336 462 384 καὶ
486 334 560 385 διὰ
587 342 676 386 σοῦ
704 335 757 386 τό
785 339 901 400 “1¹73
928 334 1066 387 εἶκαὶ
1101 341 1163 391 εἰς
1197 341 1288 403 γῆν
1322 337 1603 406 ἀπελεύσῃ,”
1631 338 1736 388 καθ’
1766 338 1897 402 ἡμῶν

113 396 132 428 9
312 416 564 483 εἰρημένον.

737 619 813 661 Ἐν
840 621 959 675 μέσῳ
981 620 1056 662 δύο
1083 620 1202 678 ζώων
1231 623 1468 680 Γνωσθύοῌ.

386 747 523 799 Κατὰ
558 749 810 818 διαφόρους
848 750 1047 818 τρόπους
1089 751 1365 818 ἡρμήνευται
1402 750 1540 804 τοῦτό
1577 775 1693 802 τισι.
1760 753 1835 802 καὶ
1870 752 1936 811 65

265 841 292 882 d
309 829 394 894 μὲν
420 831 523 900 ἔφη,
552 833 632 883 δύο
668 837 928 898 κεκλῆσθαι
968 835 1063 905 ζῷα
1101 834 1154 885 τὸ
1196 839 1391 897 Πνεῦμα
1431 836 1505 885 καὶ
1545 833 1627 885 τὸν
1665 833 1795 896 Υἱὸν,
1830 832 1895 884 ὧν

309 917 383 965 καὶ
417 916 454 966 ἐν
487 915 611 986 μία-ῳ
646 917 967 982 γινώσκεσθαι
999 917 1081 968 τὸν
1108 916 1231 968 Θεὸν
1262 920 1338 968 καὶ
1366 917 1573 983 Πατέρα.
1641 915 1817 979 ἀμαθὲς
1846 915 1894 967 δὲ

307 995 433 1062 οἶμαι
471 998 524 1049 τὸ
563 1001 672 1066 τῇδε
709 1004 842 1062 νοεῖν,
877 1002 952 1051 καὶ
993 999 1120 1051 πολὺ
1158 999 1211 1051 τὸ
1248 1001 1404 1064 εὔηθες
1447 1000 1569 1067 ἔχον.
1635 999 1704 1052 τίς
1738 997 1830 1064 γὰρ
1868 999 1893 1049 ὁ

308 1082 454 1150 φάναι
502 1086 707 1145 τολμῶν,
750 1081 820 1133 ὅτι
865 1081 980 1151 ζῷόν
1024 1085 1154 1133 ἐστιν
1192 1083 1220 1147 ἡ
1261 1082 1366 1149 ζωὴ,
1409 1080 1667 1144 τουτέστιν,
1710 1083 1734 1132 ὁ
1779 1079 1894 1135 Υἱὸς

308 1165 408 1228 ἤτοι
447 1164 501 1215 τὸ
542 1168 736 1227 Πνεῦμα
768 1165 822 1216 τὸ
847 1164 1050 1230 ”Αγιον;
1092 1165 1182 1232 ζωὴ
1215 1165 1307 1231 γὰρ
1333 1170 1522 1229 μᾶλλον
1548 1164 1601 1216 τὸ
1629 1165 1893 1232 ζωοποιοῦν,
1917 1191 1963 1216 10

308 1247 408 1317 ζῷον
434 1245 480 1298 δὲ
509 1246 564 1311 δὴ
599 1246 652 1298 τὸ
687 1251 768 1311 τῆς
802 1250 910 1313 παρ’
941 1248 1095 1314 ἑτέρου
1122 1249 1316 1316 μετέχον
1343 1248 1473 1315 ζωῆς.
1543 1250 1719 1299 ἄτοπον
1744 1247 1792 1297 δὲ
1818 1248 1894 1297 καὶ

307 1329 473 1396 ἑτέρως
516 1329 659 1398 μέσον
702 1328 865 1397 ὥσπερ
905 1333 1081 1399 ἀμφοῖν
1124 1336 1330 1382 νοεῖσθαι
1368 1330 1450 1382 τὸν
1494 1329 1705 1395 Πατέρα,
1751 1328 1800 1383 ὅς
1838 1351 1893 1394 γε

308 1417 383 1465 καὶ
416 1419 601 1482 πρῶτος
634 1414 905 1481 ὀνομάζεται
933 1417 1051 1467 κατά
1079 1440 1132 1482 γε
1166 1416 1249 1480 τὴν
1275 1416 1504 1485 σύνταξιν
1529 1419 1610 1479 τῆς
1638 1413 1891 1480 ὁμολογίας·

307 1500 389 1561 τῆς
416 1498 552 1563 ἁγίας
583 1521 631 1549 τε
664 1501 739 1548 καὶ
779 1499 1031 1562 ὁμοουσιόυ
1056 1498 1271 1565 Τριάδος,
1335 1502 1409 1549 καὶ
1449 1500 1502 1549 οὐ
1538 1498 1687 1562 δήπου
1719 1496 1889 1565 φαμὲν,

309 1582 371 1633 ὡς
411 1580 789 1646 προτεταγμένος
830 1580 947 1631 κατὰ
991 1581 1076 1645 τὴν
1116 1580 1291 1645 κλήσιν
1329 1586 1412 1631 τοῦ
1450 1604 1499 1631 τε
1537 1584 1656 1631 Υὶοῦ
1695 1581 1770 1630 καὶ
1808 1584 1891 1629 τοῦ
1914 1599 1959 1637 15

270 1662 597 1726 οΠνεύματος,
647 1662 1007 1732 προύφέστηκεν
1059 1664 1225 1714 αὐτῶν·
1291 1666 1436 1729 λῆρος
1486 1662 1579 1729 γὰρ
1630 1667 1767 1712 τοῦτο
1816 1662 1890 1712 καὶ

307 1745 602 1814 ψευδοέπεια·
648 1747 911 1809 διακείμεθα
956 1746 1002 1797 δὲ
1043 1751 1234 1810 μᾶλλον
1275 1748 1350 1796 καὶ
1391 1745 1780 1807 πεπιστεύκαμεν,
1821 1743 1891 1794 ὅτι

307 1831 381 1879 καὶ
406 1827 647 1879 συναῖδιον
683 1828 775 1895 ἔχει
812 1827 894 1878 τὸν
931 1829 988 1897 ἐξ
1023 1830 1163 1879 αὐτοῦ
1195 1828 1440 1895 πεφηνότα
1469 1828 1640 1892 Λόγον,
1668 1829 1742 1877 καὶ
1768 1824 1837 1889 ἧν,
1865 1825 1890 1877 ὅ

305 1912 452 1970 ἐστιν,
499 1912 551 1961 οὐ
597 1912 704 1977 δίχα
755 1916 837 1960 τοῦ
882 1912 996 1961 ἰδίου
1039 1910 1325 1972 Πνεύματος,
1370 1912 1479 1960 ἀλλ’
1526 1908 1622 1973 ἅμα
1670 1932 1719 1959 τε
1769 1907 1890 1962 Θεὸς

305 1998 471 2043 νοεῖται
513 1994 537 2043 ὁ
581 1991 768 2057 Πατὴρ,
808 1994 882 2042 καὶ
920 1992 1292 2056 συνεισβὲβηκεν
1333 1991 1466 2046 εὐθὺς
1505 1993 1532 2056 ἡ
1573 1992 1768 2060 ὕπαρξις
1807 1996 1889 2041 τοῦ
1910 2013 1958 2038 20

305 2077 359 2126 δι’
395 2075 448 2126 ὅν
489 2077 591 2125 ἐστι
633 2073 814 2140 Πατὴρ,
854 2077 928 2125 καὶ
969 2073 1081 2125 αὐτὸ
1121 2075 1168 2125 δὲ
1207 2074 1260 2125 τὸ
1300 2079 1422 2126 θεῖον
1461 2075 1601 2125 αὐτοῦ
1641 2076 1715 2124 καὶ
1755 2073 1889 2138 ἅγιον

307 2161 515 2221 Πνεῦμα.
581 2156 735 2221 ἐπειδὴ
773 2156 820 2207 δὲ
854 2156 984 2222 πηγή
1019 2180 1087 2210 τις
1122 2155 1284 2223 ὥσπερ
1323 2159 1427 2207 ἐστὶ
1465 2163 1547 2207 τοῦ
1580 2158 1695 2207 ἰδίου
1725 2155 1888 2222 γεννή-

86 2257 174 2290 550
192 2256 241 2291 A.
268 2266 287 2289 a
305 2264 463 2303 ματος,
503 2244 800 2302 οἰκονομικῶς
834 2237 1215 2305 προωνόμασται.
1286 2240 1410 2292 ὅπως
1449 2240 1529 2290 οῦν
1571 2238 1703 2290 ε”σται
1747 2238 1887 2305 μέσος

305 2327 422 2374 Υὶοῦ
460 2324 535 2373 καὶ
573 2321 860 2384 Πνεῦματος,
897 2323 1066 2372 ἐννοεῖν
1105 2323 1186 2373 οῦκ
1218 2322 1322 2390 ἔχω.
1387 2323 1497 2372 ἀλλ’
1535 2323 1722 2387 ἐροῦσιν
1756 2320 1887 2383 ἴσως,

306 2405 425 2456 κατά
465 2429 518 2472 γε
562 2405 616 2455 τὸ
660 2403 791 2466 εἰκὸς,
825 2407 885 2457 ὡς
928 2405 976 2454 ἐν
1018 2403 1147 2474 τόπῳ
1186 2408 1353 2472 χρῆναι
1395 2408 1602 2454 νοεῖσθαι
1642 2402 1696 2453 τὸ
1730 2402 1954 2471 μία-ονΛ5

352 2598 384 2633 5.
412 2588 610 2633 ἡρμήνευται
632 2587 672 2621 Β.
691 2586 902 2632 ἑρμηνεύεται
922 2586 1013 2621 Edd.
1309 2586 1341 2619 8.
1372 2585 1451 2630 ἕχον
1470 2584 1511 2618 Β.
1530 2585 1620 2630 ἔχειν
1639 2584 1684 2618 D.
1703 2585 1773 2628 ἕχει
1792 2583 1884 2618 Edd.

305 2647 338 2680 9.
364 2634 514 2681 τολμῶν]
536 2636 715 2679 δυνάμενος
732 2634 749 2677 ἢ
769 2636 902 2675 τολμῶν
923 2634 967 2667 D.
1018 2635 1036 2667 ὁ
1054 2633 1139 2679 υἱὸς]
1160 2634 1218 2667 τὸν
1235 2633 1306 2667 υἱὸν
1325 2631 1415 2666 Edd.
1623 2642 1674 2664 10.
1700 2630 1718 2674 ἢ
1737 2630 1796 2664 iid.
1845 2632 1884 2665 τὸ

305 2684 400 2727 ἅγιον
416 2695 486 2716 orn.
507 2683 552 2716 D.
746 2692 797 2715 11.
824 2681 863 2724 δὴ
881 2693 950 2714 om.
972 2681 1018 2715 D.
1066 2682 1124 2725 τῆς
1142 2686 1362 2724 assumptum
1380 2690 1421 2712 ex
1441 2678 1486 2711 D.
1688 2689 1739 2711 12.
1766 2679 1883 2720 ὥσπερ

305 2740 374 2762 om.
397 2730 440 2763 D.
512 2744 551 2774 γε
569 2734 790 2773 assumptum
809 2740 851 2761 ex
870 2727 917 2762 D.
1403 2736 1454 2767 14.
1486 2723 1609 2769 δήπου]
1630 2723 1669 2767 δή
1686 2723 1770 2758 ποτέ
1787 2723 1879 2758 Edd.

309 2785 361 2818 15.
388 2776 502 2809 κλίσιν
520 2776 599 2819 (sic)
619 2775 677 2809 iid.
934 2774 986 2808 18.
1017 2775 1069 2808 καὶ
1088 2774 1184 2819 prius
1202 2778 1424 2816 assumptum
1442 2784 1482 2805 ex
1502 2771 1548 2805 l).
1612 2770 1706 2804 Haec
1725 2771 1763 2816 ἐξ
1779 2771 1881 2805 αὐτοῦ

303 2823 477 2864 πεφηνότα
495 2828 714 2856 accesserunt
732 2834 772 2855 ex
793 2822 838 2855 D.
889 2822 976 2855 Θεὸν
994 2833 1055 2866 pro
1074 2823 1182 2866 Λόγον
1204 2821 1247 2854 l).
1694 2829 1745 2862 19.
1773 2817 1878 2863 ἰδίου]

303 2867 399 2911 ἁγίου
420 2869 463 2901 D.
779 2880 833 2903 22.
861 2869 977 2911 ὥσπερ
995 2868 1071 2902 ἐστὶ
1089 2868 1154 2901 hoc
1172 2867 1292 2901 ordine
1312 2866 1357 2899 D.
1406 2867 1465 2898 τοῦ
1481 2871 1704 2909 assumptum
1721 2876 1762 2897 ex
1782 2864 1872 2899 RD.

305 2924 359 2958 23.
386 2914 474 2950 ὅπως
493 2915 538 2949 D.
556 2919 625 2950 πῶς
644 2915 735 2949 Edd.
936 2926 991 2957 24.
1018 2915 1155 2959 ἐροῦσιν
1171 2913 1254 2948 ἴσως
1271 2912 1336 2946 hoc
1354 2912 1474 2946 ordine
1495 2912 1540 2946 D.
1760 2922 1814 2956 25.
1841 2926 1879 2957 γε

302 2968 523 3006 assumptum
541 2974 581 2995 ex
605 2962 647 2996 D.
