2053 3382
303 183 388 221 418
701 183 751 223 B.
794 181 1074 222 CYRILLI
1117 180 1503 221 ALEXANDR.
1738 180 1795 220 ix.
1825 192 1885 219 10.

266 315 287 340 c
306 311 409 351 μον,
437 290 509 339 καὶ
543 293 637 343 τοῖς
664 289 719 357 ἐξ
748 289 901 357 εἰρήνης
928 289 1280 355 κατευφραίνειν
1305 289 1514 352 ἀγαθοῖς,
1540 290 1890 353 αἰνιγματωδῶς

306 371 415 434 ἡμῖν
450 372 474 420 ὁ
513 368 804 437 προφητικὸς
840 370 1085 437 ὑποφαίνει
1126 368 1287 434 λόγος.
1355 367 1505 437 ᾔεσαν
1537 369 1623 432 μὲν
1653 368 1746 435 γὰρ
1773 368 1891 420 κατὰ

305 452 490 518 καιροὺς
525 451 644 502 κατὰ
677 456 771 502 τῶν
795 451 1145 518 Ἱεροσολύμων
1177 454 1218 501 οἱ
1248 452 1563 511 Βαβυλώνιοι,
1592 453 1667 501 καὶ
1698 449 1791 515 μὴν
1816 453 1892 501 καὶ

306 534 454 600 ἕτεροί
475 555 593 587 τινες
620 538 715 585 τῶν
742 534 928 599 ὁμόρων
967 535 1112 584 ἐθνῶν
1147 533 1307 586 ἵπποις
1346 556 1396 583 τε
1435 536 1509 583 καὶ
1541 532 1752 599 ἅρμασιν
1777 534 1887 584 ἐπο-

83 617 137 646 Pa.

80 659 181 690 lxxvii
209 669 228 700 9
306 615 539 682 χούμενοι,
587 622 613 644 “
636 618 711 666 καὶ
754 613 1022 676 βάλλοντες
1068 613 1261 683 τόξοις,”
1307 614 1424 665 κατὰ
1463 614 1517 665 τὸ
1551 613 1890 681 γεγραμμένον,
1913 640 1935 679 5

306 696 653 763 κατεχειροῦντό
689 719 737 747 τε
772 697 893 747 οὕτω
931 698 1006 747 καὶ
1045 701 1225 762 πικροῖς
1258 697 1441 748 ἐνίεσαν
1471 695 1647 749 πόνοις.
1715 695 1810 747 ἀπὸ
1837 695 1894 758 δὴ

305 784 388 829 τοῦ
423 779 705 842 συμβαίνειν
739 779 967 841 εἰωθότος,
1006 783 1101 829 τῶν
1146 777 1220 829 διὰ
1261 782 1477 844 Χριστοῦ
1518 778 1895 844 κατορθωμάτων

307 859 391 924 τὴν
431 860 744 927 λαμπρότητα
784 863 932 925 δηλοῖ.
997 862 1022 911 ὁ
1051 862 1140 926 γάρ
1173 883 1242 911 τοι
1271 860 1450 927 σώζων,
1479 862 1644 927 φησὶν,
1671 861 1696 910 ὁ
1723 859 1894 913 δίκαιός

258 952 282 991 d
307 964 355 991 τε
385 943 459 992 καὶ
486 941 753 1008 πραότατος
779 942 1022 1005 βασιλεὺς,
1044 943 1262 1011 ἀφίξεται
1288 942 1385 1005 μὲν,
1403 946 1477 993 καὶ
1505 943 1587 992 οὐκ
1614 945 1677 996 εἰς
1696 941 1892 1008 μακράν·

305 1022 434 1087 πλὴν
473 1024 527 1074 οῦ
565 1028 738 1094 πολλῷ
772 1025 945 1088 πλήθει
983 1029 1078 1075 τῶν
1117 1027 1436 1076 ὑπασπιστῶν
1469 1024 1890 1093 δορυφορούμενος,
1919 1053 1966 1079 10

305 1106 358 1155 οὐ
399 1105 590 1171 μυρίους
629 1106 750 1172 ἔχων
789 1105 897 1160 τοὺς
942 1106 1120 1160 εἰδότας
1162 1105 1219 1157 τὰ
1260 1106 1470 1158 τακτικά·
1525 1105 1805 1169 ἐπασκήσας
1846 1104 1894 1155 δὲ

307 1188 452 1241 οὕτως
496 1189 544 1238 ἐν
585 1188 684 1252 ἤθει
729 1186 783 1239 τὸ
834 1189 1035 1255 μέτριον,
1077 1191 1138 1242 ὡς
1177 1189 1327 1258 πώλῳ
1369 1190 1444 1239 καὶ
1487 1188 1625 1252 μόλις
1671 1186 1895 1255 ἐφιζῆσαι

309 1273 484 1339 γυμνῶ.
549 1268 679 1333 πλὴν
723 1270 855 1321 ἔσται
894 1276 1122 1324 τοσοῦτος
1161 1274 1223 1325 εἰς
1262 1274 1444 1337 ἀρετὴν,
1484 1269 1644 1334 ὀνήσει
1685 1292 1735 1320 τε
1774 1270 1895 1320 οὕτω

308 1374 415 1405 τους
468 1351 538 1403 ἐπ’
585 1354 709 1403 αὐτῶ
760 1351 1060 1411 πεποιθότας,
1109 1356 1170 1406 ὡς
1215 1358 1446 1419 περιελεῖν
1489 1352 1573 1415 μὲν
1618 1350 1808 1420 ἅρματα
1850 1352 1895 1421 ἐξ

307 1434 523 1502 Ἐφροιιμ,
559 1436 833 1498 ἀποστῆσαι
869 1435 916 1485 δὲ
949 1437 1023 1485 καὶ
1060 1436 1199 1486 ίππον
1239 1435 1283 1504 ἐξ
1315 1434 1613 1502 Ἱερουσ-αλημ,
1655 1434 1895 1503 ὀλοθρεῦσαι
1920 1464 1964 1501 15

308 1516 356 1565 δὲ
395 1517 470 1565 καὶ
508 1517 622 1585 τόξον
658 1517 914 1584 nonquam,
945 1541 1022 1568 και
1060 1519 1200 1586 εἰρήνην
1235 1518 1461 1568 ἁπλῶσαι
1492 1521 1700 1578 βαθεῖαν,
1733 1515 1818 1580 τὴν
1844 1517 1894 1568 ἐκ

266 1618 286 1642 e
309 1596 500 1648 πάντων
545 1603 639 1648 τῶν
679 1597 805 1650 ἐθνῶν.
870 1604 1071 1666 Εφρσιιιι
1107 1598 1160 1648 δέ
1195 1604 1318 1665 φησι
1357 1622 1439 1652 τας
1473 1602 1520 1650 ἐν
1557 1603 1615 1666 τῇ
1656 1600 1894 1667 Σαμαρεια

310 1679 419 1729 δεκα
466 1679 636 1746 φυλὰς,
682 1679 971 1747 Ιερσυπιληιι
1010 1680 1056 1730 δε
1102 1703 1206 1733 τους
1249 1681 1296 1730 ἐν
1344 1682 1462 1747 αὐτῇ
1510 1680 1894 1743 κατοικήσαντας,

307 1760 484 1814 Ἰούδας
513 1760 561 1811 δε
588 1762 714 1812 οῦτοι
747 1765 822 1812 καὶ
850 1764 1082 1824 Βενιαμιν.
1136 1764 1302 1813 οὐκοῦν
1337 1764 1603 1830 ἀσφαλείας
1631 1762 1896 1829 ὑπόσχεσιν

307 1844 382 1892 καὶ
418 1845 565 1911 εἰρήνης
600 1844 709 1906 ἡμῖν
746 1844 770 1893 ὁ
808 1843 1098 1911 προφητικὸς
1130 1845 1376 1911 εἰσκομίζει
1409 1844 1567 1909 λόγος.
1641 1845 1694 1894 οὐ
1719 1843 1811 1910 γὰρ
1838 1842 1895 1895 ἂν
1917 1870 1966 1895 20

310 1924 504 1989 γένοιτο,
541 1927 706 1993 φησὶν,
742 1925 1083 1992 εῦκατοῖδρομος
1127 1931 1221 1979 τοῖς
1264 1926 1480 1977 ἐθέλουσι
1513 1931 1684 1977 κακοῦν
1717 1927 1743 1990 ἡ
1783 1927 1895 1992 ἁγία

80 2016 199 2090 iliiTilqh
307 2005 460 2068 πόλις,
498 2006 739 2057 τουτέστιν
777 2009 805 2071 ἡ
847 2007 988 2071 νοητὴ
1030 2007 1164 2070 Σιὼν,
1200 2008 1347 2073 ἤγουν
1379 2008 1708 2074 Ἰερουσαλὴμ,
1750 2008 1895 2072 “ἥτις

118 2085 124 2091 ’
165 2079 193 2099 θ’
307 2095 334 2117 “
354 2090 485 2139 ἐστὶν
505 2089 774 2152 Ἐκκλησία
795 2093 919 2140 Θεοῦ
945 2090 1154 2156 ζῶντος,”
1178 2091 1439 2155 κατευρύνει
1467 2091 1513 2141 δὲ
1542 2093 1663 2142 οὕτω
1687 2091 1771 2155 τὴν
1793 2092 1895 2142 ἑαυ-

307 2175 389 2220 τοῦ
410 2172 662 2230 βασιλείαν
685 2172 709 2221 ὁ
729 2170 896 2236 σώζων
914 2171 1071 2234 αὐτὴν,
1091 2173 1151 2225 ὡς
1174 2171 1288 2235 ὅλης
1312 2173 1533 2241 κατάρξαι
1555 2176 1638 2236 τῆς
1655 2173 1894 2236 Ἰουδαίας,

306 2251 398 2303 ἀπὶ
439 2251 674 2312 θαλάσσης
717 2257 778 2306 εἰς
813 2255 1067 2319 ποταμούς.
1138 2254 1272 2304 αὗται
1306 2254 1398 2319 γάρ
1436 2259 1555 2305 εἰσιν
1585 2259 1631 2305 αἱ
1659 2252 1894 2315 ὃιεκβολαὶ
1918 2275 1965 2313 25

307 2336 389 2396 τῆς
415 2333 512 2399 γης,
533 2334 747 2385 τουτέστι
775 2334 832 2385 τὰ
853 2336 1044 2399 πέρατα.
1091 2335 1272 2403 ψάλλει
1299 2336 1353 2386 δέ
1372 2359 1464 2387 που
1491 2338 1564 2387 καὶ
1592 2338 1616 2388 ὁ
1643 2336 1895 2392 θεσπέσιος

358 2537 387 2560 2.
414 2526 616 2571 ὑπεμφαίνει
635 2527 668 2561 b.
720 2526 815 2561 ἵεσαν
835 2527 874 2560 C.
1113 2528 1145 2561 6.
1173 2528 1211 2572 δὴ
1232 2527 1310 2562 (3.1).
1329 2531 1411 2573 γοῦν
1430 2528 1520 2562 Edd.
1764 2539 1793 2572 7.
1820 2529 1892 2574 διὰ]

309 2573 363 2606 ἐπὶ
381 2572 439 2607 iid.
689 2585 721 2617 9.
748 2588 782 2606 τε
802 2585 871 2607 om.
892 2574 933 2608 C.
953 2574 1056 2607 habet
1074 2574 1107 2608 b.
1370 2586 1421 2609 10.
1445 2575 1737 2619 δορυφορούμενος
1757 2575 1836 2610 C.b.
1855 2577 1894 2609 οὐ

308 2619 522 2664 δορυφόρους
542 2620 588 2653 D.
609 2619 700 2653 Edd.
765 2620 889 2654 Statim
908 2620 947 2653 οὐ
965 2632 1035 2654 om.
1057 2621 1102 2654 D.
1449 2633 1501 2655 11.
1528 2622 1563 2655 δὲ
1582 2622 1616 2655 b.
1633 2636 1669 2655 τε
1689 2622 1779 2655 C.D.
1801 2622 1892 2657 Edd.

311 2676 363 2699 12.
391 2667 435 2701 ὡς
458 2668 563 2711 πώλῳ
589 2667 641 2700 καὶ
667 2668 766 2709 μόλις
791 2667 953 2710 ἔφιζῆσαι
977 2669 1091 2712 γυμνῷ
1111 2666 1189 2701 C.b.
1208 2669 1297 2701 ὥστε
1324 2668 1377 2700 καὶ
1401 2682 1435 2719 μ.
1462 2667 1615 2711 ἐπιβῆναι
1633 2669 1692 2701 τοῦ
1708 2669 1826 2702 πώλου
1846 2670 1892 2703 D.

1340 2724 1360 2738 ω
1409 2724 1417 2738 ι

310 2744 400 2779 Edd.
733 2757 785 2787 15.
812 2745 1007 2789 ἀποστῆσαι
1027 2745 1157 2780 C.D.b.
1178 2746 1270 2780 Aub.
1289 2746 1483 2790 ἀποστῆσαι
1507 2746 1548 2780 Β.
1568 2747 1770 2790 ἀπωστῆσαι
1791 2748 1891 2783 Pont.

307 2790 513 2833 ὀλοθρεῦσαι
533 2791 573 2826 C.
580 2792 625 2826 D.
630 2792 664 2826 b.
683 2792 841 2836 ἐξολοθρ.
864 2792 955 2826 Edd.
1373 2793 1426 2827 16.
1452 2793 1487 2826 δέ
1505 2804 1576 2827 Om.
1597 2794 1638 2827 C.
1656 2793 1787 2827 habent
1807 2795 1892 2830 D.b.

311 2838 425 2871 18.δὲ
444 2850 513 2872 om.
534 2838 574 2872 C.
794 2850 845 2882 19.
871 2838 1064 2883 υπόσχεσιν
1083 2839 1122 2873 C.
1131 2840 1174 2873 D.
1180 2839 1213 2873 b.
1232 2839 1395 2874 υπόθεσιν
1415 2839 1505 2873 Edd.
1711 2851 1766 2874 22.
1795 2841 1892 2876 Haec

308 2885 652 2927 τουτέστιν-ζῶντος
670 2893 890 2920 accesserunt
908 2898 949 2920 ex
970 2886 1010 2919 C.
1018 2886 1062 2920 D.
1066 2886 1100 2919 b.
1152 2885 1169 2929 ἡ
1189 2887 1315 2928 ἱερουσ.
1337 2886 1381 2919 D.
1621 2896 1674 2930 23.
1702 2887 1891 2932 κιιτευρύνει

310 2928 351 2982 Β.
358 2929 397 2962 C.
403 2930 447 2964 D.
452 2930 486 2964 b.
507 2933 696 2973 κατευρυνεῖ
716 2931 807 2965 Edd.
1013 2943 1066 2974 24.
1093 2934 1111 2965 ὁ
1129 2944 1198 2966 om.
1218 2931 1251 2966 b.
1467 2940 1521 2975 25.
1549 2932 1593 2967 εἰς
1612 2934 1781 2977 ποταμοὺς
1799 2934 1890 2969 C.D.

308 2988 367 3009 εως
385 2980 542 3019 ποταμῶν
561 2977 651 3011 Edd.
