2053 3382
300 200 376 234 684

301 317 476 355 Hebraea
509 318 646 358 Editio,
681 318 800 352 Amos
830 316 852 352 i.
888 317 920 361 l,
948 316 1061 352 verbo

357 383 526 419 Accarim
548 388 649 418 caret
670 384 746 417 247
765 381 809 426 d;
841 380 965 416 Amos
980 380 1003 416 i.
1026 383 1060 421 2,

353 462 420 498 pro
443 455 465 468 “
480 448 629 483 locutus
657 445 743 482 est”
766 446 880 481 habet
901 451 923 464 “
941 445 1059 481 ulula-

352 513 444 554 vit‚''
462 512 539 548 sive
559 517 581 530 “
597 511 713 559 rugiit
727 510 748 523 ”
768 513 843 547 252
860 510 905 556 d3
933 511 1061 550 Amo&

352 578 373 615 i.
393 580 429 621 6,
450 577 565 613 verbo
587 575 801 612 Salomonis
822 581 909 623 eget
931 577 1007 611 256
1025 587 1060 620 c;

352 644 389 678 in
417 643 536 678 Amos
562 641 610 676 iii.
633 643 669 682 9,
691 640 815 683 Azoti‚
845 640 970 684 habet,
994 653 1062 688 pro

351 706 529 755 Assyriae
557 708 634 742 280
656 718 697 750 c;
733 705 770 740 in
791 707 910 741 Amos
938 718 972 741 v.
998 708 1060 747 27,

352 771 600 820 Babylonem,
638 783 706 818 pro
741 769 942 811 Damasco,
970 769 1061 819 legit

355 841 432 874 310
449 837 470 873 d
487 850 495 882 ;
527 849 606 885 pro,
626 841 648 855 ‘⁶
664 836 831 872 Draconi
846 835 867 847 ’'
889 835 924 870 in
947 836 1062 871 Amos

352 903 403 939 ix.
428 905 462 944 3,
490 902 604 937 habet
632 906 654 920 “
673 900 799 936 Ceto’'
826 902 901 937 343
924 913 964 946 c;
995 913 1062 947 pro

353 966 590 1008 Morasthae,
647 965 739 1013 legit
796 964 1060 1006 Morasthiten,

352 1033 391 1068 in
419 1031 595 1067 Michaea
623 1029 646 1065 i.
673 1033 706 1071 1,
741 1032 815 1066 392
837 1029 882 1074 b;
918 1029 954 1064 in
981 1030 1060 1077 Ag-

351 1096 435 1146 gaei
457 1093 534 1142 21¹0,
560 1095 783 1143 quibusdam
811 1094 935 1130 verbis
962 1100 1063 1130 caret

355 1163 432 1198 646
464 1174 507 1203 a;
554 1160 590 1196 in
624 1159 738 1195 Zach.
771 1159 846 1196 viii.
881 1161 941 1200 10,
971 1164 1061 1199 erat,

351 1239 419 1274 pro
456 1225 538 1268 erit,
571 1225 664 1273 legit
699 1227 774 1261 720
805 1236 847 1265 a;
884 1224 921 1259 in
948 1223 1062 1259 Zach.

351 1291 416 1327 xii.
450 1293 510 1332 10,
542 1291 587 1326 ab
619 1289 783 1325 editione
814 1288 1063 1337 Septuaginta

354 1357 606 1403 Interpretum
637 1355 759 1390 differt
790 1356 865 1391 783
895 1367 937 1396 ος
973 1355 1061 1390 item

352 1421 389 1456 in
417 1420 530 1456 Zach.
560 1419 634 1455 xiii.
669 1422 701 1460 1,
729 1421 804 1455 786
827 1419 873 1461 d;
909 1419 998 1455 item
1025 1419 1062 1455 in

353 1485 468 1521 Zach.
491 1484 569 1520 xiv.
591 1486 626 1525 8,
650 1485 725 1520 802
749 1497 781 1520 e.

299 1550 493 1586 Hebraeae
514 1549 688 1585 mulieres
711 1548 864 1584 maritos
886 1561 973 1584 suos
995 1548 1061 1584 fal·

352 1627 478 1650 sorum
509 1614 663 1650 deorum
693 1613 907 1649 nominibus
936 1614 1059 1661 appel-

351 1679 479 1715 labant
501 1681 550 1715 50
572 1672 617 1714 as

300 1744 440 1785 Herba,
462 1743 594 1791 campi,
618 1743 822 1784 doctrinae,
851 1743 1059 1779 animorum

351 1808 436 1850 cibi,
459 1814 570 1857 typus
592 1810 669 1845 224
691 1821 734 1849 a;
766 1808 976 1856 agrestibus
997 1815 1060 1844 aut

352 1874 501 1916 donata,
527 1878 591 1909 aut
617 1879 765 1920 negata,
786 1885 854 1921 pro
879 1872 1059 1921 spirituali

352 1938 488 1986 pabulo
509 1938 692 1974 sumenda
715 1940 789 1974 746
811 1950 841 1973 c.

300 2003 496 2044 Hercules,
524 2003 623 2051 apud
649 2002 953 2051 Lycophronem,
983 2008 1058 2038 tra-

352 2069 451 2104 ditur
464 2068 664 2103 devoratus
679 2080 700 2103 a
714 2073 809 2109 cet0,
824 2067 917 2103 sicut
929 2067 1059 2113 Jonas,

352 2138 391 2168 et
411 2133 509 2169 vitae
530 2133 698 2169 redditus
720 2134 796 2168 376
818 2132 854 2168 b.

300 2197 483 2241 Herodes,
497 2197 686 2245 Antipatri
703 2197 809 2238 filius,
828 2196 1060 2233 Ascalonites

355 2264 430 2298 763
454 2262 490 2297 d.

300 2327 520 2367 Hieremias,
542 2326 739 2374 Propheta,
760 2326 796 2362 in
825 2332 930 2362 utero
955 2338 1059 2362 sanc-

352 2392 515 2427 tificatus
539 2394 581 2427 11
607 2391 652 2432 d;
679 2390 829 2438 juvenis
855 2391 976 2426 adhuc
995 2403 1058 2426 vo-

352 2462 457 2492 catus
485 2462 542 2492 est
571 2459 616 2492 13
640 2456 684 2501 b;
721 2458 798 2492 820
819 2467 859 2501 c;
896 2454 979 2491 Deo
999 2455 1059 2502 ju-

351 2521 463 2556 bente
476 2520 513 2555 in
528 2521 745 2568 Aegyptum
761 2519 1011 2556 descendit42
1022 2531 1058 2561 c;

353 2598 374 2621 a
405 2585 621 2621 mulieribus
654 2585 692 2620 in
722 2585 897 2633 Aegypto
932 2584 1060 2620 irrisus

354 2652 402 2686 42
426 2650 470 2694 d;
512 2649 701 2685 dissuadet
733 2649 914 2685 sacrificia
941 2649 1058 2685 idolo-

352 2727 436 2750 rum
462 2716 534 2750 149
555 2714 600 2759 b;
631 2714 869 2762 praenuntiat
897 2713 1060 2761 Babylo-

351 2791 439 2814 nem
459 2779 678 2826 capiendam
701 2780 774 2814 165
791 2778 838 2820 b;
867 2778 937 2813 Dei
953 2779 1060 2825 jussu

353 2848 502 2879 catenas
523 2843 618 2878 collo
646 2856 713 2879 suo
734 2843 892 2890 imponit
920 2845 993 2879 175
1017 2855 1058 2887 c;

353 2907 399 2942 ad
419 2907 569 2943 foedum
595 2907 681 2943 belli
709 2907 961 2954 spectaculum
984 2906 1060 2942 ani-

354 2982 413 3005 mo
453 2972 626 3019 abreptus
667 2975 742 3009 240
783 2972 805 3008 d
826 2984 834 3017 ;
892 2984 913 3008 a
953 2972 1058 3020 Rege

832 197 1044 233 INDEX
1102 196 1351 233 RERUM.

1690 210 1887 234 HEBRAEA.

1185 316 1339 352 Sedecia
1364 316 1522 351 vincitur
1544 318 1618 352 303
1641 328 1682 357 e;
1715 317 1889 364 prohibe-

1183 387 1244 419 tur
1276 393 1382 416 orare
1417 393 1484 428 pro
1519 380 1683 429 indignis
1724 383 1797 416 311
1836 381 1859 416 b
1879 394 1889 426 3

1184 445 1321 481 bellum
1378 445 1662 493 Hierosolymae
1714 445 1892 492 praedicit

1185 512 1261 546 415
1289 523 1332 554 e3
1370 509 1553 557 praevidit
1582 509 1722 545 Christi
1750 522 1891 546 sermo-

1184 587 1269 610 nem
1295 574 1549 610 dulcissimum
1573 576 1648 611 428
1671 575 1717 616 d;
1748 587 1890 611 memo-

1185 645 1288 674 ratur
1323 642 1399 675 444
1436 639 1484 685 b3
1534 641 1610 675 458
1645 639 1693 682 b;
1739 642 1812 676 461
1848 653 1890 686 e;

1185 706 1261 740 463
1277 716 1318 749 a;
1346 704 1482 739 Beatus
1499 710 1744 751 nuncupatur,
1761 707 1838 741 485
1853 718 1890 751 a;

1186 771 1261 805 725
1284 769 1328 814 (1;
1367 769 1442 805 752
1471 768 1515 814 b;
1553 771 1629 805 820
1651 781 1692 814 c;
1731 768 1891 819 Sapiens

1186 834 1319 869 dicitur
1346 837 1422 870 504
1445 846 1487 875 c;
1523 835 1599 870 536
1621 846 1661 878 c;
1696 835 1889 882 negligen-

1184 899 1283 934 tibus
1304 899 1516 946 pastoribus
1538 898 1724 934 invehitur
1745 901 1820 935 514
1843 899 1890 945 d;

1185 966 1261 1000 609
1287 964 1331 1009 b;
1369 965 1446 1000 620
1475 963 1519 1008 d;
1558 966 1634 1000 756
1661 975 1702 1009 e;
1744 965 1819 1001 793
1849 976 1890 1009 c;

1186 1031 1262 1065 814
1284 1041 1325 1073 e;
1358 1030 1434 1065 824
1453 1029 1497 1074 d;
1529 1030 1606 1065 826
1627 1041 1668 1074 e;
1699 1028 1891 1076 pulchram

1186 1093 1374 1129 Ecclesiae
1395 1093 1573 1129 Judaicae
1595 1093 1729 1128 olivam
1751 1096 1827 1129 575
1848 1105 1889 1138 e;

1186 1157 1256 1193 Dei
1303 1158 1423 1206 Ipsius
1472 1158 1584 1193 verba
1626 1157 1771 1193 locutus
1821 1163 1890 1200 est,

1186 1225 1262 1259 578
1293 1235 1334 1269 a;
1373 1225 1449 1259 590
1478 1235 1518 1268 c;
1555 1225 1630 1259 608
1660 1223 1706 1268 d3
1744 1225 1820 1259 814
1849 1235 1890 1268 e;

1184 1295 1343 1324 testatur
1373 1288 1561 1324 Israelitas
1589 1301 1757 1324 servasse
1785 1300 1890 1335 prae-

1184 1359 1335 1400 ceptum
1357 1353 1542 1400 quoddam
1564 1353 1754 1388 Mosaicae
1777 1352 1892 1400 Legis

1186 1420 1260 1454 582
1297 1430 1340 1463 e;
1384 1417 1733 1466 pseudoprophetas
1768 1429 1893 1464 repre-

1184 1482 1315 1518 hendit
1343 1484 1420 1518 636
1447 1494 1488 1527 e;
1527 1484 1601 1518 788
1624 1494 1664 1528 ος
1700 1494 1891 1530 expugna-

1184 1547 1327 1582 tionem
1376 1546 1662 1595 Hierosolymae
1716 1545 1893 1582 describit

1188 1614 1262 1649 725
1289 1612 1333 1657 d;
1370 1612 1587 1648 Passionem
1615 1612 1756 1647 Christi
1784 1624 1891 1659 prae-

1184 1679 1276 1715 vidit
1291 1681 1365 1715 764
1381 1691 1416 1725 c;
1442 1681 1516 1715 793
1532 1691 1568 1725 a;
1590 1691 1611 1714 a
1625 1678 1708 1714 Deo
1722 1678 1891 1720 dilectus,

1185 1744 1269 1792 quia
1289 1743 1552 1792 praecognitus
1575 1745 1651 1780 820
1669 1755 1709 1789 c;
1740 1743 1893 1778 idolola-

1184 1809 1251 1845 tris
1272 1809 1437 1856 increpat
1459 1810 1536 1845 860
1558 1808 1602 1853 d;
1640 1807 1684 1843 de
1706 1808 1890 1854 prosperi-

1183 1880 1260 1910 tate
1281 1873 1478 1921 impiorum
1499 1872 1739 1920 conqueritur
1760 1873 1836 1908 864
1856 1872 1891 1908 d.

1134 1938 1345 1983 Hierobaal‚
1364 1937 1553 1973 Gedeonis
1575 1949 1786 1985 cognomen
1803 1936 1891 1984 quid

1186 2003 1273 2039 velit
1297 2005 1371 2039 134
1392 2002 1428 2038 b.

1132 2068 1375 2108 Hieroboam,
1405 2067 1434 2110 I,
1466 2066 1562 2102 filius
1592 2066 1732 2108 Nabat,
1763 2078 1892 2102 servus

1185 2132 1409 2173 Salomonis,
1427 2132 1464 2168 in
1481 2144 1639 2180 regnum
1656 2131 1796 2167 accitus
1814 2134 1835 2168 4
1851 2131 1891 2177 d;

1184 2198 1230 2234 de
1256 2197 1369 2245 vulgo
1398 2197 1612 2233 sacerdotes
1643 2196 1747 2244 eligit
1774 2198 1823 2233 82
1845 2196 1891 2242 d;

1185 2275 1278 2310 quae
1304 2267 1472 2297 monstra
1498 2261 1745 2297 introduxerit
1773 2262 1823 2297 86
1845 2273 1889 2306 c;

1183 2328 1283 2375 Apin
1304 2327 1552 2363 venerabatur
1570 2328 1618 2362 87
1637 2326 1682 2371 d;
1712 2338 1784 2373 quo
1804 2338 1892 2361 con-

1185 2393 1265 2428 silio
1283 2392 1418 2428 vitulos
1439 2391 1568 2427 fecerit
1589 2392 1662 2427 103
1680 2402 1723 2432 a;
1758 2392 1831 2427 108
1849 2401 1889 2435 c;

1190 2459 1262 2493 148
1293 2469 1333 2501 e;
1374 2458 1446 2492 178
1476 2455 1521 2496 d;
1562 2457 1635 2491 186
1663 2467 1710 2500 a3
1747 2456 1822 2491 328
1848 2466 1890 2500 a;

1185 2534 1278 2569 quos
1314 2521 1408 2556 ritus
1443 2519 1631 2555 induxerit
1669 2521 1740 2556 108
1776 2532 1821 2560 ες
1870 2531 1893 2554 a

1186 2586 1261 2621 suis
1280 2585 1466 2625 laudatus,
1488 2584 1663 2620 audacior
1683 2584 1725 2619 fit
1749 2586 1822 2620 110
1843 2596 1889 2629 c;

1185 2651 1266 2687 Deo
1287 2663 1361 2686 non
1382 2650 1565 2698 probante
1585 2661 1652 2685 rex
1670 2649 1805 2688 factus,
1821 2647 1890 2683 im-

1184 2721 1317 2762 potens
1347 2713 1471 2750 evadit
1499 2716 1572 2750 119
1593 2725 1634 2759 c;
1671 2712 1891 2760 Apostasiae

1183 2778 1371 2820 inventor,
1392 2783 1430 2813 et
1457 2789 1569 2813 causa
1588 2776 1753 2812 omnium
1774 2776 1890 2812 malo-

1184 2855 1266 2878 rum
1288 2842 1466 2878 Israelitis
1495 2841 1563 2877 fuit
1596 2841 1668 2876 122
1690 2852 1730 2885 c;
1761 2840 1891 2877 altaria

1185 2906 1444 2954 multiplicavit
1476 2908 1548 2942 123
1576 2917 1616 2949 c;
1652 2904 1891 2942 detestandus

1191 2973 1263 3008 178
1284 2972 1329 3016 b;
1361 2970 1484 3007 vitulis
1512 2969 1586 3006 suis
1608 2968 1782 3006 Divinam
1809 2970 1893 3019 glo-
