2007 3387
321 170 406 210 298
719 175 767 214 B.
812 175 1090 215 CYRILLI
1133 176 1516 217 ALEXANDR.
1791 174 1903 225 i.17-

317 278 663 345 ἐπαγγέλλεται
688 279 806 346 πρὸς
837 276 892 332 τὸ
927 283 976 333 ἐν
1007 284 1185 350 ἀρχαῖς,
1214 283 1238 336 ὃ
1266 283 1322 348 δὴ
1350 286 1425 335 καὶ
1450 283 1714 344 τετέλεστο,
1745 284 1905 347 Κύρου

317 359 403 424 μὲν
445 361 631 415 ἀνέντος
681 365 764 427 τῆς
810 367 1155 431 αἰχμαλωσίας,
1201 368 1405 433 Δαρείου
1450 366 1599 432 γεμὴν
1644 368 1719 416 καὶ
1764 364 1906 415 αὐτὸν

318 444 658 506 ἀναδείμασθαι
691 445 1073 511 προστάττοντος
1108 448 1190 500 τὸν
1230 449 1356 512 ναὸν,
1385 448 1589 519 ἐφιέντος·
1621 471 1670 499 τε
1709 450 1783 499 καὶ
1819 448 1903 498 αὐ-

316 524 402 589 τὴν
427 530 522 579 τοῖς
549 528 752 595 τείχεσιν
778 529 977 597 ὀχυροῦν
1004 530 1089 593 τὴν
1114 531 1271 584 πόλιν.

390 607 610 674 Ὁρῶμεν
645 610 706 672 δὲ,
742 610 812 662 ὅτι
848 613 1170 680 διαγυμνάζων
1209 614 1314 666 ἔσθ’
1350 614 1426 665 ὅτε
1466 612 1586 668 Θεὸς
1626 618 1720 664 τῶν
1758 614 1946 680 ἁγίων5

315 687 401 753 τὴν
451 691 628 754 πίστιν,
677 695 751 744 καὶ
800 698 894 745 τῶν
941 696 1294 762 προσκειμένων
1338 698 1463 766 αὐτῷ
1510 695 1594 760 τὴν
1639 695 1901 761 ἀγάπησιν,

317 770 480 840 ἐφίησι
506 773 625 824 κατὰ
651 774 834 842 καιροὺς
862 777 1112 829 διώκεσθαι
1143 778 1229 843 τὴν
1255 779 1566 844 Ἐκκλησίαν.
1624 778 1734 829 ἀλλ’
1763 779 1905 844 ὀλίγα

272 857 570 907 ὓπαθοῦσαν
604 857 737 912 εὐθὺς
778 860 1016 924 ἀνίστησι,
1053 864 1128 911 καὶ
1167 862 1437 929 ἀνατειχίζει
1475 862 1622 913 πάλιν
1660 866 1760 914 ταῖς
1798 863 1901 912 ἐπι-

317 939 533 1004 κουρίαις,
577 943 652 990 καὶ
697 945 755 1009 τῇ
798 942 976 994 ἄνωθεν
1015 943 1170 1010 χάριτι
1209 944 1291 994 τὸν
1332 945 1447 995 ’ίδιον
1486 942 1611 995 οἶκον
1652 949 1898 1011 στεφανοῖ.

315 1021 390 1070 καὶ
425 1020 624 1076 ἕκαστος
659 1022 706 1074 δὲ
737 1028 832 1075 τῶν
865 1026 1076 1085 εὐσεβεῖν
1118 1026 1361 1094 ᾑρημένων
1400 1029 1473 1077 καὶ
1513 1026 1652 1080 πόλις
1687 1029 1789 1077 ἐστὶ
1828 1029 1902 1078 καὶ
1926 1049 1974 1074 10

316 1100 430 1158 οἶκος
457 1107 596 1156 Θεοῦ.
665 1106 954 1173 δοκιμάζεται
992 1106 1039 1157 δὲ
1073 1108 1322 1171 πολλάκις,
1350 1108 1729 1175 κατερεθιζούσης
1763 1108 1904 1160 αὐτὸν

315 1189 378 1238 εἰς
404 1185 683 1254 φαυλότητα
719 1191 793 1239 καὶ
831 1193 1060 1256 σαρκικῆς
1092 1191 1257 1254 ἡδονῆς
1297 1194 1371 1242 καὶ
1411 1193 1633 1258 μερίμνης
1661 1194 1903 1256 κοσμικῆς,

315 1270 378 1321 ὡς
401 1271 550 1320 δοκεῖν
575 1272 911 1338 ἐμπεπρῆσθαί
944 1296 994 1323 τε
1033 1275 1107 1324 καὶ
1147 1278 1314 1340 τειχῶν
1352 1274 1540 1340 ἐρήμην,
1568 1273 1716 1340 ἤγουν
1742 1275 1904 1343 ἀσφα-

314 1351 455 1413 λείας,
483 1351 569 1416 τὴν
599 1359 681 1403 τοῦ
712 1355 947 1409 παθόντος
979 1357 1223 1419 ἀπομεῖναι
1250 1355 1430 1424 ψυχήν.
1499 1356 1629 1407 ἀλλὰ
1654 1357 1904 1407 κατοικτεί-

312 1455 478 1499 ροντος
505 1438 643 1497 Θεοῦ,
671 1439 745 1487 καὶ
772 1442 871 1490 ταῖς
904 1442 998 1488 τῶν
1033 1439 1181 1503 ἁγίων
1213 1444 1363 1492 λιταῖς
1401 1440 1758 1501 μετατιθεμένου
1784 1437 1903 1504 πρὸς
1925 1459 1972 1497 15

92 1524 229 1598 {3³12st
275 1513 368 1567 οτὸ
407 1515 599 1583 ἥμερον,
639 1521 944 1583 οἰκοδομεῖται
983 1521 1129 1571 πάλιν
1162 1525 1267 1574 “εἱς
1307 1521 1419 1572 ναὸν
1458 1519 1610 1584 ἅγιον,
1649 1525 1709 1574 εἷς
1748 1543 1902 1571 κατοι-

314 1605 343 1627 “
368 1598 587 1665 κητήριον
632 1605 755 1652 Θεοῦ
797 1605 845 1652 ἐν
891 1603 1170 1666 Πνεύματι,”
1211 1607 1286 1654 καὶ
1328 1603 1384 1668 δὴ
1423 1606 1497 1654 καὶ
1545 1602 1735 1668 ἀπάσης
1781 1604 1896 1653 ἀπε·

313 1683 586 1747 ληλαμένης
612 1685 918 1750 ἀκαθαρσίας,
947 1686 1277 1753 ἀνατειχίζεται
1303 1685 1432 1752 παρὰ
1459 1690 1598 1749 Θεοῦ,
1626 1688 1700 1737 καὶ
1727 1685 1901 1751 γίνεται

312 1764 453 1819 πόλις
479 1771 561 1816 τοῦ
585 1767 798 1832 μεγάλου
824 1768 1082 1830 βασιλέως,
1112 1769 1327 1819 τουτέστι
1353 1772 1583 1835 Χριστοῦ.

250 1990 295 2030 17
319 1984 393 2026 Καὶ
432 1981 525 2027 εἶττε
563 1986 671 2043 Πρὸς
708 1988 759 2036 με
797 1988 819 2029 ὁ
857 1988 1034 2035 ἆΠ-ελοε
1068 1988 1090 2030 ὁ
1125 1988 1271 2029 λαλῶν
1299 1988 1343 2029 ὲν
1370 1987 1723 2043 ἐιιοίἈνάκραΓε
1761 1987 1898 2034 λὲΓων
1922 2001 1971 2026 20

379 2070 495 2112 Τάδε
527 2071 639 2118 λετ-ει
678 2071 826 2128 Κύριος
860 2073 1173 2129 Παντοκράτωρ
1194 2072 1287 2114 Ἔτι
1322 2072 1647 2129 ὃιοιχυθιὶσονται
1680 2072 1828 2114 Πόλεις
1853 2072 1898 2113 ἐν

380 2152 568 2205 ἀΓοιθοῖε,
597 2155 663 2196 καὶ
691 2155 860 2197 ἐλεήσει
890 2155 1038 2211 Κύριος
1071 2157 1133 2197 ἔτι
1165 2157 1240 2198 τέιν
1267 2156 1382 2197 Σιὼν
1422 2156 1489 2196 καὶ
1523 2153 1699 2212 αἱρετιεῖ
1732 2155 1794 2197 ἔτι
1822 2154 1898 2197 τέιν

374 2241 383 2253 ‘
399 2240 674 2297 Ιερουσαλύμ.

268 2285 294 2326 d

389 2356 758 2421 Παρατείνοντος
790 2361 873 2406 τοῦ
905 2354 1076 2423 χρόνου
1110 2359 1192 2421 τῆς
1227 2358 1572 2424 αἰχμαλωσίας,
1599 2359 1645 2407 αἱ
1675 2358 1756 2420 τῆς
1781 2355 1898 2406 Ἰου-

312 2437 444 2491 δαίας
469 2437 645 2500 πόλεις,
666 2436 798 2488 οὐδὲν
825 2437 872 2489 δὲ
899 2438 1040 2503 ἧττον
1060 2441 1134 2490 καὶ
1154 2441 1236 2503 τῆς
1259 2443 1575 2504 Σαμαρειτῶν,
1596 2437 1897 2507 ἐξηρήμωντο
1918 2456 1966 2496 25

311 2524 572 2574 παντελῶς.
641 2518 762 2571 οἶκοί
783 2544 831 2571 τε
864 2519 957 2586 γὰρ
983 2520 1108 2585 ἦσαν
1134 2521 1514 2588 ἐμπεπρησμένοι
1540 2522 1616 2571 καὶ
1646 2521 1896 2587 μονονουχὶ

311 2605 395 2665 τῆς
423 2603 743 2663 Βαβυλωνίων
782 2603 1020 2668 ὠμότητος
1053 2603 1462 2669 κατακεκραγότες,
1491 2604 1566 2653 καὶ
1605 2600 1722 2653 αὐτὰ
1755 2601 1803 2651 δὲ
1838 2601 1897 2652 τὰ

312 2689 407 2735 τῶν
454 2683 642 2736 πόλεων
691 2685 919 2752 σχήματα
961 2686 1349 2754 κατηφανισμένα
1399 2687 1473 2734 καὶ
1517 2683 1897 2750 ἀνατετραμμένα

363 2860 392 2883 1.
418 2848 600 2884 τετέλεστο
621 2849 712 2883 Β.Ῑ).
732 2850 929 2885 τετέλεσται
946 2851 980 2885 b.
1004 2850 1095 2885 Edd.
1649 2861 1681 2895 3.
1709 2851 1790 2884 νεών
1809 2850 1894 2885 D.b.

311 2895 344 2929 8.
370 2895 546 2941 ἀνίστησι]
572 2901 607 2937 -Ι-
631 2898 716 2931 Θεὸς
735 2897 779 2931 D.
1316 2906 1367 2942 17.
1394 2896 1447 2930 καὶ
1465 2897 1523 2931 alt.
1542 2901 1765 2942 assumptum
1784 2909 1825 2931 ex
1846 2897 1892 2931 D.

312 2952 367 2975 20.
385 2942 568 2988 ἀνάκραγε]
587 2944 635 2977 ἔτι
653 2944 767 2988 ἀνιὶκρ.
788 2943 878 2979 Edd.
892 2944 1014 2989 (Vat.)
1025 2945 1073 2979 ἔτι
1087 2944 1185 2979 deest
1199 2944 1233 2977 in
1249 2943 1339 2978 B.D.
1354 2946 1389 2987 (N
1403 2944 1504 2978 Alex.
1518 2943 1620 2983 XII.)
1719 2955 1773 2988 25.
1793 2944 1829 2978 δέ
1846 2944 1890 2978 D.

311 2988 351 3031 δὴ
372 2988 461 3023 Edd.
511 2991 569 3032 τῆς
589 2990 634 3024 D.
653 2993 718 3024 τῶν
736 2990 828 3025 Edd.
