2049 3366
124 211 218 235 RESU
228 213 364 235 RRECT!
373 214 406 235 0.

178 322 254 355 616
304 333 344 359 a:
401 322 472 356 621
524 334 564 363 c;
624 320 879 355 remissionem

179 391 416 431 peccatorum
467 386 653 431 significat
711 387 781 421 621
838 378 919 423 d:¹

178 449 386 496 descriptus
417 452 492 486 627
524 463 564 495 a;
603 449 884 497 Redemptiouis

178 526 243 561 per
264 514 456 549 Christum
486 522 597 563 typus
621 517 695 551 752
727 515 771 559 d;
808 517 882 550 753

181 578 258 623 ab;
283 582 355 614 754
377 593 406 614 c.

127 641 286 691 Regem,
341 644 480 692 regiani
540 645 607 679 sibi
666 644 883 691 rapientem,

180 708 285 755 punit
307 708 410 744 Deus
433 712 453 744 7
476 722 506 744 c.

127 772 391 820 Regeneratio,
415 787 479 821 pci·
500 774 656 809 Sacrum
680 773 883 820 Baptisma.

181 838 312 873 effecta
343 841 391 874 20
414 852 456 878 a;
494 839 570 874 465
593 839 637 883 b;
673 836 884 885 spiritualis,

182 902 386 938 Ecclesiam
468 902 651 950 Sponsam
735 900 885 938 coelesti

182 966 329 1014 Sponso
354 974 457 1015 parat
490 970 565 1004 205
597 981 637 1013 e;
673 966 884 1014 spiritualis,

182 1044 246 1078 per
259 1032 462 1068 secundum
480 1032 667 1067 Adamum
687 1032 794 1066 datur
809 1032 884 1067 228

181 1109 222 1141 c;
258 1096 292 1131 in
326 1096 488 1137 Christo,
516 1097 704 1144 praedicta
734 1099 809 1132 434
841 1095 884 1140 d;

181 1173 247 1208 per
293 1161 452 1209 Spiritus
510 1160 638 1197 Sancti
688 1160 884 1196 “insuffla-

182 1225 353 1261 tionem’'
390 1228 467 1262 496
503 1239 544 1271 05
591 1238 656 1273 per
695 1225 887 1272 Spiritum,

182 1297 353 1326 naturam
397 1291 574 1326 reformat
615 1293 690 1326 553
731 1290 775 1335 b;
824 1302 888 1337 per

181 1356 381 1391 transitum
429 1355 549 1391 Rubri
597 1355 708 1390 maris
756 1354 887 1402 praefi-

182 1425 316 1467 gurata
366 1422 440 1456 563
490 1433 531 1464 e;
580 1432 646 1467 per
690 1419 884 1468 Spiritum,

182 1484 380 1520 delectatio
403 1484 551 1520 Sanctis
573 1487 649 1521 622
672 1484 749 1531 cd5
781 1483 886 1531 spiri-

181 1549 293 1585 tualis
327 1550 414 1597 quid
453 1550 499 1585 sit
541 1552 615 1586 773
652 1549 728 1594 ab;
770 1548 887 1596 qualis

181 1613 291 1649 fuerit
347 1613 594 1655 Judaeorum,
645 1614 886 1658 Graecorum,

181 1684 218 1714 et
232 1680 441 1715 communis
460 1681 535 1715 787
554 1692 574 1714 a
588 1679 610 1714 b
625 1692 660 1724 c;
682 1685 886 1720 creaturae,

181 1749 266 1790 post
299 1743 491 1780 Judicium
531 1755 743 1791 supremum
785 1755 887 1790 prae-

182 1807 316 1843 dicitur
337 1811 412 1845 800
435 1821 467 1845 e.

129 1872 255 1920 Reges
294 1872 454 1915 Israelis,
491 1872 720 1908 idololatriae
754 1870 887 1907 Archi-

182 1937 271 1972 tecti
307 1939 354 1973 82
391 1949 431 1981 e;
471 1937 608 1984 populo
643 1941 748 1972 erant
782 1936 886 1983 quasi

184 2002 335 2048 laqueus
371 2003 418 2038 83
455 2014 495 2045 a;
537 2003 585 2037 89
626 2014 667 2047 a;
707 2000 886 2036 terminos

182 2066 456 2102 transferebant
505 2067 553 2101 89
594 2078 634 2110 a;

182 2131 324 2166 cultum
358 2130 427 2178 ipsi
466 2131 689 2166 invenerunt
725 2132 801 2166 405
843 2143 883 2175 a;

685 2065 886 2101 vitulorum

183 2195 357 2231 cornibus
413 2194 619 2243 comparati
666 2196 742 2231 664
800 2195 821 2230 d
844 2207 885 2239 e3

182 2266 351 2307 tempore
399 2258 538 2296 Christi
586 2258 739 2295 Judaeis
785 2259 882 2295 defe-

184 2330 314 2360 cerunt
337 2325 411 2360 763
434 2324 502 2360 cd.

130 2390 319 2437 Regnum,
359 2387 482 2424 Judae
530 2394 567 2424 et
604 2387 752 2424 Israelis
799 2394 887 2436 post

185 2453 448 2500 Captivitatem
479 2453 720 2500 conjunctum
747 2455 821 2489 156
843 2465 884 2498 e;

182 2517 341 2558 Israelis,
399 2517 436 2552 in
489 2517 653 2557 Christo,
706 2523 749 2552 ut
800 2523 886 2553 ante

185 2581 347 2622 Saulem,
367 2581 589 2618 Theocratia
610 2584 685 2618 435
706 2582 741 2617 b.

131 2646 289 2695 Regula,
306 2658 373 2694 pro
394 2646 590 2681 severitate
611 2645 734 2681 Divini
750 2645 774 2682 J
779 2646 886 2681 udicii

184 2711 322 2747 dictum
346 2712 422 2746 456
443 2711 487 2756 b;
520 2713 595 2746 457
618 2710 652 2746 d.

129 2775 361 2816 Rehoboam,
410 2775 538 2811 decem
586 2774 705 2810 tribus
753 2774 888 2810 alienat

186 2843 208 2876 4
229 2841 266 2876 b.

131 2905 324 2952 Relapsus,
342 2916 451 2952 quam
472 2903 519 2939 sit
539 2903 774 2939 credentibus
790 2903 885 2951 peri·
920 2938 923 2962 2

184 2969 334 3005 culosus
356 2970 432 3005 865
455 2980 484 3003 e.

663 200 870 235 INDEX
936 199 1053 234 ΚΕΗ
1077 197 1174 232 UM.

1634 196 1708 229 735

916 321 917 328 ¹
957 319 1096 360 Relicti,
1121 333 1188 368 pro
1210 317 1374 357 Jutlacis,
1401 313 1558 364 posteris
1588 312 1709 349 Jacob

1008 389 1083 421 439
1122 386 1166 427 ‹l;
1217 386 1293 419 440
1340 394 1380 426 c;
1430 380 1474 415 dc
1518 378 1710 425 discipulis

1009 451 1148 486 (Iliristi
1169 450 1310 484 dictum
1333 449 1405 482 441
1432 458 1464 481 a.

955 515 1112 563 Religio,
1131 527 1217 550 vcra
1233 519 1300 554 cst,
1318 510 1539 561 pauperibus
1560 508 1711 544 studere

1009 583 1083 616 267
1106 593 1138 615 a.

956 645 1178 693 Religiosus,
1213 656 1232 679 c
1266 649 1365 678 terra
1404 640 1524 688 periit,
1560 644 1712 674 auctore

1008 709 1182 745 Mic-baca
1205 710 1277 743 454
1302 707 1334 741 d.

956 775 1156 822 Reliquiae,
1178 772 1419 815 Judaeorum,
1441 769 1586 804 futurae
1607 779 1712 815 prae-

1009 839 1182 874 dicuntur
1213 839 1287 873 598
1309 837 1354 881 b3
1387 836 1463 871 599
1485 834 1528 878 b;
1562 831 1712 868 Israelis

1010 902 1298 939 miscricordiam
1347 899 1598 947 adipiscentur
1638 898 1709 932 721

1009 982 1081 1013 ce3
1103 974 1138 1003 et
1160 980 1204 1002 cx
1223 965 1389 1009 Judaeis,
1406 970 1442 1000 et
1463 975 1509 999 cx
1531 961 1712 1004 fidelibus,

1010 1033 1054 1068 ad
1072 1033 1195 1076 finem,
1213 1030 1416 1067 servandae
1437 1034 1523 1064 sunt
1541 1029 1616 1064 796
1639 1038 1711 1070 ac;

1009 1098 1218 1145 impiorum,
1261 1095 1307 1130 ad
1354 1094 1465 1130 tidem
1514 1102 1715 1128 conversae

1011 1165 1087 1199 809
1110 1162 1154 1206 d;
1186 1161 1231 1196 ad
1252 1159 1480 1196 adorandum
1512 1155 1714 1192 ascendent

1011 1229 1088 1263 810
1125 1240 1169 1270 a3
1220 1224 1369 1273 spiritus
1404 1223 1482 1263 viri,
1518 1222 1563 1257 de
1595 1232 1714 1256 uxore

1011 1292 1144 1327 (licitur
1166 1293 1242 1327 846
1264 1303 1294 1326 a.

958 1356 1158 1398 Remissio,
1220 1360 1455 1402 peccatorum
1518 1362 1714 1398 praemon-

1011 1427 1150 1457 stratur
1193 1422 1268 1455 617
1300 1432 1341 1462 e;
1392 1420 1467 1454 618
1499 1419 1535 1455 b.
1603 1414 1718 1470 [Vide

1011 1486 1246 1533 Redemptio,
1268 1480 1497 1534 Peccatum]

958 1551 1142 1587 Remmon
1155 1556 1260 1598 petra
1269 1549 1450 1597 quaedam
1464 1548 1500 1583 in
1515 1547 1715 1583 solitudine

1011 1615 1175 1651 Australi
1195 1614 1362 1651 Judaeae
1384 1615 1461 1649 804
1483 1612 1517 1648 d.

958 1680 1156 1728 Repetitio,
1189 1692 1310 1715 rerum
1346 1678 1488 1714 utilium
1524 1688 1599 1712 non
1635 1689 1714 1711 mo-

1010 1744 1104 1780 lesta
1126 1746 1201 1780 442
1224 1757 1257 1779 a.

957 1808 1196 1856 Reprobaffio,
1241 1808 1475 1854 delapsorum
1525 1817 1618 1853 quae
1666 1806 1714 1841 sit

1012 1875 1086 1910 723
1110 1885 1142 1909 e.

957 1937 1131 1985 Reptilia,
1160 1937 1206 1972 de
1234 1936 1362 1972 fraude
1392 1935 1583 1971 hominum
1616 1947 1714 1983 sym-

1008 2003 1127 2038 bolice
1176 2001 1315 2037 dictum
1371 2003 1419 2036 43
1469 2012 1509 2045 a3
1570 2002 1619 2036 50
1667 1999 1711 2044 d;

1010 2069 1058 2103 67
1081 2079 1111 2102 a.

955 2131 1191 2179 Repudiaffio,
1230 2141 1401 2171 uxorum,
1435 2128 1590 2165 Judaeis
1628 2141 1711 2176 per·

1009 2196 1133 2241 missa,
1163 2208 1183 2231 a
1213 2194 1400 2230 Malachia
1426 2193 1712 2241 reprehenditur

1010 2262 1086 2296 846
1106 2260 1130 2296 b
1143 2273 1172 2296 c.

956 2325 1133 2373 Requies‚
1154 2324 1238 2366 Dei,
1261 2323 1347 2371 quid
1369 2324 1416 2359 sit
1438 2325 1513 2360 730
1535 2323 1572 2358 d.

956 2389 1208 2438 Respondere,
1230 2389 1327 2429 Deo,
1349 2388 1436 2436 quid
1458 2388 1504 2423 sit
1526 2389 1602 2424 594
1622 2400 1643 2423 a
1658 2388 1691 2423 b.

955 2454 1205 2494 Resurrectio,
1241 2451 1394 2493 Christi,
1429 2451 1517 2499 quid
1549 2452 1714 2488 effecerit

1010 2521 1059 2555 22
1078 2531 1118 2563 e3
1150 2517 1335 2565 descripta
1360 2519 1408 2553 30
1430 2529 1471 2561 c;
1503 2515 1561 2552 die
1581 2521 1714 2552 octavo

1008 2582 1168 2630 contigit
1188 2584 1238 2618 90
1259 2581 1303 2627 d;
1336 2593 1446 2628 quam
1465 2580 1573 2616 nobis
1593 2580 1714 2616 valeat

1009 2649 1058 2684 96
1088 2647 1140 2693 b;
1173 2651 1314 2687 nostra,
1344 2657 1480 2681 munus
1510 2657 1531 2680 a
1561 2644 1714 2680 Christo

1009 2711 1137 2747 datum
1177 2712 1226 2747 99
1265 2710 1310 2755 b;
1355 2712 1425 2746 101
1468 2721 1508 2754 a3
1548 2709 1712 2750 Domini,

1010 2788 1082 2823 quo
1120 2787 1233 2810 sensu
1276 2773 1508 2822 expectanda
1545 2779 1636 2816 erat,
1675 2774 1714 2808 in

1009 2839 1265 2875 testimonium
1304 2841 1380 2875 613
1431 2851 1471 2884 e3
1525 2851 1546 2873 a
1592 2837 1714 2873 reditu

1009 2903 1033 2940 J
1039 2904 1240 2939 udaeorum
1258 2908 1560 2951 praemonstrata
1575 2904 1652 2938 614
1673 2902 1713 2949 b;

1012 2967 1173 3004 Satanae
1210 2967 1279 3004 fuit
1318 2967 1444 3009 exitio,
1484 2966 1592 3003 nobis
1640 2966 1713 3003 vita
