2001 3361
288 203 362 237 742
818 202 1036 239 INDEX
1096 203 1342 241 RERUM.

337 321 374 356 in
397 321 548 358 Christo
575 327 632 357 est
662 324 739 358 470
761 323 806 368 d;
831 323 1045 371 justificatis

336 398 400 432 per
439 386 549 420 fidem
590 386 677 422 data
716 389 792 424 534
832 389 876 434 b;
927 389 1045 437 qualis

337 449 491 485 Judaeis
544 450 684 486 indicta
736 452 796 495 sit,
849 453 1045 489 interfecto

337 513 497 549 Godolia
514 517 588 551 708
604 528 644 561 c;
678 519 754 553 709
773 517 849 562 de;
882 520 957 555 710
973 531 991 554 c
1008 531 1042 563 e;

336 590 424 613 vera
460 584 516 614 est
550 579 585 615 in
621 581 852 628 poenitentia
890 586 964 619 712
1001 596 1042 629 a;

333 641 500 684 Judaeis,
528 645 668 692 templo
695 646 830 688 diruto,
863 660 937 683 non
966 655 1044 684 erat

340 709 415 744 720
438 720 469 743 a.

282 770 471 808 Sanctitas
502 781 640 820 quanta
669 776 925 812 sacerdotibus
955 789 1041 812 con-

336 837 460 872 veniat
481 840 557 874 848
581 851 610 874 e.

280 900 456 949 Sanguis,
498 903 651 945 Christi,
691 917 737 940 ex
776 911 856 940 toto
905 906 1042 943 Israele

333 965 540 1003 vindicatus
582 970 630 1004 22
671 981 713 1014 a;
771 969 1040 1011 innocentium,

333 1031 484 1067 Sionem
524 1034 657 1069 evertit
696 1036 769 1070 421
809 1047 850 1079 e3
891 1036 1040 1076 effusus,

331 1097 413 1132 Deo
443 1097 699 1134 odiosissimus
730 1101 804 1135 454
828 1112 868 1143 e;
904 1101 1038 1136 'sesta-

331 1162 459 1203 menti,
510 1175 529 1198 e
577 1163 660 1199 lacu
708 1164 853 1200 vinctos
904 1165 1040 1201 emittit

333 1229 407 1264 738
430 1227 452 1262 b
470 1239 510 1271 c;
548 1227 779 1264 Graecorum
808 1235 844 1264 et
874 1229 1040 1265 hostium

332 1292 417 1334 Dei,
450 1305 522 1340 quo
553 1305 663 1328 sensu
692 1300 826 1341 epotus
858 1297 932 1330 742
955 1295 1037 1339 ad3

332 1360 408 1394 743
431 1369 452 1393 a
468 1357 502 1392 b.

283 1420 453 1469 Sapiens,
488 1427 525 1457 et
559 1422 736 1459 obediens
769 1436 854 1459 cum
891 1424 1038 1461 Sanctis

330 1486 527 1521 collucebit
549 1489 624 1523 405
648 1500 675 1523 c.

279 1550 488 1598 SapienteS,
543 1564 705 1599 augures
762 1553 1037 1595 Idumaeomm,

330 1616 522 1651 stellarum
570 1616 829 1653 observatores
874 1621 947 1655 358
990 1618 1036 1664 d;

331 1680 423 1716 falsa
445 1693 509 1727 spe
526 1680 702 1717 victoriae
719 1695 782 1718 eos
803 1683 1037 1730 decipiebant

332 1747 407 1782 358
431 1758 461 1780 e.

276 1811 381 1850 Sara,
397 1823 508 1857 quare
526 1810 715 1847 incredula
731 1811 776 1847 de
792 1813 1036 1859 parturitione

329 1888 396 1910 sua
419 1877 493 1911 717
516 1888 537 1910 a
553 1875 586 1910 b.

276 1940 442 1984 Sarasar,
465 1939 784 1976 Samaritanorum
811 1942 899 1985 duX,
922 1943 1035 1978 mittit

330 2005 604 2053 interrogatum
639 2005 683 2041 de
712 2006 856 2053 jejunio
888 2009 962 2043 708
989 2007 1034 2053 b;

330 2072 404 2106 709
427 2083 466 2115 c;
500 2072 575 2106 710
598 2070 632 2105 d.

275 2135 440 2181 Sarepta,
455 2147 522 2182 pro
539 2134 741 2170 Phoenicia
757 2135 866 2175 dicta,
880 2135 1035 2173 Judaeis

329 2199 364 2234 in
386 2199 659 2246 possessionem
683 2199 864 2246 promissa
887 2203 962 2237 362
985 2202 1019 2236 d.

275 2263 445 2304 Satanas,
479 2264 623 2299 belluae
658 2263 786 2299 similis
821 2266 869 2301 53
907 2266 951 2310 d;
996 2267 1033 2301 in

330 2328 482 2364 Christo
521 2329 639 2364 victus
683 2331 730 2365 53
772 2341 815 2373 e;
866 2332 938 2366 271
983 2344 1031 2376 a;

330 2395 405 2429 484
423 2393 467 2438 b;
500 2393 606 2441 Legi,
623 2399 659 2428 et
675 2394 885 2442 Prophetis,
903 2395 1033 2431 adver-

329 2464 430 2493 satus
446 2458 514 2493 fuit
531 2460 580 2494 60
595 2471 632 2500 a;
661 2459 809 2494 vasibus
826 2459 901 2495 suis
915 2473 936 2495 a
950 2459 1029 2496 Sal-

325 2530 454 2558 vatore
474 2523 653 2569 spoliatus
674 2524 719 2559 61
738 2536 779 2568 a;
803 2526 875 2560 501
894 2524 938 2570 b;
968 2531 1032 2561 aut

327 2587 400 2622 cito
415 2587 703 2635 oppugnandus,
719 2594 783 2624 aut
800 2588 1031 2626 obediendus

330 2653 401 2687 162
424 2652 472 2697 b3
512 2652 558 2687 ab
585 2651 774 2700 Aquilone
800 2654 964 2695 veniens,
994 2662 1031 2691 et

323 2715 560 2764 frigefaciens
582 2719 658 2753 222
681 2729 701 2752 a
716 2729 757 2763 c;
789 2718 923 2765 abysso
944 2731 1031 2754 con-

325 2780 434 2822 ditus,
470 2781 626 2816 locustis
664 2782 840 2818 extinctis
879 2796 1028 2830 compa-

324 2850 426 2879 ratur
443 2847 518 2881 223
534 2845 556 2881 b
570 2858 578 2890 ;
599 2846 782 2882 foetorem
797 2847 1028 2883 locustarum

325 2908 437 2944 refert
476 2911 552 2946 223
592 2922 636 2955 ος
680 2911 846 2947 locustae
886 2912 1027 2953 similis,

326 2983 455 3008 omnes
502 2973 646 3010 fruetus
688 2975 829 3023 gratiae
874 2976 1028 3013 devorat

1559 221 1874 246 SANCTIFICATIO.

1174 327 1249 361 225
1299 326 1347 371 b3
1406 326 1640 374 importunus
1697 335 1878 376 tyrannus

1172 391 1247 426 235
1271 390 1315 431 b;
1353 391 1422 426 sub
1453 404 1612 438 persona
1632 391 1877 440 Assyriorum

1170 454 1367 490 damnatus
1389 457 1465 492 245
1489 469 1528 501 c;
1562 457 1620 492 leo
1643 469 1753 505 super
1773 470 1879 505 prae-

1169 518 1252 553 dam
1305 520 1469 568 rugiens,
1510 534 1528 556 a
1570 522 1678 556 Bono
1724 522 1878 557 Pastore

1170 583 1323 631 fugatur
1356 585 1430 620 285
1465 598 1509 631 a3
1553 585 1720 621 fallaciae
1754 585 1876 621 archi-

1168 653 1289 683 tectus
1320 651 1396 685 326
1423 650 1475 695 d3
1510 650 1789 685 mendaciorum
1819 650 1875 685 in-

1167 719 1300 748 ventor
1322 716 1399 749 420
1422 727 1464 754 c;
1500 714 1735 762 tyrannidem
1767 726 1878 762 super

1169 777 1310 813 Gentes
1332 778 1530 814 exercebat
1552 781 1627 814 427
1646 792 1688 820 a;
1720 779 1875 814 eandem

1169 841 1321 877 Christo
1716 842 1878 891 perdidit

1167 907 1242 942 427
1285 907 1333 949 b;
1386 920 1471 943 cum
1516 908 1760 944 daemonibus
1801 907 1876 943 suis

1166 972 1306 1019 ejectus
1337 975 1412 1008 427
1435 985 1480 1018 c3
1514 986 1579 1020 per
1604 979 1734 1021 typum
1759 974 1874 1020 Assy-

1166 1036 1306 1072 riorum
1351 1037 1582 1084 significatus
1632 1041 1706 1074 438
1748 1050 1793 1081 c;
1855 1049 1876 1072 a

1391 843 1646 890 triumphante

1167 1100 1327 1141 Sanctis,
1354 1102 1458 1149 quasi
1487 1115 1627 1143 morsu,
1660 1102 1875 1150 spoliandus

1166 1168 1242 1201 439
1265 1166 1313 1210 d3
1345 1166 1445 1201 domi
1474 1179 1636 1208 manere,
1661 1173 1761 1203 metu
1792 1167 1872 1204 Sal-

1165 1230 1318 1271 vatoris,
1350 1231 1586 1278 compellitur
1616 1234 1692 1267 440
1714 1232 1758 1277 d;
1793 1233 1873 1275 soli,

1164 1294 1238 1329 lilia
1311 1295 1560 1336 comburenti,
1636 1303 1873 1344 comparatus

1165 1362 1237 1395 441
1256 1359 1294 1404 b;
1318 1360 1362 1395 ab
1381 1360 1570 1407 Apostolis
1592 1361 1712 1396 victus
1734 1363 1809 1398 442
1828 1362 1871 1407 d;

1163 1430 1316 1472 propter
1355 1424 1529 1460 duritiem
1571 1425 1685 1472 lapidi
1723 1438 1872 1473 compa-

1162 1495 1263 1524 ratus
1286 1491 1361 1526 483
1385 1502 1429 1534 e,
1461 1503 1482 1524 a
1503 1489 1654 1525 Christo
1680 1490 1871 1537 subjectus

1162 1556 1238 1590 484
1270 1554 1320 1598 b,-
1363 1554 1451 1589 item
1486 1567 1507 1589 a
1542 1555 1679 1590 sanctis
1715 1557 1792 1590 484
1823 1568 1872 1601 c;

1162 1630 1226 1666 per
1258 1618 1451 1654 Christum
1488 1619 1691 1665 spoliatus;
1737 1632 1758 1654 a
1794 1620 1870 1655 suis

1162 1683 1344 1718 deseritur
1379 1685 1450 1718 501
1487 1682 1509 1718 b
1530 1695 1576 1728 c3
1620 1696 1686 1731 per
1717 1685 1869 1731 Cyrum,

1160 1753 1291 1794 utpote
1314 1747 1492 1795 Assyriae
1516 1761 1657 1796 regem,
1680 1750 1866 1798 praefigu-

1160 1818 1261 1847 ratus
1285 1814 1360 1847 514
1377 1825 1418 1854 c;
1443 1824 1583 1860 sagena
1603 1814 1740 1849 erroris
1760 1827 1867 1850 mun-

1160 1877 1248 1911 dum
1288 1876 1449 1917 inclusit,
1490 1877 1731 1913 nihilominus
1775 1879 1866 1927 deji-

1160 1942 1276 1977 cietur
1311 1944 1386 1977 516
1423 1954 1465 1983 a;
1512 1942 1583 1977 Dei
1618 1949 1866 1991 contemptor,

1159 2006 1351 2041 hominum
1391 2006 1602 2050 devorator,
1644 2007 1868 2044 describitur

1161 2074 1236 2108 530
1276 2084 1323 2116 c3
1373 2084 1513 2118 sagena
1558 2072 1699 2118 peccati
1744 2085 1866 2121 genus

1158 2137 1361 2172 humanum
1425 2136 1635 2171 interclusit
1698 2140 1771 2173 531
1823 2150 1864 2183 c;

1159 2203 1235 2237 537
1257 2201 1305 2246 b;
1339 2203 1413 2236 538
1437 2200 1482 2243 d;
1513 2201 1730 2248 praesertim
1753 2202 1864 2237 inter-

1156 2266 1316 2301 fectores
1338 2265 1477 2300 Christi
1503 2267 1577 2301 531
1597 2278 1639 2307 e;
1671 2279 1692 2301 a
1713 2266 1864 2303 Christo

1157 2330 1435 2377 exsuperandus
1457 2330 1586 2372 serius,
1604 2343 1717 2379 ocyus
1736 2334 1812 2368 533
1828 2344 1863 2377 e;

1156 2407 1221 2442 per
1250 2394 1428 2442 myricam
1464 2395 1601 2431 deserti
1633 2396 1864 2443 significatur

1157 2462 1232 2495 534
1256 2472 1302 2505 a3
1336 2472 1402 2507 per
1433 2461 1687 2508 Arrogantem
1719 2463 1795 2497 534
1817 2461 1861 2506 d;

1156 2524 1368 2571 cupiditatis
1388 2524 1606 2560 insatiabilis
1632 2530 1688 2560 est
1718 2527 1794 2562 535
1815 2537 1860 2571 c3

1155 2601 1250 2636 quae
1278 2602 1353 2624 non
1385 2601 1451 2625 sua
1481 2595 1580 2630 sunt,
1612 2590 1681 2625 sibi
1710 2595 1861 2637 arrogat

1156 2655 1231 2690 536
1271 2666 1314 2698 e;
1358 2654 1404 2689 ab
1442 2654 1634 2701 Apostolis
1681 2654 1860 2702 spoliatus

1156 2721 1231 2755 537
1254 2719 1333 2763 bc3
1370 2731 1390 2754 a
1419 2717 1572 2754 Christo
1600 2719 1687 2766 Ipso
1718 2721 1794 2754 537
1815 2730 1858 2759 e;

1153 2796 1174 2818 a
1195 2782 1344 2819 Sanctis
1366 2785 1440 2819 538
1463 2783 1508 2824 b;
1542 2795 1563 2818 a
1581 2782 1801 2818 Justificatis
1822 2782 1861 2817 in

1152 2847 1225 2883 fide
1261 2849 1335 2884 538
1368 2847 1410 2892 d;
1447 2846 1657 2882 ambitionis
1691 2846 1858 2882 infinitae

1152 2917 1209 2948 est
1248 2914 1324 2949 539
1363 2924 1407 2952 c;
1460 2916 1622 2958 quantus
1663 2910 1859 2947 hominum

1151 2988 1361 3024 oppressor,
1375 2980 1555 3023 quantum
1571 2974 1608 3010 in
1622 2975 1775 3012 Christo
1791 2988 1855 3023 op-
