2060 3387
155 170 209 211 xi.
229 186 267 227 3.
510 176 582 216 IN
629 177 1048 219 ZACHARIAM.
1112 178 1263 219 TOM.
1299 178 1376 218 IV.
1659 179 1743 216 449

152 282 195 329 οἱ
231 283 478 334 θεσπέσιοι
512 287 717 349 μαθηταὶ
758 288 833 336 καὶ
875 290 917 336 οἱ
961 291 1054 337 τῶν
1092 289 1359 351 ἐκκλησιῶν
1400 284 1518 336 κατὰ
1558 282 1743 349 καιροὺς

1807 361 1923 391 wrm..

152 361 415 427 ἡγούμενοι,
456 365 586 417 66τὸν
628 370 712 431 τῆς
759 368 982 431 ἀληθείας
1025 369 1389 433 ὀρθοτομοῦντες
1435 365 1623 432 λόγον,”
1669 367 1742 416 καὶ
1806 405 1905 441 ihm.

152 446 214 496 εἱς
253 449 348 495 πᾶν
389 448 544 499 ὁτιοῦν
579 453 673 499 τῶν
707 449 970 500 τελούντων
1009 454 1071 504 εἰς
1111 449 1276 514 ὄνησιν
1308 449 1394 514 τὴν
1427 447 1744 512 πνευματικὴν

152 526 445 593 ἀποκομίζειν
471 530 639 584 εἰδότες
666 530 724 581 τὰ
752 530 841 582 ὑπὸ
868 536 999 598 χεῖρα
1028 533 1284 597 θρέμματα.

110 625 132 663 5
228 609 418 660 Οὐκοῦν
437 610 747 681 τεθρηνήκασιν
766 616 807 663 οἱ
831 615 1209 679 ψευδοποίμενες,
1230 614 1290 665 ’ότι
1316 614 1704 681 τεταλαιπωρηκεν
1724 638 1745 672 η

152 691 452 757 μεγαλωσύνη
479 694 630 746 αὐτῶν·
673 695 890 758 σημαίνει
916 695 963 746 δὲ
991 701 1127 746 τοῦτο
1155 698 1229 746 καὶ
1256 696 1362 746 καθ’
1385 695 1541 760 ἕτερον
1569 694 1744 760 τρόπον
1763 703 1788 742 b

154 770 285 825 εὐθὺς
336 774 570 843 ἐπιφέρων
614 776 724 836 Φωνῆ
772 775 1006 845 ὠρυομένων
1051 782 1228 829 λεόντων
1274 780 1334 828 ’ότι
1380 776 1747 844 τεταλαιπωρηκε

154 853 199 904 τὶ)
244 854 473 923 φρύαγμα
512 860 583 909 τοῦ
621 856 841 925 Ἰορδάνου.
910 859 1125 925 ὠρυγμὸς
1170 859 1253 921 μὲν
1292 859 1386 925 γάρ
1429 860 1533 909 ἐστι
1579 859 1746 924 κυρίως

152 934 181 997 ἡ
225 940 320 986 τῶν
364 937 522 989 λύκων
561 939 710 1009 φωνὴ,
755 939 813 1005 ἢν
857 940 913 991 ἂν
956 946 1175 1003 ποιοῖντο,
1223 943 1462 994 κλαίοντες
1505 941 1576 991 ἐπὶ
1622 947 1747 1010 λιμῷ

86 1038 134 1063 10
153 1040 203 1068 τε
241 1018 317 1070 καὶ
355 1020 573 1075 ἀσιτίαις.
643 1022 825 1090 δέχεται
865 1022 913 1073 δὲ
951 1029 1088 1074 τοῦτο
1128 1025 1202 1073 καὶ
1245 1025 1320 1074 ἐπὶ
1361 1024 1537 1074 λεόντων
1579 1024 1606 1086 ἡ
1646 1024 1746 1073 θεία

153 1100 333 1170 γραφή.
401 1107 744 1171 κατεφωρῶντο
784 1105 939 1155 τοίνυν
980 1108 1021 1155 οἱ
1063 1109 1156 1155 τῶν
1197 1105 1465 1156 Ἰουδαϊκῶν
1505 1127 1743 1170 προεστη-

154 1181 285 1237 Κότες
336 1184 590 1249 ταγμάτων
633 1189 695 1239 ὡς
738 1186 906 1239 λέοντες
953 1188 1189 1254 ὠρυόμενοι,
1239 1184 1453 1237 τουτέστι
1501 1186 1745 1239 πεινῶντές

154 1287 204 1315 τε
254 1267 330 1316 καὶ
375 1267 629 1330 κλαίοντες,
676 1268 822 1319 διάτοι
866 1267 920 1318 τὸ
965 1267 1030 1332 μὴ
1075 1268 1195 1335 ἔχειν
1237 1268 1320 1322 τὰς
1370 1270 1418 1319 ἐκ
1470 1273 1563 1319 τῶν
1616 1273 1747 1318 λαῶν

156 1349 495 1416 καρποφορίας,
534 1349 742 1411 δεκάτας,
783 1348 1014 1416 ἀπαρχὰς,
1055 1349 1405 1418 εὐχαριστήρια.
1462 1349 1616 1413 ἐπειδὴ
1652 1349 1745 1415 γὰρ

90 1441 136 1480 15
156 1431 238 1492 τῆς
280 1430 456 1494 ἀγέλης
499 1432 869 1494 ἐκπεπτώκασιν,
915 1432 997 1482 οὐκ
1038 1431 1102 1482 ε”τι
1147 1437 1242 1486 τοῖς
1286 1432 1343 1501 ἐξ
1383 1433 1525 1495 αὐτῆς
1567 1455 1741 1495 κατηυ-

157 1511 411 1578 φραίνοντο
438 1519 646 1579 καρποῖς.
1765 1530 1786 1554 0

231 1597 290 1643 El
322 1593 369 1644 δὲ
404 1595 461 1658 δή
492 1618 560 1649 τις
595 1596 736 1647 οἴοιτο
772 1599 846 1647 καὶ
883 1599 945 1650 ὡς
980 1598 1027 1647 ἐν
1052 1595 1181 1665 τάξει
1216 1596 1391 1648 λεόντων
1422 1595 1746 1662 κατωρύεσθαι

155 1679 238 1725 τοῦ
286 1679 503 1741 Χριστοῦ
540 1677 648 1732 τοῦς
689 1683 979 1744 γραμματεῖς
1019 1701 1069 1728 τε
1116 1679 1190 1728 καὶ
1237 1679 1544 1744 Φαρισαίους·
1605 1701 1747 1728 κατα-

157 1757 452 1823 κεκράγεσαν
492 1759 585 1826 γὰρ
626 1761 782 1823 αὐτοῦ,
822 1763 898 1811 καὶ
936 1759 1020 1813 τὰς
1058 1761 1108 1810 ἐκ
1147 1758 1327 1827 φθόνου
1365 1761 1440 1809 καὶ
1479 1761 1746 1819 βασκανίας

89 1854 138 1879 20
158 1840 233 1889 καὶ
257 1838 462 1905 ἀκράτου
485 1843 652 1903 μανίας
679 1841 975 1909 κατηφίεσαν
996 1839 1172 1909 φωνὰς,
1197 1841 1492 1906 Σαμαρείτην
1513 1841 1744 1906 λέγοντες,
1809 1860 1840 1891 S.
1855 1860 1957 1890 Joan.

155 1919 366 1983 μέθυσον
408 1923 754 1977 ἀποκαλοῦντες
806 1926 878 1974 καὶ
923 1925 972 1973 ἐκ
1015 1923 1231 1988 πορνείας
1276 1922 1626 1988 γεγεννημένον,
1670 1925 1744 1974 καὶ
1807 1903 1944 1984 {12'48'

157 2008 185 2031 “
214 2000 341 2068 Αἶρε,
363 2001 478 2069 αἶρε,
502 2004 711 2070 σταύρου
737 2003 924 2056 αὐτόν·”
962 2004 1021 2055 τὰ
1046 2003 1198 2055 εἰκότα
1224 2004 1453 2074 φρονήσει
1480 2007 1554 2056 καὶ
1583 2006 1742 2058 οὕτως.
1807 1989 1971 2073 ΞῑΜῙῗὼ

155 2083 286 2148 πλὴν
319 2089 356 2135 εὶ
390 2087 465 2136 καὶ
501 2087 778 2152 ε’πωρύοντο,
818 2088 1277 2155 τεταλαιπωρῆκασιν
1311 2088 1364 2137 οὐ
1401 2088 1617 2153 μετρίως,
1655 2087 1738 2152 ἥρ·
1807 2076 1956 2157 23³⁰&

156 2166 284 2232 γησέ
303 2189 353 2217 τε
378 2168 423 2219 τὶ
451 2168 680 2237 φρύαγμα
705 2171 776 2220 τοῦ
803 2166 1022 2237 Ἰορδάνου.
1053 2171 1128 2219 καὶ
1156 2168 1205 2219 τί
1229 2167 1285 2232 δὴ
1317 2168 1453 2219 τοῦτο’
1485 2171 1629 2231 ἐστιν,
1655 2170 1743 2235 ε’ρῶ
1763 2178 1789 2218 (1

91 2262 139 2300 25
158 2247 319 2299 πάλιν.
375 2251 607 2316 παραρῥεῖ
634 2250 718 2313 μὲν
750 2250 842 2317 γὰρ
882 2252 906 2301 ὁ
937 2248 1144 2319 Ἰορδάνης
1184 2249 1269 2314 τὴν
1298 2249 1492 2318 Ἱεριχὼ,
1525 2256 1745 2302 πλεῖστοι

160 2330 208 2380 δὲ
253 2328 360 2380 ὅσοι
400 2333 505 2396 περὶ
548 2331 689 2382 αὐτὸν
733 2336 775 2383 οἱ
819 2332 1000 2394 λέοντες,
1047 2330 1454 2399 καταβρυχόμενοί
1496 2355 1545 2383 τε
1589 2335 1746 2385 δεινῶς

160 2413 235 2462 καὶ
278 2411 520 2480 ἀφόρητον
559 2418 654 2465 τοῖς
699 2415 957 2464 ἐνοικοῦσιν
998 2415 1187 2467 ἐνιέντες
1230 2413 1284 2464 τὸ
1331 2417 1479 2476 δεῖμα.
1548 2419 1747 2464 τοιοῦτοι

208 2655 238 2689 7.
267 2645 363 2680 εὐθὺς
382 2645 459 2679 C.b.
479 2645 556 2688 ἡμῖν
575 2645 666 2680 Edd.
1086 2647 1118 2680 8.
1146 2645 1317 2691 ὠρυγμὸς]
1338 2647 1469 2690 ὠρυμὸς
1487 2645 1528 2679 C.
1548 2648 1695 2690 ὁρυγμὸς
1713 2647 1747 2681 b.

161 2691 297 2737 κυρίως]
317 2693 454 2727 τελείως
471 2692 505 2726 b.
881 2703 913 2735 9.
939 2691 1050 2725 λύκων
1068 2691 1194 2726 B.C.b.
1212 2694 1361 2726 λεόντων
1379 2691 1470 2725 Edd.
1537 2694 1696 2728 κλαόντες
1713 2693 1746 2726 b.

165 2749 217 2771 10.
243 2738 389 2774 ἀσιτίαις
408 2738 486 2773 C.b.
509 2738 688 2784 [ἀσιτείαις
707 2737 765 2783 0.]
785 2738 900 2782 ἀσιτίᾳ
919 2738 1010 2771 Edd.
1367 2750 1379 2771 1
1392 2749 1418 2771 1.
1446 2740 1684 2782 κατεφορῶντο
1704 2739 1745 2773 C.

166 2795 219 2818 12.
245 2786 400 2819 τουτέστι
418 2792 641 2830 assumptum
659 2797 700 2818 ex
720 2784 760 2818 C.
1229 2784 1282 2818 16.
1309 2786 1448 2828 καρποῖς
1467 2783 1507 2817 C.
1525 2786 1635 2819 τόκοις
1653 2784 1745 2818 Edd.

166 2831 220 2864 18.
248 2832 539 2875 κατηκεκράγεσαν
557 2831 597 2865 C.
617 2831 917 2875 κατεκεκράγεισαν
936 2830 995 2863 iid.
1309 2841 1362 2863 22.
1389 2830 1493 2865 οὕτως
1512 2829 1553 2864 C.
1572 2830 1668 2865 οὗτος
1685 2831 1745 2864 iid.

165 2887 220 2920 23.
246 2877 376 2921 ἤργησέ
392 2892 427 2911 τε
447 2877 487 2911 C.
506 2880 636 2923 ἤργησε
655 2878 688 2911 b.
708 2877 758 2911 ὅτι
776 2878 1046 2920 τεταλαιπωρηκε
1065 2876 1158 2910 Edd.
1600 2888 1654 2918 25.
1680 2878 1746 2922 γὰρ

165 2929 386 2967 assumptum
405 2936 446 2957 ex
466 2924 544 2958 C.b.
889 2923 944 2957 26.
969 2923 1046 2967 περὶ
1063 2922 1165 2966 αὐτὴν
1182 2922 1216 2956 b.
1282 2923 1574 2968 καταβρυχόμενοί
1593 2923 1633 2957 C.
1654 2923 1747 2958 Edd.

165 2971 463 3013 καταβρυχὼμενοί
482 2970 562 3004 B.b.
614 2970 739 3004 Statim
755 2984 791 3004 τε
809 2982 879 3004 om.
900 2969 940 3003 C.
960 2969 1063 3003 habet
1080 2969 1115 3004 b.

224 3036 315 3064 VOL.
340 3036 386 3064 11.
927 3037 949 3077 3
973 3036 1003 3062 M
