1997 3361
68 156 122 198 iii.
140 172 178 212 9.
455 160 529 201 IN
570 160 986 200 ZACHARIAM.
1048 159 1197 199 ΤΟΜ.
1232 159 1266 198 Ι.
1561 158 1642 194 :3723

70 273 96 296 ‘⁶
121 268 203 318 οὑκ
241 268 343 320 ἔστι
378 271 528 324 κτίσις
562 270 746 338 ἀφανὴς
783 270 977 321 ἐνώπιον
1016 270 1168 320 αὐτοῦ·
1207 266 1361 319 πάντα
1402 264 1449 316 δὲ
1490 265 1643 330 γυμνὰ

71 357 96 378 “
122 353 197 401 καὶ
230 352 635 420 τετραχηλισμένα
673 358 767 406 τοῖς
805 354 1071 421 ὀφθαλμοῖς
1110 351 1289 413 αὐτοῦ,”
1325 347 1442 400 κατὰ
1479 346 1533 398 τὸ
1568 369 1645 412 γε-
1664 370 1684 391 1:

69 433 351 499 γραμμένον.

65 615 176 657 Ἰδοὺ
209 615 295 663 ὲΓὼ
332 616 502 673 &possm
540 617 706 673 βόθρον,
733 617 845 664 mitra
882 616 1029 673 Κύριος
1055 617 1380 672 Παντοκράτωρ,
1409 612 1477 653 καὶ
1509 621 1647 663 ψηλα-

29 708 51 746 5
137 700 264 755 φήσω
290 703 432 742 Πᾶσαν
459 701 534 742 τὴν
562 700 728 742 ἀδικίαν
756 706 829 742 τῆς
856 706 927 748 Γιῖιε
954 700 1119 741 &xc-:ivae
1146 701 1190 741 ἐν
1219 699 1355 757 ἡμέρᾳ
1382 700 1470 756 μιᾷ.

135 816 351 887 ’Έδειξεν
390 818 502 869 ὅντα
543 820 618 869 καὶ
658 822 760 887 φῶς
800 820 874 869 καί
913 817 1149 882 ἀνατολὴν
1186 816 1269 868 τὸν
1309 815 1485 882 Κύριον
1519 815 1649 878 ἡμῶν

69 899 258 963 Ἰησοῦν
291 898 520 966 Χριστὸν,
553 902 627 951 καὶ
662 900 733 951 ὅτι
766 905 860 954 τοῖς
897 901 946 951 ἐν
983 899 1142 969 σκότῳ
1174 901 1249 950 καὶ
1280 901 1394 966 σκιᾷ
1431 896 1648 957 θανάτου,
1711 884 1842 968 J'7I‘jf¹‘²

71 980 285 1032 τουτέστι
311 987 405 1036 τοῖς
436 982 822 1047 πεπλανημένοις,
851 983 996 1048 αὐγῆς
1021 981 1296 1049 ἀναλάμψει
1324 981 1467 1044 δίκην.
1538 977 1648 1028 ἀλλ’

71 1062 129 1128 ἧν
156 1065 408 1130 ἀναγκαῖον
443 1066 518 1115 καί
556 1063 609 1115 τὸ
647 1068 729 1128 τῆς
768 1065 1027 1129 οἰκονομίας
1061 1065 1468 1130 προαναφωνῆσαι
1493 1061 1651 1127 πέρας,
1670 1082 1691 1105 a
1718 1072 1802 1106 679
1821 1068 1871 1102 Α·

9 1165 55 1190 10
72 1145 298 1208 τουτέστι,
325 1145 407 1196 τὸν
446 1146 558 1213 ὑπὲρ
593 1147 726 1210 ἡμῶν
757 1146 977 1198 ἁπάντων
1004 1145 1219 1209 θάνατον,
1247 1144 1300 1196 ὃν
1325 1144 1440 1195 ἑκὼν
1467 1142 1651 1205 ἀνέτλη,

72 1231 265 1298 σταυρῷ
287 1228 524 1294 παραδοὺς
549 1227 604 1280 τὸ
630 1229 745 1280 ’ίδιον
770 1233 926 1293 σῶμα,
954 1230 1025 1297 ἐφ’
1055 1226 1092 1297 ᾧ
1119 1230 1192 1278 καὶ
1220 1227 1273 1278 τὸ
1299 1231 1392 1277 τῶν
1417 1227 1655 1276 Ἰουδαίων

71 1311 446 1376 προσκέκρουκεν
479 1310 621 1373 ἔθνος,
655 1315 731 1361 καὶ
768 1313 851 1374 τῆς
887 1309 1005 1376 πρὸς
1044 1309 1186 1360 αὐτὸν
1221 1307 1497 1372 οἰκειότητος
1531 1309 1649 1357 ἀπο-

74 1393 321 1457 βέβληται.
390 1391 545 1456 ἐπειδὴ
589 1391 682 1458 γὰρ
727 1394 780 1443 οὐ
831 1393 1049 1447 συνέντες
1099 1395 1141 1442 οἱ
1186 1392 1377 1442 δείλαιοι
1420 1392 1501 1453 τῆς
1539 1387 1657 1452 μετὰ

75 1473 251 1541 σαρκὸς
282 1475 543 1537 οἰκονομίας
569 1474 622 1525 τὸ
648 1473 924 1541 μυστήριον,
956 1471 1241 1541 κυριοκτόνοι
1279 1470 1521 1538 γεγόνασι,
1547 1493 1657 1522 ταυ-

10 1573 55 1610 15
75 1555 204 1624 τῄτοι
235 1558 310 1607 καὶ
347 1556 479 1620 μαλά
512 1556 697 1610 εἰκότως
732 1557 1012 1608 ἀπώλισθον
1050 1559 1132 1621 τῆς
1170 1556 1372 1617 ἐλπίδος,
1412 1555 1487 1605 καὶ
1526 1554 1658 1604 κακοὶ

76 1643 224 1692 κακῶς
265 1639 565 1702 ἀπολώλασι,
601 1643 767 1693 δειναῖς
806 1641 881 1690 καί
918 1638 1141 1707 ἀφύκτοις
1180 1636 1424 1690 ε’ναλόντες
1462 1640 1655 1702 συμφο-

76 1725 191 1788 ραῖς.
258 1719 398 1790 βόθρῳ
434 1720 490 1785 δὴ
522 1722 603 1772 οὖν
636 1721 897 1788 παρεικάζει
935 1721 1017 1772 τὸν
1054 1726 1137 1772 τοῦ
1173 1723 1392 1785 Σωτῆρος
1430 1716 1655 1783 σταυρόν.

76 1801 355 1854 πεπτώκασι
383 1801 475 1869 γὰρ
508 1802 670 1869 ὥσπερ
706 1807 766 1856 εἰς
801 1802 945 1873 βόθρον
971 1806 1013 1853 οἱ
1038 1801 1092 1854 τὸ
1119 1800 1398 1853 δεσποτικὸν
1424 1798 1658 1867 ἐκχέοντες
1677 1806 1702 1845 b

79 1883 207 1948 αἷμα,
235 1886 309 1934 καὶ
343 1889 534 1954 σταυρῷ
569 1889 857 1952 παραδοῦναι
882 1884 1210 1949 τολμήσαντες
1234 1883 1316 1935 τὸν
1339 1881 1550 1950 ἀρχηγὸν
1576 1884 1658 1945 τῆς
1719 1886 1808 1969 ἓξὲξ
1821 1884 1877 1958 ΤΙΤ-

12 1989 61 2013 20
81 1966 210 2033 ζωῆς.
279 1970 315 2017 εἰ
354 1966 402 2017 δὲ
440 1966 578 2021 αὐτὸς
609 1968 634 2018 ὁ
665 1966 834 2032 Πατὴρ
866 1966 948 2018 τὸν
982 1965 1123 2036 βόθρον
1157 1965 1424 2032 ὂρωρυχέναι
1449 1963 1654 2029 λέγοιτο,
1722 1981 1771 2012 15·

81 2048 467 2115 σκανδαλιζέσθω
499 2048 672 2113 μηδείς·
713 2050 921 2100 ἐννοείτω
956 2048 1003 2100 δὲ
1034 2053 1243 2113 μᾶλλον,
1272 2049 1334 2102 ὡς
1368 2046 1660 2111 ἐκμεμέστω-

82 2131 163 2181 ταί
190 2153 291 2184 πως
325 2131 585 2194 οἰκονομίας
619 2131 644 2181 ὁ
679 2130 838 2195 λόγος.
902 2130 1061 2195 ὅμοιον
1086 2130 1179 2196 γὰρ
1205 2127 1342 2181 τοῦτό
1370 2130 1472 2179 ἐστι
1497 2131 1562 2198 τῷ
1586 2126 1659 2178 διὰ

1720 2206 1750 2237 S.
1765 2206 1865 2236 Joan.

82 2216 297 2279 Χριστοῦ
331 2217 497 2280 σοφῶς
526 2236 575 2264 τε
610 2216 684 2264 καὶ
717 2215 918 2279 ἀτρεκῶς
957 2213 1178 2281 εἰρημένῳ
1218 2219 1244 2241 “
1265 2215 1347 2265 Εἰς
1387 2215 1527 2276 κρῖμα
1571 2207 1661 2274 ἐγώ
1721 2251 1764 2280 ix.
1781 2258 1832 2290 39-

84 2302 111 2324 “
135 2298 198 2349 εἰς
234 2295 317 2346 τὸν
350 2294 531 2359 κόσμον
569 2300 734 2345 τοῦτον
771 2292 935 2358 ἦλθον,
961 2294 1036 2344 ἵνα
1075 2297 1115 2345 οἱ
1153 2293 1217 2358 μὴ
1255 2292 1513 2354 βλέποντες
1544 2291 1659 2351 βλέ-

19 2395 66 2434 25
86 2383 113 2406 ‘⁶
138 2399 279 2439 πωσι,
319 2379 393 2427 καὶ
433 2380 475 2427 οἱ
518 2377 775 2437 βλέποντες
817 2377 991 2445 τυφλοὶ
1028 2374 1298 2442 γένωνται.”
1362 2375 1523 2435 καίτοι,
1561 2376 1661 2425 πῶς

86 2459 168 2509 οὐκ
218 2457 388 2522 ἀληθὲς
438 2462 592 2521 εἰπεῖν,
636 2460 697 2511 ὡς
743 2458 797 2508 οὐ
847 2456 1017 2521 ταύτης
1067 2457 1197 2507 ἕνεκα
1247 2454 1538 2522 παραγέγονε
1579 2456 1699 2517 τῆςρ

87 2540 249 2599 αἰτίας,
277 2540 352 2591 ἵνα
388 2543 562 2609 τυφλοὶ
595 2539 823 2606 γένωνταί
848 2558 979 2592 τινες·
1022 2537 1131 2589 ἀλλ’
1159 2539 1187 2602 ἡ
1213 2541 1307 2588 τῶν
1337 2536 1400 2600 μὴ
1433 2535 1662 2587 νοούντων

136 2708 169 2739 4.
194 2696 303 2741 ὀρύξω
322 2696 359 2730 F.
379 2695 471 2731 Edd.
488 2695 551 2741 (cf.
570 2695 692 2741 infra.)
839 2694 872 2729 6.
898 2693 978 2728 ὅντα
997 2693 1036 2728 C.
1055 2693 1157 2729 ὅντως
1175 2692 1266 2727 Edd.
1317 2692 1442 2727 Statim
1460 2692 1514 2725 καὶ
1531 2703 1599 2726 om.
1620 2691 1661 2726 C.

92 2751 124 2788 7.
152 2745 263 2789 σκότῳ
282 2743 322 2778 C.
342 2744 457 2778 σκότει
475 2742 568 2777 Edd.
846 2742 879 2776 8.
907 2741 1010 2786 αὐγῆς
1028 2741 1069 2774 C.
1086 2741 1250 2783 ἀνατολῆς
1267 2739 1357 2773 Edd.
1406 2739 1602 2782 ἀναλάμψει
1621 2737 1662 2773 C.

90 2789 268 2835 ἀνέλαμψε
287 2789 378 2824 Edd.
799 2800 831 2834 9.
861 2788 1148 2832 προαναφωνῆσαι
1167 2786 1258 2820 C.D.
1276 2787 1551 2830 προαναφανῆναι
1572 2784 1662 2818 Edd.

96 2846 218 2881 13—15.
247 2836 344 2871 Haec
360 2838 419 2880 τῆς
434 2836 618 2880 μετὰ-καὶ
635 2836 727 2880 μάλα
744 2834 870 2869 desunt
887 2836 923 2869 in
942 2833 1033 2868 Edd.
1052 2833 1166 2868 invitis
1186 2832 1322 2866 B.C.D.
1531 2832 1583 2866 18.
1610 2832 1663 2865 ἐκ-

91 2883 225 2928 χέοντες
244 2883 322 2918 C.b.
340 2883 512 2928 ἐκχέαντες
531 2882 622 2916 Edd.
1053 2891 1106 2915 20.
1133 2878 1186 2925 δὲ]
1211 2885 1247 2919 -1-
1268 2879 1321 2912 καὶ
1340 2877 1430 2914 Edd.
1449 2878 1566 2913 invitis
1586 2878 1662 2912 C.b.

94 2940 148 2963 22.
175 2929 275 3010 cing).
294 2929 329 2975 ὁ]
350 2932 366 2963 ὁ
384 2931 441 2974 τῆς
459 2930 559 2964 οἶκον.
577 2941 756 2975 perperam
776 2928 816 2963 C.
834 2929 890 2971 τῆς
908 2928 1053 2972 οἷκονομ.
1072 2927 1182 2962 voluit
1200 2926 1332 2971 Migne.
1527 2936 1580 2971 25.
1607 2924 1663 2970 ’γε’-

92 2991 202 3011 νονται
261 3003 267 3011 .

823 3037 928 3075 th
