<?xml version="1.0" encoding="UTF-8"?>
<!DOCTYPE html PUBLIC "-//W3C//DTD XHTML 1.0 Transitional//EN"
    "http://www.w3.org/TR/xhtml1/DTD/xhtml1-transitional.dtd">
<html xmlns="http://www.w3.org/1999/xhtml" xml:lang="en" lang="en">
 <head>
  <title>
</title>
<meta http-equiv="Content-Type" content="text/html;charset=utf-8" />
  <meta name='ocr-system' content='tesseract 3.04.00' />
  <meta name='ocr-capabilities' content='ocr_page ocr_carea ocr_par ocr_line ocrx_word'/>
</head>
<body>
  <div class='ocr_page' id='page_1' title='image "./operacyrilli02cyriuoft/operacyrilli02cyriuoft_0172.png"; bbox 0 0 2018 3391; ppageno 0'>
   <div class='ocr_carea' id='block_1_1' title="bbox 330 154 1897 206">
    <p class='ocr_par' dir='ltr' id='par_1_1' title="bbox 330 154 1897 206">
     <span class='ocr_line' id='line_1_1' title="bbox 330 154 1897 206; baseline -0.008 -1"><span class='ocrx_word' id='word_1_1' title='bbox 330 166 413 206; x_wconf 74' lang='lat'>164</span> <span class='ocrx_word' id='word_1_2' title='bbox 720 163 768 203; x_wconf 91' lang='lat' dir='ltr'>B.</span> <span class='ocrx_word' id='word_1_3' title='bbox 812 160 1093 202; x_wconf 88' lang='lat' dir='ltr'>CYRILLI</span> <span class='ocrx_word' id='word_1_4' title='bbox 1143 158 1525 200; x_wconf 83' lang='lat' dir='ltr'><strong>ALEXANDR.</strong></span> <span class='ocrx_word' id='word_1_5' title='bbox 1754 154 1897 205; x_wconf 83' lang='lat' dir='ltr'><strong>iii.17.</strong></span> 
     </span>
    </p>
   </div>
   <div class='ocr_carea' id='block_1_2' title="bbox 329 262 1904 342">
    <p class='ocr_par' dir='ltr' id='par_1_2' title="bbox 329 262 1904 342">
     <span class='ocr_line' id='line_1_2' title="bbox 329 262 1902 304; baseline -0.006 -1"><span class='ocrx_word' id='word_1_6' title='bbox 329 282 356 304; x_wconf 73' lang='grc' dir='ltr'>ιι</span> <span class='ocrx_word' id='word_1_7' title='bbox 515 272 526 288; x_wconf 83' lang='lat'><strong><em>‘</em></strong></span> <span class='ocrx_word' id='word_1_8' title='bbox 773 271 782 286; x_wconf 90' lang='grc'><strong><em>’</em></strong></span> <span class='ocrx_word' id='word_1_9' title='bbox 834 269 846 283; x_wconf 83' lang='lat'><em>&#39;</em></span> <span class='ocrx_word' id='word_1_10' title='bbox 1050 270 1060 284; x_wconf 89' lang='lat'>&#39;</span> <span class='ocrx_word' id='word_1_11' title='bbox 1096 271 1109 286; x_wconf 57' lang='lat'><strong>*</strong></span> <span class='ocrx_word' id='word_1_12' title='bbox 1201 268 1213 286; x_wconf 42' lang='grc' dir='ltr'><strong>Χ</strong></span> <span class='ocrx_word' id='word_1_13' title='bbox 1359 269 1371 282; x_wconf 87' lang='grc'><em>’</em></span> <span class='ocrx_word' id='word_1_14' title='bbox 1388 270 1411 284; x_wconf 89' lang='grc'>”</span> <span class='ocrx_word' id='word_1_15' title='bbox 1492 269 1502 283; x_wconf 87' lang='grc'><strong><em>’</em></strong></span> <span class='ocrx_word' id='word_1_16' title='bbox 1615 265 1626 279; x_wconf 59' lang='lat'><strong>*</strong></span> <span class='ocrx_word' id='word_1_17' title='bbox 1714 264 1724 280; x_wconf 63' lang='grc'><em>“</em></span> <span class='ocrx_word' id='word_1_18' title='bbox 1892 262 1902 274; x_wconf 84' lang='grc'><em>’</em></span> 
     </span>
     <span class='ocr_line' id='line_1_3' title="bbox 382 267 1904 342; baseline -0.008 -17"><span class='ocrx_word' id='word_1_19' title='bbox 382 283 618 342; x_wconf 88' lang='grc' dir='ltr'>φυτευσας</span> <span class='ocrx_word' id='word_1_20' title='bbox 662 293 719 322; x_wconf 91' lang='grc' dir='ltr'>σε</span> <span class='ocrx_word' id='word_1_21' title='bbox 761 277 996 334; x_wconf 87' lang='grc' dir='ltr'>ελαλησεν</span> <span class='ocrx_word' id='word_1_22' title='bbox 1038 291 1111 320; x_wconf 89' lang='grc' dir='ltr'>επι</span> <span class='ocrx_word' id='word_1_23' title='bbox 1156 291 1213 319; x_wconf 90' lang='grc' dir='ltr'>σε</span> <span class='ocrx_word' id='word_1_24' title='bbox 1253 292 1384 321; x_wconf 86' lang='grc' dir='ltr'>κακα.</span> <span class='ocrx_word' id='word_1_25' title='bbox 1480 270 1633 330; x_wconf 88' lang='grc' dir='ltr'>επειδη</span> <span class='ocrx_word' id='word_1_26' title='bbox 1678 268 1739 327; x_wconf 89' lang='grc' dir='ltr'>δε,</span> <span class='ocrx_word' id='word_1_27' title='bbox 1784 267 1904 314; x_wconf 85' lang='grc' dir='ltr'>καθα</span> 
     </span>
    </p>
   </div>
   <div class='ocr_carea' id='block_1_3' title="bbox 108 346 1900 425">
    <p class='ocr_par' dir='ltr' id='par_1_3' title="bbox 108 346 1900 425">
     <span class='ocr_line' id='line_1_4' title="bbox 108 346 1900 425; baseline -0.006 -19"><span class='ocrx_word' id='word_1_28' title='bbox 108 371 190 406; x_wconf 86' lang='grc'>576</span> <span class='ocrx_word' id='word_1_29' title='bbox 215 369 265 404; x_wconf 88' lang='lat' dir='ltr'>A.</span> <span class='ocrx_word' id='word_1_30' title='bbox 291 379 312 403; x_wconf 83' lang='lat' dir='ltr'>a</span> <span class='ocrx_word' id='word_1_31' title='bbox 330 363 481 425; x_wconf 81' lang='grc' dir='ltr'>φησιν</span> <span class='ocrx_word' id='word_1_32' title='bbox 518 356 542 406; x_wconf 88' lang='grc' dir='ltr'>ὁ</span> <span class='ocrx_word' id='word_1_33' title='bbox 573 352 846 420; x_wconf 78' lang='grc' dir='ltr'>Προφήτης,</span> <span class='ocrx_word' id='word_1_34' title='bbox 872 351 927 402; x_wconf 88' lang='grc' dir='ltr'>τὸ</span> <span class='ocrx_word' id='word_1_35' title='bbox 963 351 1078 418; x_wconf 74' lang='grc' dir='ltr'>ἔργον</span> <span class='ocrx_word' id='word_1_36' title='bbox 1110 351 1251 414; x_wconf 85' lang='grc' dir='ltr'>αὐτῆς</span> <span class='ocrx_word' id='word_1_37' title='bbox 1281 347 1530 421; x_wconf 64' lang='grc' dir='ltr'>ἐψεύσατο·</span> <span class='ocrx_word' id='word_1_38' title='bbox 1569 346 1900 412; x_wconf 83' lang='grc' dir='ltr'>παιδαγωγού-</span> 
     </span>
    </p>
   </div>
   <div class='ocr_carea' id='block_1_4' title="bbox 329 426 1908 584">
    <p class='ocr_par' dir='ltr' id='par_1_4' title="bbox 329 426 1908 584">
     <span class='ocr_line' id='line_1_5' title="bbox 329 426 1900 503; baseline -0.008 -13"><span class='ocrx_word' id='word_1_39' title='bbox 329 462 459 503; x_wconf 89' lang='grc' dir='ltr'>μενοι</span> <span class='ocrx_word' id='word_1_40' title='bbox 484 437 576 503; x_wconf 81' lang='grc' dir='ltr'>γὰρ</span> <span class='ocrx_word' id='word_1_41' title='bbox 602 440 663 489; x_wconf 81' lang='grc' dir='ltr'>εἷς</span> <span class='ocrx_word' id='word_1_42' title='bbox 687 432 902 501; x_wconf 83' lang='grc' dir='ltr'>Χριστὸν</span> <span class='ocrx_word' id='word_1_43' title='bbox 927 431 1002 483; x_wconf 78' lang='grc' dir='ltr'>διὰ</span> <span class='ocrx_word' id='word_1_44' title='bbox 1038 433 1179 497; x_wconf 86' lang='grc' dir='ltr'>νόμου</span> <span class='ocrx_word' id='word_1_45' title='bbox 1218 435 1292 484; x_wconf 79' lang='grc' dir='ltr'>καὶ</span> <span class='ocrx_word' id='word_1_46' title='bbox 1328 436 1602 502; x_wconf 83' lang='grc' dir='ltr'>προφητῶν,</span> <span class='ocrx_word' id='word_1_47' title='bbox 1629 431 1682 481; x_wconf 84' lang='grc' dir='ltr'>οὐ</span> <span class='ocrx_word' id='word_1_48' title='bbox 1712 426 1900 494; x_wconf 90' lang='grc' dir='ltr'>προσή-</span> 
     </span>
     <span class='ocr_line' id='line_1_6' title="bbox 331 510 1908 584; baseline -0.007 -12"><span class='ocrx_word' id='word_1_49' title='bbox 331 543 471 572; x_wconf 87' lang='grc' dir='ltr'>καντο</span> <span class='ocrx_word' id='word_1_50' title='bbox 513 518 598 582; x_wconf 83' lang='grc' dir='ltr'>τὴν</span> <span class='ocrx_word' id='word_1_51' title='bbox 636 517 817 569; x_wconf 80' lang='grc' dir='ltr'>πίστιν·</span> <span class='ocrx_word' id='word_1_52' title='bbox 874 515 1090 584; x_wconf 85' lang='grc' dir='ltr'>ταύτῃτοι</span> <span class='ocrx_word' id='word_1_53' title='bbox 1134 517 1209 566; x_wconf 76' lang='grc' dir='ltr'>καὶ</span> <span class='ocrx_word' id='word_1_54' title='bbox 1258 514 1469 584; x_wconf 74' lang='grc' dir='ltr'>ἐξεκόπη,</span> <span class='ocrx_word' id='word_1_55' title='bbox 1513 516 1588 565; x_wconf 86' lang='grc' dir='ltr'>καὶ</span> <span class='ocrx_word' id='word_1_56' title='bbox 1632 510 1908 564; x_wconf 84' lang='grc' dir='ltr'>πεπτώκασι</span> 
     </span>
    </p>
   </div>
   <div class='ocr_carea' id='block_1_5' title="bbox 332 595 1951 666">
    <p class='ocr_par' dir='ltr' id='par_1_5' title="bbox 332 595 1951 666">
     <span class='ocr_line' id='line_1_7' title="bbox 332 595 1951 666; baseline -0.004 -13"><span class='ocrx_word' id='word_1_57' title='bbox 332 603 416 666; x_wconf 82' lang='grc' dir='ltr'>μὲν</span> <span class='ocrx_word' id='word_1_58' title='bbox 452 606 494 653; x_wconf 79' lang='grc' dir='ltr'>οἱ</span> <span class='ocrx_word' id='word_1_59' title='bbox 532 601 696 652; x_wconf 83' lang='grc' dir='ltr'>κλοίδοι</span> <span class='ocrx_word' id='word_1_60' title='bbox 734 600 888 663; x_wconf 81' lang='grc' dir='ltr'>αὐτῆς,</span> <span class='ocrx_word' id='word_1_61' title='bbox 915 599 1333 664; x_wconf 86' lang='grc' dir='ltr'>ἐνεκεντρίσθησαν</span> <span class='ocrx_word' id='word_1_62' title='bbox 1370 596 1418 649; x_wconf 81' lang='grc' dir='ltr'>δὲ</span> <span class='ocrx_word' id='word_1_63' title='bbox 1457 595 1626 648; x_wconf 84' lang='grc' dir='ltr'>λοιπὸν</span> <span class='ocrx_word' id='word_1_64' title='bbox 1665 599 1707 646; x_wconf 81' lang='grc' dir='ltr'>οἱ</span> <span class='ocrx_word' id='word_1_65' title='bbox 1743 595 1792 645; x_wconf 85' lang='grc' dir='ltr'>ἐκ</span> <span class='ocrx_word' id='word_1_66' title='bbox 1826 595 1951 657; x_wconf 85' lang='grc' dir='ltr'>τῆς5</span> 
     </span>
    </p>
   </div>
   <div class='ocr_carea' id='block_1_6' title="bbox 113 676 1912 776">
    <p class='ocr_par' dir='ltr' id='par_1_6' title="bbox 113 676 1912 776">
     <span class='ocr_line' id='line_1_8' title="bbox 113 676 1912 751; baseline -0.004 -15"><span class='ocrx_word' id='word_1_67' title='bbox 113 694 207 723; x_wconf 52' lang='grc' dir='ltr'>ΗΜ)-</span> <span class='ocrx_word' id='word_1_68' title='bbox 226 693 267 722; x_wconf 63' lang='lat'>³³·</span> <span class='ocrx_word' id='word_1_69' title='bbox 333 684 617 751; x_wconf 77' lang='grc' dir='ltr'>ἀγριελαίου,</span> <span class='ocrx_word' id='word_1_70' title='bbox 645 682 904 744; x_wconf 78' lang='grc' dir='ltr'>τουτέστιν,</span> <span class='ocrx_word' id='word_1_71' title='bbox 933 685 976 732; x_wconf 78' lang='grc' dir='ltr'>οἱ</span> <span class='ocrx_word' id='word_1_72' title='bbox 1010 680 1065 749; x_wconf 76' lang='grc' dir='ltr'>ἐξ</span> <span class='ocrx_word' id='word_1_73' title='bbox 1094 682 1252 742; x_wconf 83' lang='grc' dir='ltr'>ἐθνῶν,</span> <span class='ocrx_word' id='word_1_74' title='bbox 1280 687 1306 710; x_wconf 85' lang='grc'><strong>“</strong></span> <span class='ocrx_word' id='word_1_75' title='bbox 1327 681 1402 730; x_wconf 83' lang='grc' dir='ltr'>καὶ</span> <span class='ocrx_word' id='word_1_76' title='bbox 1437 680 1643 730; x_wconf 83' lang='grc' dir='ltr'>κοινωνοὶ</span> <span class='ocrx_word' id='word_1_77' title='bbox 1673 680 1755 742; x_wconf 87' lang='grc' dir='ltr'>τῆς</span> <span class='ocrx_word' id='word_1_78' title='bbox 1785 676 1912 744; x_wconf 73' lang='grc' dir='ltr'>ῥίζης</span> 
     </span>
     <span class='ocr_line' id='line_1_9' title="bbox 139 754 163 776; baseline 0 -10"><span class='ocrx_word' id='word_1_79' title='bbox 139 754 163 776; x_wconf 51' lang='lat' dir='ltr'>s.</span> 
     </span>
    </p>
   </div>
   <div class='ocr_carea' id='block_1_7' title="bbox 296 761 1927 2568">
    <p class='ocr_par' dir='ltr' id='par_1_7' title="bbox 335 761 1578 831">
     <span class='ocr_line' id='line_1_10' title="bbox 335 761 1578 831; baseline -0.006 -13"><span class='ocrx_word' id='word_1_80' title='bbox 335 777 361 798; x_wconf 89' lang='lat'>“</span> <span class='ocrx_word' id='word_1_81' title='bbox 389 770 463 818; x_wconf 77' lang='grc' dir='ltr'>καὶ</span> <span class='ocrx_word' id='word_1_82' title='bbox 490 770 571 831; x_wconf 81' lang='grc' dir='ltr'>τῆς</span> <span class='ocrx_word' id='word_1_83' title='bbox 595 764 814 830; x_wconf 88' lang='grc' dir='ltr'>πιότητος</span> <span class='ocrx_word' id='word_1_84' title='bbox 838 770 921 816; x_wconf 87' lang='grc' dir='ltr'>τοῦ</span> <span class='ocrx_word' id='word_1_85' title='bbox 949 761 1283 814; x_wconf 88' lang='grc' dir='ltr'>καλλιελαίου”</span> <span class='ocrx_word' id='word_1_86' title='bbox 1309 761 1578 828; x_wconf 83' lang='grc' dir='ltr'>γεγόνασιν.</span> 
     </span>
    </p>

    <p class='ocr_par' dir='ltr' id='par_1_8' title="bbox 296 839 1912 1164">
     <span class='ocr_line' id='line_1_11' title="bbox 409 839 1911 917; baseline -0.007 -16"><span class='ocrx_word' id='word_1_87' title='bbox 409 849 527 902; x_wconf 77' lang='grc' dir='ltr'>Εἶτά</span> <span class='ocrx_word' id='word_1_88' title='bbox 559 854 711 917; x_wconf 88' lang='grc' dir='ltr'>φησιν</span> <span class='ocrx_word' id='word_1_89' title='bbox 750 847 820 899; x_wconf 83' lang='grc' dir='ltr'>ὅτι</span> <span class='ocrx_word' id='word_1_90' title='bbox 853 846 913 899; x_wconf 68' lang='grc' dir='ltr'>τοὶ</span> <span class='ocrx_word' id='word_1_91' title='bbox 950 843 1087 898; x_wconf 56' lang='grc' dir='ltr'>πεὸιοι</span> <span class='ocrx_word' id='word_1_92' title='bbox 1127 849 1170 896; x_wconf 79' lang='grc' dir='ltr'>οὐ</span> <span class='ocrx_word' id='word_1_93' title='bbox 1209 846 1374 906; x_wconf 72' lang='grc' dir='ltr'>ποιήσει</span> <span class='ocrx_word' id='word_1_94' title='bbox 1413 843 1588 914; x_wconf 61' lang='grc' dir='ltr'>βρῶσιν.</span> <span class='ocrx_word' id='word_1_95' title='bbox 1653 839 1911 908; x_wconf 74' lang='grc' dir='ltr'>παρεικάζει</span> 
     </span>
     <span class='ocr_line' id='line_1_12' title="bbox 334 921 1908 998; baseline -0.008 -13"><span class='ocrx_word' id='word_1_96' title='bbox 334 933 481 986; x_wconf 82' lang='grc' dir='ltr'>πάλιν</span> <span class='ocrx_word' id='word_1_97' title='bbox 505 932 588 983; x_wconf 85' lang='grc' dir='ltr'>τὸν</span> <span class='ocrx_word' id='word_1_98' title='bbox 611 929 811 998; x_wconf 82' lang='grc' dir='ltr'>Ἰσραὴλ</span> <span class='ocrx_word' id='word_1_99' title='bbox 845 929 1008 994; x_wconf 77' lang='grc' dir='ltr'>ληίοις,</span> <span class='ocrx_word' id='word_1_100' title='bbox 1034 926 1179 992; x_wconf 76' lang='grc' dir='ltr'>οἶμαι,</span> <span class='ocrx_word' id='word_1_101' title='bbox 1208 927 1616 996; x_wconf 77' lang='grc' dir='ltr'>κατεφθαρμένοις,</span> <span class='ocrx_word' id='word_1_102' title='bbox 1639 925 1695 993; x_wconf 78' lang='grc' dir='ltr'>ἐξ</span> <span class='ocrx_word' id='word_1_103' title='bbox 1722 921 1787 974; x_wconf 78' lang='grc' dir='ltr'>ὧν</span> <span class='ocrx_word' id='word_1_104' title='bbox 1812 922 1908 974; x_wconf 82' lang='grc' dir='ltr'>οὐδ’</span> 
     </span>
     <span class='ocr_line' id='line_1_13' title="bbox 337 1005 1908 1080; baseline -0.008 -13"><span class='ocrx_word' id='word_1_105' title='bbox 337 1017 394 1067; x_wconf 80' lang='grc' dir='ltr'>ἂν</span> <span class='ocrx_word' id='word_1_106' title='bbox 434 1014 546 1066; x_wconf 82' lang='grc' dir='ltr'>αὐτό</span> <span class='ocrx_word' id='word_1_107' title='bbox 583 1036 675 1066; x_wconf 91' lang='grc' dir='ltr'>που</span> <span class='ocrx_word' id='word_1_108' title='bbox 707 1011 761 1064; x_wconf 80' lang='grc' dir='ltr'>τὸ</span> <span class='ocrx_word' id='word_1_109' title='bbox 792 1014 1016 1079; x_wconf 82' lang='grc' dir='ltr'>ἀποχρῶν</span> <span class='ocrx_word' id='word_1_110' title='bbox 1049 1015 1110 1064; x_wconf 81' lang='grc' dir='ltr'>εἰς</span> <span class='ocrx_word' id='word_1_111' title='bbox 1142 1009 1302 1080; x_wconf 50' lang='lat' dir='ltr'>&amp;fio-cv</span> <span class='ocrx_word' id='word_1_112' title='bbox 1340 1010 1599 1076; x_wconf 80' lang='grc' dir='ltr'>ἀθροίσειεν</span> <span class='ocrx_word' id='word_1_113' title='bbox 1631 1009 1655 1058; x_wconf 87' lang='grc' dir='ltr'>ὁ</span> <span class='ocrx_word' id='word_1_114' title='bbox 1687 1005 1908 1072; x_wconf 86' lang='grc' dir='ltr'>γηπόνος.</span> 
     </span>
     <span class='ocr_line' id='line_1_14' title="bbox 296 1089 1912 1164; baseline -0.007 -14"><span class='ocrx_word' id='word_1_115' title='bbox 296 1103 321 1143; x_wconf 83' lang='lat' dir='ltr'>b</span> <span class='ocrx_word' id='word_1_116' title='bbox 341 1097 568 1164; x_wconf 80' lang='grc' dir='ltr'>ἀκαρπίας</span> <span class='ocrx_word' id='word_1_117' title='bbox 593 1096 640 1148; x_wconf 83' lang='grc' dir='ltr'>δὲ</span> <span class='ocrx_word' id='word_1_118' title='bbox 664 1101 802 1147; x_wconf 84' lang='grc' dir='ltr'>τοῦτο</span> <span class='ocrx_word' id='word_1_119' title='bbox 825 1093 989 1161; x_wconf 80' lang='grc' dir='ltr'>γένοιτ’</span> <span class='ocrx_word' id='word_1_120' title='bbox 1017 1092 1073 1145; x_wconf 80' lang='grc' dir='ltr'>ἂν</span> <span class='ocrx_word' id='word_1_121' title='bbox 1103 1095 1184 1157; x_wconf 85' lang='grc' dir='ltr'>τῆς</span> <span class='ocrx_word' id='word_1_122' title='bbox 1218 1091 1422 1160; x_wconf 77' lang='grc' dir='ltr'>ἐσχάτης</span> <span class='ocrx_word' id='word_1_123' title='bbox 1446 1090 1678 1160; x_wconf 79' lang='grc' dir='ltr'>ἀπόδειξις</span> <span class='ocrx_word' id='word_1_124' title='bbox 1704 1089 1912 1156; x_wconf 86' lang='grc' dir='ltr'>ἐναργής.</span> 
     </span>
    </p>

    <p class='ocr_par' dir='ltr' id='par_1_9' title="bbox 324 1171 1922 1908">
     <span class='ocr_line' id='line_1_15' title="bbox 406 1171 1916 1242; baseline -0.004 -11"><span class='ocrx_word' id='word_1_125' title='bbox 406 1179 521 1231; x_wconf 61' lang='lat' dir='ltr'>“Orc</span> <span class='ocrx_word' id='word_1_126' title='bbox 560 1179 607 1230; x_wconf 76' lang='grc' dir='ltr'>δὲ</span> <span class='ocrx_word' id='word_1_127' title='bbox 646 1179 846 1242; x_wconf 73' lang='grc' dir='ltr'>ε”μελλον</span> <span class='ocrx_word' id='word_1_128' title='bbox 884 1177 966 1228; x_wconf 82' lang='grc' dir='ltr'>τὸν</span> <span class='ocrx_word' id='word_1_129' title='bbox 1003 1181 1097 1228; x_wconf 80' lang='grc' dir='ltr'>τῶν</span> <span class='ocrx_word' id='word_1_130' title='bbox 1135 1175 1269 1227; x_wconf 81' lang='grc' dir='ltr'>θείων</span> <span class='ocrx_word' id='word_1_131' title='bbox 1306 1173 1593 1240; x_wconf 80' lang='grc' dir='ltr'>μαθημάτων</span> <span class='ocrx_word' id='word_1_132' title='bbox 1631 1171 1916 1225; x_wconf 79' lang='grc' dir='ltr'>ἀνατλάντες</span> 
     </span>
     <span class='ocr_line' id='line_1_16' title="bbox 339 1254 1916 1326; baseline -0.008 -11"><span class='ocrx_word' id='word_1_133' title='bbox 339 1263 480 1326; x_wconf 84' lang='grc' dir='ltr'>λιμὸν</span> <span class='ocrx_word' id='word_1_134' title='bbox 515 1263 563 1313; x_wconf 89' lang='grc' dir='ltr'>ἐν</span> <span class='ocrx_word' id='word_1_135' title='bbox 601 1265 695 1315; x_wconf 82' lang='grc' dir='ltr'>τοῖς</span> <span class='ocrx_word' id='word_1_136' title='bbox 729 1260 951 1312; x_wconf 83' lang='grc' dir='ltr'>ἁπάντων</span> <span class='ocrx_word' id='word_1_137' title='bbox 976 1259 1194 1326; x_wconf 81' lang='grc' dir='ltr'>ἐσχάτοις</span> <span class='ocrx_word' id='word_1_138' title='bbox 1222 1261 1472 1309; x_wconf 80' lang='grc' dir='ltr'>πεσεῖσθαι</span> <span class='ocrx_word' id='word_1_139' title='bbox 1497 1260 1665 1318; x_wconf 83' lang='grc' dir='ltr'>κακοῖς,</span> <span class='ocrx_word' id='word_1_140' title='bbox 1691 1254 1916 1322; x_wconf 85' lang='grc' dir='ltr'>διεσάφει,</span> 
     </span>
     <span class='ocr_line' id='line_1_17' title="bbox 340 1341 1917 1412; baseline -0.006 -14"><span class='ocrx_word' id='word_1_141' title='bbox 340 1349 629 1412; x_wconf 81' lang='grc' dir='ltr'>προστιθεὶς,</span> <span class='ocrx_word' id='word_1_142' title='bbox 676 1343 992 1395; x_wconf 72' lang='grc' dir='ltr'>ἐκλελοιπέναι</span> <span class='ocrx_word' id='word_1_143' title='bbox 1032 1341 1115 1406; x_wconf 75' lang='grc' dir='ltr'>μὲν</span> <span class='ocrx_word' id='word_1_144' title='bbox 1160 1341 1250 1393; x_wconf 62' lang='grc' dir='ltr'>ἀπὶ</span> <span class='ocrx_word' id='word_1_145' title='bbox 1294 1342 1495 1410; x_wconf 67' lang='grc' dir='ltr'>βρώσεως</span> <span class='ocrx_word' id='word_1_146' title='bbox 1539 1341 1770 1408; x_wconf 72' lang='grc' dir='ltr'>πρόβατα,</span> <span class='ocrx_word' id='word_1_147' title='bbox 1813 1360 1917 1389; x_wconf 86' lang='grc' dir='ltr'>του-</span> 
     </span>
     <span class='ocr_line' id='line_1_18' title="bbox 340 1420 1918 1492; baseline -0.006 -11"><span class='ocrx_word' id='word_1_148' title='bbox 340 1429 513 1491; x_wconf 78' lang='grc' dir='ltr'>τέστιν,</span> <span class='ocrx_word' id='word_1_149' title='bbox 555 1426 650 1479; x_wconf 79' lang='grc' dir='ltr'>ἀπὸ</span> <span class='ocrx_word' id='word_1_150' title='bbox 690 1431 772 1477; x_wconf 86' lang='grc' dir='ltr'>τοῦ</span> <span class='ocrx_word' id='word_1_151' title='bbox 811 1430 996 1492; x_wconf 81' lang='grc' dir='ltr'>βρῶσιν</span> <span class='ocrx_word' id='word_1_152' title='bbox 1035 1426 1117 1475; x_wconf 81' lang='grc' dir='ltr'>οὐκ</span> <span class='ocrx_word' id='word_1_153' title='bbox 1157 1423 1292 1491; x_wconf 75' lang='grc' dir='ltr'>ἔχειν·</span> <span class='ocrx_word' id='word_1_154' title='bbox 1337 1426 1417 1486; x_wconf 76' lang='grc' dir='ltr'>οὐχ</span> <span class='ocrx_word' id='word_1_155' title='bbox 1460 1422 1680 1491; x_wconf 65' lang='grc' dir='ltr'>ὑπάρχειν</span> <span class='ocrx_word' id='word_1_156' title='bbox 1724 1420 1771 1472; x_wconf 82' lang='grc' dir='ltr'>δὲ</span> <span class='ocrx_word' id='word_1_157' title='bbox 1811 1422 1918 1481; x_wconf 70' lang='grc' dir='ltr'>βοῦς</span> 
     </span>
     <span class='ocr_line' id='line_1_19' title="bbox 343 1500 1918 1580; baseline -0.006 -17"><span class='ocrx_word' id='word_1_158' title='bbox 343 1514 416 1563; x_wconf 70' lang='grc' dir='ltr'>ἐπὶ</span> <span class='ocrx_word' id='word_1_159' title='bbox 454 1508 637 1580; x_wconf 65' lang='grc' dir='ltr'>φάτνης.</span> <span class='ocrx_word' id='word_1_160' title='bbox 709 1509 762 1558; x_wconf 92' lang='grc' dir='ltr'>δι’</span> <span class='ocrx_word' id='word_1_161' title='bbox 789 1508 843 1559; x_wconf 78' lang='grc' dir='ltr'>οὗ</span> <span class='ocrx_word' id='word_1_162' title='bbox 876 1508 1154 1571; x_wconf 87' lang='grc' dir='ltr'>σημαίνεται</span> <span class='ocrx_word' id='word_1_163' title='bbox 1192 1504 1246 1556; x_wconf 81' lang='grc' dir='ltr'>τὸ</span> <span class='ocrx_word' id='word_1_164' title='bbox 1281 1505 1482 1556; x_wconf 82' lang='grc' dir='ltr'>εὶσάπαν</span> <span class='ocrx_word' id='word_1_165' title='bbox 1513 1503 1831 1555; x_wconf 79' lang='grc' dir='ltr'>ἐκλελοιπέναι</span> <span class='ocrx_word' id='word_1_166' title='bbox 1864 1500 1918 1554; x_wconf 79' lang='grc' dir='ltr'>τὸ</span> 
     </span>
     <span class='ocr_line' id='line_1_20' title="bbox 343 1585 1919 1659; baseline -0.006 -13"><span class='ocrx_word' id='word_1_167' title='bbox 343 1595 451 1659; x_wconf 85' lang='grc' dir='ltr'>παρ’</span> <span class='ocrx_word' id='word_1_168' title='bbox 481 1593 634 1645; x_wconf 80' lang='grc' dir='ltr'>αὐτοῖς</span> <span class='ocrx_word' id='word_1_169' title='bbox 673 1590 793 1657; x_wconf 80' lang='grc' dir='ltr'>ἱερὸν</span> <span class='ocrx_word' id='word_1_170' title='bbox 831 1593 905 1641; x_wconf 76' lang='grc' dir='ltr'>καὶ</span> <span class='ocrx_word' id='word_1_171' title='bbox 941 1589 1203 1641; x_wconf 84' lang='grc' dir='ltr'>ἀπόλεκτον</span> <span class='ocrx_word' id='word_1_172' title='bbox 1240 1589 1386 1654; x_wconf 77' lang='grc' dir='ltr'>γένος,</span> <span class='ocrx_word' id='word_1_173' title='bbox 1421 1588 1646 1649; x_wconf 79' lang='grc' dir='ltr'>τουτέστι,</span> <span class='ocrx_word' id='word_1_174' title='bbox 1681 1586 1787 1640; x_wconf 77' lang='grc' dir='ltr'>τοὺς</span> <span class='ocrx_word' id='word_1_175' title='bbox 1826 1585 1919 1638; x_wconf 81' lang='grc' dir='ltr'>ἀπὸ</span> 
     </span>
     <span class='ocr_line' id='line_1_21' title="bbox 345 1668 1916 1745; baseline -0.006 -17"><span class='ocrx_word' id='word_1_176' title='bbox 345 1678 501 1745; x_wconf 80' lang='grc' dir='ltr'>φυλῆς</span> <span class='ocrx_word' id='word_1_177' title='bbox 530 1677 654 1737; x_wconf 74' lang='grc' dir='ltr'>Λευὶ,</span> <span class='ocrx_word' id='word_1_178' title='bbox 682 1674 723 1724; x_wconf 74' lang='grc' dir='ltr'>οἳ</span> <span class='ocrx_word' id='word_1_179' title='bbox 755 1675 926 1735; x_wconf 72' lang='grc' dir='ltr'>βουσὶν</span> <span class='ocrx_word' id='word_1_180' title='bbox 951 1674 998 1723; x_wconf 86' lang='grc' dir='ltr'>ἐν</span> <span class='ocrx_word' id='word_1_181' title='bbox 1032 1673 1122 1741; x_wconf 76' lang='grc' dir='ltr'>ἰ’σῳ</span> <span class='ocrx_word' id='word_1_182' title='bbox 1156 1671 1241 1735; x_wconf 87' lang='grc' dir='ltr'>τὴν</span> <span class='ocrx_word' id='word_1_183' title='bbox 1276 1670 1444 1734; x_wconf 84' lang='grc' dir='ltr'>νοητὴν</span> <span class='ocrx_word' id='word_1_184' title='bbox 1482 1670 1583 1720; x_wconf 77' lang='grc' dir='ltr'>ἅλω</span> <span class='ocrx_word' id='word_1_185' title='bbox 1621 1668 1916 1720; x_wconf 83' lang='grc' dir='ltr'>καταλεπτύ·</span> 
     </span>
     <span class='ocr_line' id='line_1_22' title="bbox 347 1750 1922 1822; baseline -0.004 -13"><span class='ocrx_word' id='word_1_186' title='bbox 347 1780 502 1811; x_wconf 88' lang='grc' dir='ltr'>νοντες</span> <span class='ocrx_word' id='word_1_187' title='bbox 550 1760 624 1807; x_wconf 82' lang='grc' dir='ltr'>καὶ</span> <span class='ocrx_word' id='word_1_188' title='bbox 675 1760 769 1806; x_wconf 79' lang='grc' dir='ltr'>τῶν</span> <span class='ocrx_word' id='word_1_189' title='bbox 814 1757 863 1806; x_wconf 85' lang='grc' dir='ltr'>ἐκ</span> <span class='ocrx_word' id='word_1_190' title='bbox 907 1757 989 1819; x_wconf 78' lang='grc' dir='ltr'>τῆς</span> <span class='ocrx_word' id='word_1_191' title='bbox 1032 1754 1265 1822; x_wconf 81' lang='grc' dir='ltr'>ἀσαφείας</span> <span class='ocrx_word' id='word_1_192' title='bbox 1313 1752 1678 1819; x_wconf 80' lang='grc' dir='ltr'>περιβλημάτων</span> <span class='ocrx_word' id='word_1_193' title='bbox 1722 1750 1804 1803; x_wconf 81' lang='grc' dir='ltr'>τὸν</span> <span class='ocrx_word' id='word_1_194' title='bbox 1847 1751 1922 1802; x_wconf 81' lang='grc' dir='ltr'>διὰ</span> 
     </span>
     <span class='ocr_line' id='line_1_23' title="bbox 324 1832 1922 1908; baseline -0.005 -16"><span class='ocrx_word' id='word_1_195' title='bbox 324 1846 431 1892; x_wconf 86' lang='grc' dir='ltr'>·τοῦ</span> <span class='ocrx_word' id='word_1_196' title='bbox 469 1838 724 1908; x_wconf 88' lang='grc' dir='ltr'>πανσόφου</span> <span class='ocrx_word' id='word_1_197' title='bbox 777 1837 1022 1891; x_wconf 70' lang='grc' dir='ltr'>Μωυσέως</span> <span class='ocrx_word' id='word_1_198' title='bbox 1072 1838 1448 1902; x_wconf 80' lang='grc' dir='ltr'>ἀπογυμνοῦντες</span> <span class='ocrx_word' id='word_1_199' title='bbox 1497 1836 1657 1900; x_wconf 80' lang='grc' dir='ltr'>λόγον,</span> <span class='ocrx_word' id='word_1_200' title='bbox 1699 1832 1773 1885; x_wconf 74' lang='grc' dir='ltr'>οἶά</span> <span class='ocrx_word' id='word_1_201' title='bbox 1820 1856 1922 1885; x_wconf 91' lang='grc' dir='ltr'>τινα</span> 
     </span>
    </p>

    <p class='ocr_par' dir='ltr' id='par_1_10' title="bbox 351 1915 1927 2568">
     <span class='ocr_line' id='line_1_24' title="bbox 351 1915 1922 1986; baseline -0.004 -14"><span class='ocrx_word' id='word_1_202' title='bbox 351 1923 486 1973; x_wconf 86' lang='grc' dir='ltr'>σίτου</span> <span class='ocrx_word' id='word_1_203' title='bbox 525 1920 691 1971; x_wconf 86' lang='grc' dir='ltr'>κόκκον</span> <span class='ocrx_word' id='word_1_204' title='bbox 729 1921 1043 1986; x_wconf 82' lang='grc' dir='ltr'>προύτίθεσαν</span> <span class='ocrx_word' id='word_1_205' title='bbox 1084 1919 1169 1982; x_wconf 79' lang='grc' dir='ltr'>μὲν</span> <span class='ocrx_word' id='word_1_206' title='bbox 1207 1923 1301 1972; x_wconf 82' lang='grc' dir='ltr'>τοῖς</span> <span class='ocrx_word' id='word_1_207' title='bbox 1340 1918 1506 1971; x_wconf 79' lang='grc' dir='ltr'>ἄλλοις</span> <span class='ocrx_word' id='word_1_208' title='bbox 1544 1921 1604 1970; x_wconf 82' lang='grc' dir='ltr'>εἰς</span> <span class='ocrx_word' id='word_1_209' title='bbox 1644 1915 1807 1980; x_wconf 83' lang='grc' dir='ltr'>νόησιν</span> <span class='ocrx_word' id='word_1_210' title='bbox 1847 1918 1922 1967; x_wconf 78' lang='grc' dir='ltr'>καὶ</span> 
     </span>
     <span class='ocr_line' id='line_1_25' title="bbox 351 1999 1923 2069; baseline -0.004 -14"><span class='ocrx_word' id='word_1_211' title='bbox 351 2003 446 2055; x_wconf 78' lang='grc' dir='ltr'>οἶόν</span> <span class='ocrx_word' id='word_1_212' title='bbox 487 2026 591 2055; x_wconf 88' lang='grc' dir='ltr'>τινα</span> <span class='ocrx_word' id='word_1_213' title='bbox 635 2003 794 2069; x_wconf 61' lang='grc' dir='ltr'>βρῶσιν</span> <span class='ocrx_word' id='word_1_214' title='bbox 838 2002 1164 2066; x_wconf 88' lang='grc' dir='ltr'>πνευματικήν.</span> <span class='ocrx_word' id='word_1_215' title='bbox 1233 2002 1361 2051; x_wconf 75' lang='grc' dir='ltr'>αὐτοὶ</span> <span class='ocrx_word' id='word_1_216' title='bbox 1396 1999 1443 2051; x_wconf 78' lang='grc' dir='ltr'>δὲ</span> <span class='ocrx_word' id='word_1_217' title='bbox 1482 1999 1606 2064; x_wconf 82' lang='grc' dir='ltr'>ἦσαν</span> <span class='ocrx_word' id='word_1_218' title='bbox 1644 2001 1692 2050; x_wconf 86' lang='grc' dir='ltr'>ἐν</span> <span class='ocrx_word' id='word_1_219' title='bbox 1730 1999 1923 2068; x_wconf 73' lang='grc' dir='ltr'>φοὶτνοιις</span> 
     </span>
     <span class='ocr_line' id='line_1_26' title="bbox 353 2081 1925 2152; baseline -0.004 -14"><span class='ocrx_word' id='word_1_220' title='bbox 353 2086 753 2150; x_wconf 82' lang='grc' dir='ltr'>καταβοσκόμενοι</span> <span class='ocrx_word' id='word_1_221' title='bbox 779 2084 862 2139; x_wconf 80' lang='grc' dir='ltr'>τὰς</span> <span class='ocrx_word' id='word_1_222' title='bbox 888 2087 937 2136; x_wconf 86' lang='grc' dir='ltr'>ἐκ</span> <span class='ocrx_word' id='word_1_223' title='bbox 963 2089 1045 2135; x_wconf 85' lang='grc' dir='ltr'>τοῦ</span> <span class='ocrx_word' id='word_1_224' title='bbox 1071 2089 1190 2134; x_wconf 86' lang='grc' dir='ltr'>λαοῦ</span> <span class='ocrx_word' id='word_1_225' title='bbox 1218 2083 1522 2152; x_wconf 86' lang='grc' dir='ltr'>δωροφορίας,</span> <span class='ocrx_word' id='word_1_226' title='bbox 1543 2081 1748 2144; x_wconf 83' lang='grc' dir='ltr'>δεκάτας,</span> <span class='ocrx_word' id='word_1_227' title='bbox 1775 2083 1925 2147; x_wconf 85' lang='grc' dir='ltr'>ἀπαρ-</span> 
     </span>
     <span class='ocr_line' id='line_1_27' title="bbox 353 2165 1926 2237; baseline -0.001 -17"><span class='ocrx_word' id='word_1_228' title='bbox 353 2170 456 2237; x_wconf 80' lang='grc' dir='ltr'>χὰς,</span> <span class='ocrx_word' id='word_1_229' title='bbox 500 2167 846 2236; x_wconf 80' lang='grc' dir='ltr'>εὐχαριστήρια.</span> <span class='ocrx_word' id='word_1_230' title='bbox 919 2168 1084 2218; x_wconf 75' lang='grc' dir='ltr'>οὐκοῦν</span> <span class='ocrx_word' id='word_1_231' title='bbox 1127 2169 1430 2218; x_wconf 79' lang='grc' dir='ltr'>ἐκλελοιπασι</span> <span class='ocrx_word' id='word_1_232' title='bbox 1468 2165 1552 2229; x_wconf 78' lang='grc' dir='ltr'>μὲν</span> <span class='ocrx_word' id='word_1_233' title='bbox 1590 2165 1682 2216; x_wconf 63' lang='grc' dir='ltr'>ἀπο</span> <span class='ocrx_word' id='word_1_234' title='bbox 1722 2165 1926 2234; x_wconf 70' lang='grc' dir='ltr'>βρώσεως</span> 
     </span>
     <span class='ocr_line' id='line_1_28' title="bbox 353 2246 1926 2320; baseline -0.004 -17"><span class='ocrx_word' id='word_1_235' title='bbox 353 2254 578 2320; x_wconf 67' lang='grc' dir='ltr'>πρόβατα·</span> <span class='ocrx_word' id='word_1_236' title='bbox 625 2251 725 2310; x_wconf 70' lang='grc' dir='ltr'>βόες</span> <span class='ocrx_word' id='word_1_237' title='bbox 765 2249 812 2301; x_wconf 78' lang='grc' dir='ltr'>δὲ</span> <span class='ocrx_word' id='word_1_238' title='bbox 856 2254 929 2301; x_wconf 76' lang='grc' dir='ltr'>οὐκ</span> <span class='ocrx_word' id='word_1_239' title='bbox 974 2248 1098 2313; x_wconf 77' lang='grc' dir='ltr'>ἦσαν</span> <span class='ocrx_word' id='word_1_240' title='bbox 1142 2250 1213 2300; x_wconf 66' lang='grc' dir='ltr'>ἐπὶ</span> <span class='ocrx_word' id='word_1_241' title='bbox 1257 2248 1425 2317; x_wconf 63' lang='grc' dir='ltr'>φάτνης</span> <span class='ocrx_word' id='word_1_242' title='bbox 1463 2247 1541 2310; x_wconf 77' lang='grc' dir='ltr'>ἔτι,</span> <span class='ocrx_word' id='word_1_243' title='bbox 1587 2246 1844 2309; x_wconf 78' lang='grc' dir='ltr'>τουτέστιν,</span> <span class='ocrx_word' id='word_1_244' title='bbox 1884 2248 1926 2296; x_wconf 76' lang='grc' dir='ltr'>οἱ</span> 
     </span>
     <span class='ocr_line' id='line_1_29' title="bbox 355 2329 1927 2400; baseline -0.004 -15"><span class='ocrx_word' id='word_1_245' title='bbox 355 2336 613 2400; x_wconf 82' lang='grc' dir='ltr'>καθηγηταὶ</span> <span class='ocrx_word' id='word_1_246' title='bbox 648 2338 742 2385; x_wconf 82' lang='grc' dir='ltr'>τῶν</span> <span class='ocrx_word' id='word_1_247' title='bbox 776 2337 906 2383; x_wconf 81' lang='grc' dir='ltr'>λαῶν</span> <span class='ocrx_word' id='word_1_248' title='bbox 942 2335 1017 2383; x_wconf 85' lang='grc' dir='ltr'>καὶ</span> <span class='ocrx_word' id='word_1_249' title='bbox 1050 2331 1341 2383; x_wconf 83' lang='grc' dir='ltr'>διδάσκαλοι.</span> <span class='ocrx_word' id='word_1_250' title='bbox 1405 2329 1640 2396; x_wconf 84' lang='grc' dir='ltr'>τοιγάρτοι</span> <span class='ocrx_word' id='word_1_251' title='bbox 1666 2330 1741 2380; x_wconf 83' lang='grc' dir='ltr'>καὶ</span> <span class='ocrx_word' id='word_1_252' title='bbox 1767 2329 1792 2379; x_wconf 89' lang='grc' dir='ltr'><strong>ὁ</strong></span> <span class='ocrx_word' id='word_1_253' title='bbox 1816 2332 1927 2379; x_wconf 91' lang='grc' dir='ltr'>θεσ-</span> 
     </span>
     <span class='ocr_line' id='line_1_30' title="bbox 400 2471 1927 2522; baseline -0.006 -8"><span class='ocrx_word' id='word_1_254' title='bbox 400 2492 429 2514; x_wconf 89' lang='lat'>1.</span> <span class='ocrx_word' id='word_1_255' title='bbox 449 2479 555 2514; x_wconf 81' lang='grc' dir='ltr'>καθώς</span> <span class='ocrx_word' id='word_1_256' title='bbox 570 2477 661 2512; x_wconf 85' lang='lat' dir='ltr'><strong>Edd.</strong></span> <span class='ocrx_word' id='word_1_257' title='bbox 756 2489 788 2511; x_wconf 87' lang='lat'>2.</span> <span class='ocrx_word' id='word_1_258' title='bbox 803 2476 919 2522; x_wconf 78' lang='grc' dir='ltr'>αὐτῆς]</span> <span class='ocrx_word' id='word_1_259' title='bbox 932 2478 1032 2511; x_wconf 80' lang='grc' dir='ltr'>αὐτοῦ</span> <span class='ocrx_word' id='word_1_260' title='bbox 1046 2475 1136 2511; x_wconf 85' lang='lat' dir='ltr'><strong>Edd.</strong></span> <span class='ocrx_word' id='word_1_261' title='bbox 1151 2476 1266 2510; x_wconf 84' lang='lat' dir='ltr'>invitis</span> <span class='ocrx_word' id='word_1_262' title='bbox 1281 2474 1411 2509; x_wconf 89' lang='lat' dir='ltr'><strong>B.D.b.</strong></span> <span class='ocrx_word' id='word_1_263' title='bbox 1451 2471 1927 2517; x_wconf 82' lang='grc' dir='ltr'>παιδαγωγουμένη--προσὴ-</span> 
     </span>
     <span class='ocr_line' id='line_1_31' title="bbox 360 2518 1927 2568; baseline -0.005 -8"><span class='ocrx_word' id='word_1_264' title='bbox 360 2542 438 2561; x_wconf 81' lang='grc' dir='ltr'>κιιτο</span> <span class='ocrx_word' id='word_1_265' title='bbox 453 2527 487 2559; x_wconf 89' lang='lat' dir='ltr'>b.</span> <span class='ocrx_word' id='word_1_266' title='bbox 584 2538 616 2567; x_wconf 84' lang='lat'>4.</span> <span class='ocrx_word' id='word_1_267' title='bbox 636 2525 844 2568; x_wconf 77' lang='grc' dir='ltr'>ἐξεκόπησαν</span> <span class='ocrx_word' id='word_1_268' title='bbox 860 2524 905 2558; x_wconf 91' lang='lat' dir='ltr'>D.</span> <span class='ocrx_word' id='word_1_269' title='bbox 1002 2523 1033 2557; x_wconf 89' lang='lat'>6.</span> <span class='ocrx_word' id='word_1_270' title='bbox 1056 2520 1249 2568; x_wconf 77' lang='grc' dir='ltr'>ἀγριελαίας</span> <span class='ocrx_word' id='word_1_271' title='bbox 1263 2521 1353 2556; x_wconf 83' lang='lat' dir='ltr'><strong>Edd.</strong></span> <span class='ocrx_word' id='word_1_272' title='bbox 1368 2521 1484 2554; x_wconf 79' lang='lat' dir='ltr'>invitis</span> <span class='ocrx_word' id='word_1_273' title='bbox 1500 2520 1626 2554; x_wconf 87' lang='lat' dir='ltr'><strong>B.D.a.</strong></span> <span class='ocrx_word' id='word_1_274' title='bbox 1675 2519 1856 2553; x_wconf 85' lang='grc' dir='ltr'>κοινωνικοὶ</span> <span class='ocrx_word' id='word_1_275' title='bbox 1868 2518 1927 2553; x_wconf 80' lang='lat' dir='ltr'><strong>iid.</strong></span> 
     </span>
    </p>
   </div>
   <div class='ocr_carea' id='block_1_8' title="bbox 361 2565 1930 2671">
    <p class='ocr_par' dir='ltr' id='par_1_11' title="bbox 361 2565 1930 2671">
     <span class='ocr_line' id='line_1_32' title="bbox 361 2565 1927 2617; baseline -0.006 -10"><span class='ocrx_word' id='word_1_276' title='bbox 361 2578 394 2608; x_wconf 64' lang='grc' dir='ltr'><strong>ὃ.</strong></span> <span class='ocrx_word' id='word_1_277' title='bbox 411 2572 596 2616; x_wconf 77' lang='grc' dir='ltr'>ποιήσουσι</span> <span class='ocrx_word' id='word_1_278' title='bbox 613 2573 657 2606; x_wconf 86' lang='lat' dir='ltr'>D.</span> <span class='ocrx_word' id='word_1_279' title='bbox 695 2573 900 2617; x_wconf 81' lang='grc' dir='ltr'>παρεικάζων</span> <span class='ocrx_word' id='word_1_280' title='bbox 913 2571 954 2605; x_wconf 86' lang='lat' dir='ltr'>B.</span> <span class='ocrx_word' id='word_1_281' title='bbox 990 2572 1093 2605; x_wconf 80' lang='grc' dir='ltr'>πάλιν</span> <span class='ocrx_word' id='word_1_282' title='bbox 1102 2569 1308 2614; x_wconf 82' lang='grc' dir='ltr'>τὸνἸσραὴλ</span> <span class='ocrx_word' id='word_1_283' title='bbox 1320 2569 1509 2612; x_wconf 82' lang='grc' dir='ltr'>παρεικάζει</span> <span class='ocrx_word' id='word_1_284' title='bbox 1522 2567 1592 2600; x_wconf 90' lang='lat' dir='ltr'><strong>inv.</strong></span> <span class='ocrx_word' id='word_1_285' title='bbox 1605 2565 1679 2600; x_wconf 87' lang='lat' dir='ltr'><strong>ord.</strong></span> <span class='ocrx_word' id='word_1_286' title='bbox 1693 2578 1724 2600; x_wconf 86' lang='lat' dir='ltr'>a.</span> <span class='ocrx_word' id='word_1_287' title='bbox 1799 2577 1833 2610; x_wconf 91' lang='lat'>9.</span> <span class='ocrx_word' id='word_1_288' title='bbox 1851 2565 1927 2599; x_wconf 76' lang='grc' dir='ltr'>οὐδὲ</span> 
     </span>
     <span class='ocr_line' id='line_1_33' title="bbox 363 2612 1930 2671; baseline -0.006 -17"><span class='ocrx_word' id='word_1_289' title='bbox 363 2633 424 2666; x_wconf 83' lang='lat' dir='ltr'>pro</span> <span class='ocrx_word' id='word_1_290' title='bbox 441 2619 509 2654; x_wconf 78' lang='grc' dir='ltr'>οὐδ’</span> <span class='ocrx_word' id='word_1_291' title='bbox 527 2619 568 2653; x_wconf 84' lang='grc' dir='ltr'>ἂν</span> <span class='ocrx_word' id='word_1_292' title='bbox 587 2620 631 2653; x_wconf 86' lang='lat' dir='ltr'>D.</span> <span class='ocrx_word' id='word_1_293' title='bbox 666 2666 670 2671; x_wconf 64' lang='lat'><strong><em>„</em></strong></span> <span class='ocrx_word' id='word_1_294' title='bbox 771 2630 824 2653; x_wconf 90' lang='lat'>10.</span> <span class='ocrx_word' id='word_1_295' title='bbox 849 2619 937 2665; x_wconf 77' lang='grc' dir='ltr'>αὐτῷ</span> <span class='ocrx_word' id='word_1_296' title='bbox 958 2617 1049 2652; x_wconf 82' lang='lat' dir='ltr'><strong>Edd.</strong></span> <span class='ocrx_word' id='word_1_297' title='bbox 1098 2616 1276 2662; x_wconf 73' lang='grc' dir='ltr'>ἀθρήσειεν</span> <span class='ocrx_word' id='word_1_298' title='bbox 1292 2615 1350 2649; x_wconf 81' lang='lat' dir='ltr'><strong>iid.</strong></span> <span class='ocrx_word' id='word_1_299' title='bbox 1398 2615 1560 2660; x_wconf 79' lang='grc' dir='ltr'>γεηπόνος</span> <span class='ocrx_word' id='word_1_300' title='bbox 1577 2613 1624 2647; x_wconf 90' lang='lat' dir='ltr'>D.</span> <span class='ocrx_word' id='word_1_301' title='bbox 1746 2623 1799 2646; x_wconf 91' lang='lat'><strong>12.</strong></span> <span class='ocrx_word' id='word_1_302' title='bbox 1824 2612 1930 2656; x_wconf 83' lang='grc' dir='ltr'>μαθη-</span> 
     </span>
    </p>
   </div>
   <div class='ocr_carea' id='block_1_9' title="bbox 361 2676 1930 2978">
    <p class='ocr_par' dir='ltr' id='par_1_12' title="bbox 634 2676 673 2696">
     <span class='ocr_line' id='line_1_34' title="bbox 634 2676 673 2696; baseline 0 -6"><span class='ocrx_word' id='word_1_303' title='bbox 634 2676 673 2696; x_wconf 83' lang='grc' dir='ltr'>μα.</span> 
     </span>
    </p>

    <p class='ocr_par' dir='ltr' id='par_1_13' title="bbox 361 2692 1930 2978">
     <span class='ocr_line' id='line_1_35' title="bbox 361 2692 1929 2743; baseline -0.005 -10"><span class='ocrx_word' id='word_1_304' title='bbox 361 2701 474 2743; x_wconf 86' lang='grc' dir='ltr'>μάτων</span> <span class='ocrx_word' id='word_1_305' title='bbox 493 2700 533 2734; x_wconf 85' lang='lat' dir='ltr'>B.</span> <span class='ocrx_word' id='word_1_306' title='bbox 551 2699 706 2743; x_wconf 81' lang='grc' dir='ltr'>μαθητων</span> <span class='ocrx_word' id='word_1_307' title='bbox 723 2711 752 2733; x_wconf 84' lang='lat' dir='ltr'>a.</span> <span class='ocrx_word' id='word_1_308' title='bbox 769 2699 924 2743; x_wconf 82' lang='grc' dir='ltr'>μαθητῶν</span> <span class='ocrx_word' id='word_1_309' title='bbox 941 2699 988 2732; x_wconf 91' lang='lat' dir='ltr'><strong>D.</strong></span> <span class='ocrx_word' id='word_1_310' title='bbox 1008 2697 1098 2732; x_wconf 88' lang='lat' dir='ltr'><strong>Edd.</strong></span> <span class='ocrx_word' id='word_1_311' title='bbox 1546 2703 1599 2737; x_wconf 85' lang='lat'>13.</span> <span class='ocrx_word' id='word_1_312' title='bbox 1623 2692 1777 2726; x_wconf 80' lang='grc' dir='ltr'>ἁπάντων</span> <span class='ocrx_word' id='word_1_313' title='bbox 1793 2703 1863 2726; x_wconf 89' lang='lat' dir='ltr'>om.</span> <span class='ocrx_word' id='word_1_314' title='bbox 1883 2692 1929 2726; x_wconf 95' lang='lat' dir='ltr'><strong>D.</strong></span> 
     </span>
     <span class='ocr_line' id='line_1_36' title="bbox 369 2739 1930 2792; baseline -0.004 -12"><span class='ocrx_word' id='word_1_315' title='bbox 369 2758 417 2788; x_wconf 78' lang='lat'>15.</span> <span class='ocrx_word' id='word_1_316' title='bbox 445 2745 520 2792; x_wconf 78' lang='grc' dir='ltr'>οὐκ]</span> <span class='ocrx_word' id='word_1_317' title='bbox 541 2746 584 2789; x_wconf 86' lang='grc' dir='ltr'>μὴ</span> <span class='ocrx_word' id='word_1_318' title='bbox 603 2758 632 2780; x_wconf 84' lang='lat' dir='ltr'>a.</span> <span class='ocrx_word' id='word_1_319' title='bbox 681 2746 840 2791; x_wconf 72' lang='grc' dir='ltr'>ὑπάρξειν</span> <span class='ocrx_word' id='word_1_320' title='bbox 859 2746 901 2779; x_wconf 88' lang='grc' dir='ltr'>Β.</span> <span class='ocrx_word' id='word_1_321' title='bbox 949 2747 1032 2785; x_wconf 80' lang='grc' dir='ltr'>βοῦς</span> <span class='ocrx_word' id='word_1_322' title='bbox 1051 2745 1129 2779; x_wconf 84' lang='lat' dir='ltr'><strong>D.a.</strong></span> <span class='ocrx_word' id='word_1_323' title='bbox 1147 2745 1230 2784; x_wconf 81' lang='grc' dir='ltr'>βοῦν</span> <span class='ocrx_word' id='word_1_324' title='bbox 1248 2741 1288 2776; x_wconf 87' lang='grc' dir='ltr'><strong>Β.</strong></span> <span class='ocrx_word' id='word_1_325' title='bbox 1307 2740 1398 2776; x_wconf 84' lang='lat' dir='ltr'><strong>Edd.</strong></span> <span class='ocrx_word' id='word_1_326' title='bbox 1575 2749 1628 2784; x_wconf 92' lang='lat'><strong>17.</strong></span> <span class='ocrx_word' id='word_1_327' title='bbox 1653 2740 1691 2772; x_wconf 85' lang='grc' dir='ltr'>τὸ</span> <span class='ocrx_word' id='word_1_328' title='bbox 1708 2750 1771 2784; x_wconf 89' lang='lat' dir='ltr'>pro</span> <span class='ocrx_word' id='word_1_329' title='bbox 1787 2741 1864 2774; x_wconf 81' lang='grc' dir='ltr'>τοὺς</span> <span class='ocrx_word' id='word_1_330' title='bbox 1882 2739 1930 2774; x_wconf 87' lang='lat' dir='ltr'><strong>D.</strong></span> 
     </span>
     <span class='ocr_line' id='line_1_37' title="bbox 362 2785 1929 2838; baseline -0.004 -12"><span class='ocrx_word' id='word_1_331' title='bbox 362 2792 444 2838; x_wconf 73' lang='grc' dir='ltr'>ἀπὸ]</span> <span class='ocrx_word' id='word_1_332' title='bbox 468 2797 504 2834; x_wconf 68' lang='lat'>4</span> <span class='ocrx_word' id='word_1_333' title='bbox 525 2795 583 2837; x_wconf 83' lang='grc' dir='ltr'>τῆς</span> <span class='ocrx_word' id='word_1_334' title='bbox 600 2805 629 2826; x_wconf 85' lang='lat' dir='ltr'>a.</span> <span class='ocrx_word' id='word_1_335' title='bbox 648 2794 705 2836; x_wconf 83' lang='grc' dir='ltr'>τῆς</span> <span class='ocrx_word' id='word_1_336' title='bbox 724 2805 784 2837; x_wconf 82' lang='lat' dir='ltr'>pro</span> <span class='ocrx_word' id='word_1_337' title='bbox 801 2793 867 2827; x_wconf 83' lang='grc' dir='ltr'>ἀπὸ</span> <span class='ocrx_word' id='word_1_338' title='bbox 891 2793 931 2826; x_wconf 90' lang='lat' dir='ltr'><strong>D.</strong></span> <span class='ocrx_word' id='word_1_339' title='bbox 1156 2802 1208 2835; x_wconf 91' lang='lat'>19.</span> <span class='ocrx_word' id='word_1_340' title='bbox 1233 2789 1291 2823; x_wconf 85' lang='grc' dir='ltr'>τὸν</span> <span class='ocrx_word' id='word_1_341' title='bbox 1307 2800 1370 2833; x_wconf 87' lang='lat' dir='ltr'>pro</span> <span class='ocrx_word' id='word_1_342' title='bbox 1387 2790 1452 2822; x_wconf 89' lang='grc' dir='ltr'>τῶν</span> <span class='ocrx_word' id='word_1_343' title='bbox 1469 2787 1515 2821; x_wconf 91' lang='lat' dir='ltr'><strong>D.</strong></span> <span class='ocrx_word' id='word_1_344' title='bbox 1580 2787 1616 2819; x_wconf 84' lang='grc' dir='ltr'>ἐκ</span> <span class='ocrx_word' id='word_1_345' title='bbox 1633 2785 1706 2831; x_wconf 82' lang='grc' dir='ltr'>τῆς]</span> <span class='ocrx_word' id='word_1_346' title='bbox 1727 2786 1820 2822; x_wconf 81' lang='grc' dir='ltr'>ἐκτὸς</span> <span class='ocrx_word' id='word_1_347' title='bbox 1839 2785 1929 2820; x_wconf 86' lang='lat' dir='ltr'><strong>Edd.</strong></span> 
     </span>
     <span class='ocr_line' id='line_1_38' title="bbox 364 2832 1928 2884; baseline -0.003 -13"><span class='ocrx_word' id='word_1_348' title='bbox 364 2850 418 2872; x_wconf 82' lang='lat'><strong>21.</strong></span> <span class='ocrx_word' id='word_1_349' title='bbox 447 2842 563 2874; x_wconf 85' lang='grc' dir='ltr'>κόκκον</span> <span class='ocrx_word' id='word_1_350' title='bbox 580 2840 676 2874; x_wconf 87' lang='grc' dir='ltr'>σίτου</span> <span class='ocrx_word' id='word_1_351' title='bbox 694 2840 762 2873; x_wconf 87' lang='lat' dir='ltr'><strong>inv.</strong></span> <span class='ocrx_word' id='word_1_352' title='bbox 782 2840 857 2874; x_wconf 82' lang='lat' dir='ltr'><strong>ord.</strong></span> <span class='ocrx_word' id='word_1_353' title='bbox 876 2852 905 2873; x_wconf 80' lang='lat' dir='ltr'>a.</span> <span class='ocrx_word' id='word_1_354' title='bbox 956 2837 1178 2884; x_wconf 85' lang='grc' dir='ltr'>προετίθεσαν</span> <span class='ocrx_word' id='word_1_355' title='bbox 1196 2837 1243 2870; x_wconf 92' lang='lat' dir='ltr'>D.</span> <span class='ocrx_word' id='word_1_356' title='bbox 1416 2845 1470 2868; x_wconf 84' lang='lat'>22.</span> <span class='ocrx_word' id='word_1_357' title='bbox 1496 2847 1568 2867; x_wconf 86' lang='grc' dir='ltr'>τινα</span> <span class='ocrx_word' id='word_1_358' title='bbox 1585 2840 1804 2877; x_wconf 83' lang='lat' dir='ltr'>assumptum</span> <span class='ocrx_word' id='word_1_359' title='bbox 1822 2844 1863 2866; x_wconf 84' lang='lat' dir='ltr'>ex</span> <span class='ocrx_word' id='word_1_360' title='bbox 1883 2832 1928 2866; x_wconf 94' lang='lat' dir='ltr'>D.</span> 
     </span>
     <span class='ocr_line' id='line_1_39' title="bbox 364 2879 1930 2931; baseline -0.003 -13"><span class='ocrx_word' id='word_1_361' title='bbox 364 2885 459 2918; x_wconf 76' lang='lat' dir='ltr'>deest</span> <span class='ocrx_word' id='word_1_362' title='bbox 478 2886 511 2919; x_wconf 85' lang='lat' dir='ltr'>in</span> <span class='ocrx_word' id='word_1_363' title='bbox 530 2899 560 2921; x_wconf 83' lang='lat' dir='ltr'>a.</span> <span class='ocrx_word' id='word_1_364' title='bbox 682 2897 736 2931; x_wconf 81' lang='lat'>23.</span> <span class='ocrx_word' id='word_1_365' title='bbox 763 2886 797 2920; x_wconf 79' lang='grc' dir='ltr'>ἐκ</span> <span class='ocrx_word' id='word_1_366' title='bbox 816 2898 886 2921; x_wconf 88' lang='lat' dir='ltr'>om.</span> <span class='ocrx_word' id='word_1_367' title='bbox 907 2886 948 2921; x_wconf 90' lang='lat' dir='ltr'>B.</span> <span class='ocrx_word' id='word_1_368' title='bbox 1071 2896 1126 2927; x_wconf 77' lang='lat'>24.</span> <span class='ocrx_word' id='word_1_369' title='bbox 1151 2881 1427 2927; x_wconf 78' lang='grc' dir='ltr'>εὐχαριστηρίους</span> <span class='ocrx_word' id='word_1_370' title='bbox 1448 2880 1537 2914; x_wconf 86' lang='lat' dir='ltr'><strong>Edd.</strong></span> <span class='ocrx_word' id='word_1_371' title='bbox 1660 2890 1715 2920; x_wconf 85' lang='lat'><strong>25.</strong></span> <span class='ocrx_word' id='word_1_372' title='bbox 1741 2881 1869 2924; x_wconf 85' lang='grc' dir='ltr'>φάτνης</span> <span class='ocrx_word' id='word_1_373' title='bbox 1884 2879 1930 2913; x_wconf 93' lang='lat' dir='ltr'>D.</span> 
     </span>
     <span class='ocr_line' id='line_1_40' title="bbox 362 2925 1930 2978; baseline -0.004 -12"><span class='ocrx_word' id='word_1_374' title='bbox 362 2933 472 2975; x_wconf 78' lang='grc' dir='ltr'>φάτνῃ</span> <span class='ocrx_word' id='word_1_375' title='bbox 493 2932 532 2965; x_wconf 85' lang='lat' dir='ltr'>B.</span> <span class='ocrx_word' id='word_1_376' title='bbox 551 2933 695 2978; x_wconf 76' lang='grc' dir='ltr'>φάτναις</span> <span class='ocrx_word' id='word_1_377' title='bbox 714 2933 803 2967; x_wconf 86' lang='lat' dir='ltr'><strong>Edd.</strong></span> <span class='ocrx_word' id='word_1_378' title='bbox 983 2932 1038 2966; x_wconf 88' lang='lat'>26.</span> <span class='ocrx_word' id='word_1_379' title='bbox 1064 2934 1154 2965; x_wconf 80' lang='grc' dir='ltr'>λαῶν</span> <span class='ocrx_word' id='word_1_380' title='bbox 1171 2931 1218 2964; x_wconf 88' lang='lat' dir='ltr'>D.</span> <span class='ocrx_word' id='word_1_381' title='bbox 1237 2929 1350 2963; x_wconf 70' lang='grc' dir='ltr'>ἄλλων</span> <span class='ocrx_word' id='word_1_382' title='bbox 1369 2928 1411 2962; x_wconf 86' lang='grc' dir='ltr'><strong>Β.</strong></span> <span class='ocrx_word' id='word_1_383' title='bbox 1431 2926 1521 2962; x_wconf 79' lang='lat' dir='ltr'><strong>Edd.</strong></span> <span class='ocrx_word' id='word_1_384' title='bbox 1571 2926 1623 2960; x_wconf 74' lang='grc' dir='ltr'>καὶ</span> <span class='ocrx_word' id='word_1_385' title='bbox 1641 2926 1773 2961; x_wconf 83' lang='grc' dir='ltr'>διδάσκ.</span> <span class='ocrx_word' id='word_1_386' title='bbox 1791 2938 1862 2960; x_wconf 89' lang='lat' dir='ltr'>om.</span> <span class='ocrx_word' id='word_1_387' title='bbox 1885 2925 1930 2960; x_wconf 91' lang='lat' dir='ltr'>D.</span> 
     </span>
    </p>
   </div>
   <div class='ocr_carea' id='block_1_10' title="bbox 364 2978 718 3023">
    <p class='ocr_par' dir='ltr' id='par_1_14' title="bbox 364 2978 718 3023">
     <span class='ocr_line' id='line_1_41' title="bbox 364 2978 718 3023; baseline 0.008 -13"><span class='ocrx_word' id='word_1_388' title='bbox 364 2978 551 3023; x_wconf 74' lang='grc' dir='ltr'>τοιγάρτοι]</span> <span class='ocrx_word' id='word_1_389' title='bbox 571 2980 653 3013; x_wconf 79' lang='grc' dir='ltr'>καθὰ</span> <span class='ocrx_word' id='word_1_390' title='bbox 676 2980 718 3013; x_wconf 83' lang='lat' dir='ltr'>l).</span> 
     </span>
    </p>
   </div>
   <div class='ocr_carea' id='block_1_11' title="bbox 1939 1034 1986 1059">
    <p class='ocr_par' dir='ltr' id='par_1_15' title="bbox 1939 1034 1986 1059">
     <span class='ocr_line' id='line_1_42' title="bbox 1939 1034 1986 1059; baseline 0.021 -1"><span class='ocrx_word' id='word_1_391' title='bbox 1939 1034 1986 1059; x_wconf 91' lang='lat'>10</span> 
     </span>
    </p>
   </div>
   <div class='ocr_carea' id='block_1_12' title="bbox 1945 1853 1993 1877">
    <p class='ocr_par' dir='ltr' id='par_1_16' title="bbox 1945 1853 1993 1877">
     <span class='ocr_line' id='line_1_43' title="bbox 1945 1853 1993 1877; baseline 0 0"><span class='ocrx_word' id='word_1_392' title='bbox 1945 1853 1993 1877; x_wconf 89' lang='lat'>20</span> 
     </span>
    </p>
   </div>
   <div class='ocr_carea' id='block_1_13' title="bbox 1948 2262 1996 2298">
    <p class='ocr_par' dir='ltr' id='par_1_17' title="bbox 1948 2262 1996 2298">
     <span class='ocr_line' id='line_1_44' title="bbox 1948 2262 1996 2298; baseline 0 0"><span class='ocrx_word' id='word_1_393' title='bbox 1948 2262 1996 2298; x_wconf 87' lang='lat'>25</span> 
     </span>
    </p>
   </div>
  </div>
 </body>
</html>
