2028 3356
330 179 384 219 98
724 181 774 221 Β.
818 179 1092 221 CYRILLI
1131 180 1512 221 ALEXANDR.
1793 180 1836 220 ii.
1861 180 1901 220 6.

328 289 377 339 ἐν
402 291 520 359 αὐτῷ
546 288 643 340 οἷον
668 290 919 359 πρόβλημα
957 291 1032 340 καὶ
1066 289 1255 354 δημώδη
1290 288 1436 357 λόγον
1473 293 1549 341 καὶ
1585 291 1634 341 ἐν
1671 288 1906 355 γλώτταις

107 386 190 420 536
208 385 258 419 Α.
288 395 311 420 a
327 375 543 422 πολλῶν.
611 372 687 421 καὶ
712 370 780 425 τίς
807 370 863 435 δὴ
890 371 1023 426 οὗτός
1048 373 1178 422 ἐστιν
1199 394 1211 435 3
1251 376 1366 424 Οὐαὶ
1396 379 1414 425 ὁ
1439 370 1655 433 πληθύνων
1681 373 1821 441 ἑαυτῷ
1844 369 1907 422 Tc}

328 457 403 505 οὐκ
439 455 538 505 ὄντα
575 454 706 504 αὐτοῦ
739 458 817 504 καὶ
856 453 1047 521 βαρύνων
1081 453 1148 505 τὸν
1190 454 1331 506 κλοιδν
1369 457 1495 507 αὑτοῦ
1533 453 1773 523 στιβαρῶς,
1800 476 1906 504 του-

325 535 455 586 τέστι
496 535 843 604 φορτικωτέραν
891 537 960 587 ἀεὶ
1008 535 1237 591 καθιστὰς
1284 536 1356 605 ἐφ’
1397 538 1546 607 ἑαυτῷ
1594 536 1679 601 τὴν
1724 536 1795 604 ἐφ’
1839 534 1907 590 οἷς

325 616 540 681 ἠσέβησε
567 618 711 681 δίκην,
738 618 981 673 ἀπολέσας
1009 619 1117 683 ε”θνη
1153 621 1227 670 καὶ
1263 619 1418 686 χώρας
1453 619 1568 674 ὅλας
1592 617 1900 684 συνενεγκὼν,
1925 641 1947 679 5

325 703 522 753 καὶτοῖς
552 700 650 750 κατ’
680 700 809 751 οὐδὲν
845 701 970 770 αὐτῷ
1003 700 1330 767 προσήκουσιν
1369 701 1676 768 ἐπιθρώσκων
1714 703 1794 763 ἀεὶ,
1831 703 1907 752 καὶ

323 786 420 835 τοῖς
453 782 580 835 ἰδίοις
613 782 873 849 σκήπτροις
912 785 974 838 ὡς
1008 783 1065 852 ἐξ
1098 783 1305 850 ἀνάγκης
1343 785 1587 847 ὑποτιθεὶς,
1613 786 1688 834 καὶ
1718 786 1907 848 ἀναριθ-

324 862 500 927 μήτους
539 864 658 932 ε”χων
702 863 810 919 τοὺς
855 864 944 916 ὑπὸ
989 871 1121 934 χεῖρα
1165 866 1322 920 λαούς.
1385 866 1707 935 ἐπιπεφώνηκε
1746 864 1793 916 δὲ
1831 865 1907 917 διὰ

322 946 472 1009 με’σου
508 945 563 998 τό
603 947 680 1002 ἕως
715 949 854 1009 τίνος;
895 947 1153 1014 ἀκόρεστον
1178 947 1292 1000 ὄντα
1322 948 1496 1002 δεικνὺς
1520 952 1582 1002 εἷς
1607 948 1901 1017 πλεονεξίαν,

278 1042 304 1083 b
324 1028 552 1096 ἀχάλινον
576 1033 638 1084 εἷς
665 1028 897 1095 ὠμότητα,
918 1034 993 1081 καὶ
1018 1029 1072 1082 τὸ
1097 1033 1180 1094 τῆς
1208 1032 1384 1085 ἀδικίας
1410 1030 1473 1096 μὴ
1493 1036 1724 1094 μισοῦντα
1746 1031 1904 1098 πέρας.
1929 1053 1976 1078 10

323 1109 566 1175 ἄπληστοι
603 1111 686 1175 μὲν
722 1113 803 1163 οὖν
837 1115 879 1163 οἱ
907 1113 1228 1175 Βαβυλωνίων
1258 1115 1474 1181 τύραννοι
1507 1115 1581 1165 καὶ
1619 1115 1755 1164 δεινοὶ
1789 1112 1907 1180 πρὸς

324 1192 542 1257 ὠμότητα
567 1197 642 1244 καὶ
664 1193 723 1245 τὰ
748 1194 939 1246 πάντων
965 1195 1194 1263 αἴσχιστα
1220 1201 1401 1259 τολμᾶν
1428 1194 1653 1250 εἰωθότες.

397 1279 621 1329 Τοιοῦτος
647 1275 695 1327 δὲ
727 1279 802 1328 καὶ
829 1278 854 1328 ὁ
880 1283 1102 1340 σατανᾶς,
1131 1280 1387 1344 συλλέγων
1426 1280 1494 1330 ἀεὶ
1531 1277 1590 1329 τὰ
1627 1276 1691 1342 μὴ
1729 1277 1905 1339 ἑαυτοῦ,

324 1359 400 1408 καὶ
427 1360 813 1426 δυσαχθεστέραν
837 1360 984 1429 ἑαυτῷ
1011 1359 1096 1424 τὴν
1130 1361 1332 1411 κόλασιν
1364 1361 1590 1414 ἐπιτιθείς.
1657 1360 1831 1426 ε’ίρηται
1858 1357 1916 1410 δέ

100 1452 154 1526 113³-
171 1463 235 1527 {gv
321 1462 414 1491 που
444 1443 518 1491 καὶ
549 1441 668 1507 πρὸς
702 1441 843 1493 αὐτόν
877 1441 1021 1494 “”Ὸν
1047 1442 1221 1509 τρόπον
1248 1443 1429 1508 ἱμάτιον
1459 1445 1507 1494 ἐν
1545 1444 1702 1507 αἵματι
1727 1448 1906 1510 πεφυρ-
1929 1462 1974 1500 15

124 1507 153 1537 9’
215 1521 220 1527 ’
323 1529 349 1551 “
375 1522 514 1585 με’νον
559 1526 642 1574 οὐκ
686 1524 820 1575 ἔσται
864 1525 1082 1591 καθαρόν·
1124 1528 1269 1580 οὕτως
1311 1524 1414 1577 οὐδὲ
1460 1525 1524 1577 σὺ
1563 1526 1651 1594 ε”σῃ
1686 1524 1904 1591 καθαρὸς,

324 1610 350 1633 “
377 1604 492 1655 διότι
518 1605 602 1670 τὴν
628 1609 718 1672 γῆν
743 1631 833 1670 μου
861 1607 1134 1666 ἀπώλεσας,
1157 1610 1232 1659 καὶ
1256 1608 1338 1659 τὸν
1364 1608 1483 1659 λαόν
1502 1631 1593 1671 μου
1619 1607 1901 1661 &mk-remae·

283 1705 305 1731 C
324 1693 351 1716 ‘⁶
377 1689 429 1738 οὐ
454 1687 517 1751 μὴ
543 1689 698 1757 μείνῃς
725 1694 785 1743 εἰς
820 1689 902 1740 τὸν
933 1694 1076 1741 αἰῶνα
1107 1690 1316 1757 χρόνον.”
1380 1692 1541 1744 ποίους
1565 1689 1656 1757 γὰρ
1681 1691 1764 1741 οὐκ
1789 1691 1905 1741 ἀπο-

321 1769 501 1820 λώλεκε
541 1771 714 1830 λαούςς
760 1771 785 1836 ἢ
829 1773 966 1823 τίνων
1003 1774 1148 1824 ἐθνῶν
1187 1774 1442 1839 ἐφείσατο;
1483 1774 1532 1823 τί
1566 1772 1613 1824 δὲ
1651 1776 1745 1823 τῶν
1783 1772 1906 1838 ὀίγαν

321 1852 666 1920 ἀπηχεστάτων
710 1855 792 1906 οὐκ
834 1853 892 1905 ἂν
942 1855 1079 1919 ἁλοίη
1129 1855 1458 1919 τετολμηκώς;
1515 1855 1680 1924 ἕψεται
1722 1853 1779 1918 δὴ
1824 1855 1905 1905 οὖν
1926 1876 1974 1900 20

320 1935 445 2004 αὐτῷ
483 1936 668 1990 δικαίως
702 1936 756 1987 τὸ
793 1941 901 1999 οὐαὶ,
935 1938 1010 1987 καὶ
1049 1937 1296 2002 γενήσεται
1330 1937 1599 2007 παραβολὴ,
1636 1940 1719 2001 τῆς
1756 1938 1905 2005 ἀρχῆς

321 2018 462 2068 αὑτοῦ
501 2019 836 2086 καθῃρημένης,
864 2021 938 2071 καὶ
976 2022 1059 2084 τῆς
1097 2019 1216 2070 κατὰ
1254 2020 1445 2071 πάντων
1472 2020 1748 2089 πλεονεξίας
1781 2020 1898 2089 ἐξῳ-

320 2099 558 2165 κισμένης.
620 2104 694 2152 καὶ
720 2107 858 2153 τοῦτο
892 2101 1038 2153 πάλιν
1065 2104 1089 2153 ὁ
1116 2101 1270 2171 σοφὸς
1305 2103 1413 2166 ἡμῖν
1438 2102 1661 2168 Ἱερεμίας
1687 2103 1900 2154 ὑπαινίτ-

97 2194 228 2269 &simu
319 2205 445 2234 τεται
486 2184 642 2249 λέγων
685 2187 790 2250 περὶ
826 2185 968 2235 αὐτοῦ
1014 2192 1039 2214 “
1060 2186 1314 2252 Ἐφώνησε
1352 2185 1530 2254 πέρδιξ,
1569 2184 1840 2250 συνήγαγεν
1874 2182 1905 2235 ἃ

170 2263 176 2269 ’
237 2263 244 2269 ’
321 2272 348 2295 “
373 2267 456 2316 οὐκ
480 2266 616 2329 ἔτεκε,
643 2271 789 2318 ποιῶν
814 2272 1024 2319 πλοῦτον
1049 2268 1190 2318 αὐτοῦ
1217 2269 1270 2318 οὐ
1295 2267 1412 2331 μετὰ
1438 2267 1646 2334 κρίσεως,
1671 2269 1719 2318 ἐν
1745 2267 1903 2331 ἡμίσει
1924 2285 1972 2325 25

320 2355 347 2376 ‘⁴
375 2349 559 2415 ἡμερῶν
604 2350 745 2400 αὐτοῦ
788 2351 1218 2418 ἐγκαταλείψουσιν
1262 2349 1415 2412 αὐτὸν,
1457 2351 1531 2400 καὶ
1575 2350 1645 2401 ἐπ’
1686 2349 1904 2417 ἐσχάτων

274 2437 301 2478 d
321 2437 347 2460 ‘⁶
373 2432 515 2482 αὐτοῦ
540 2431 674 2482 ε”σται
700 2432 906 2499 ἄφρων.”
964 2432 1224 2498 πέπρακται
1251 2432 1298 2483 δὲ
1322 2438 1459 2483 τοῦτο
1487 2436 1746 2497 ἱστορικῶς.
1808 2430 1904 2483 εἷλε

317 2510 404 2576 μὲν
446 2513 540 2580 γὰρ
578 2513 664 2578 τὴν
700 2515 928 2565 Ἰουδαίαν
966 2515 991 2564 ὁ
1032 2514 1351 2576 Βαβυλώνιος,
1391 2516 1465 2565 καὶ
1505 2513 1662 2578 με’ντοι
1704 2515 1780 2565 καὶ
1817 2513 1903 2579 τὴν

367 2732 400 2761 4.
426 2719 475 2754 ἀεὶ
501 2732 570 2754 om.
598 2720 643 2754 D.
670 2720 775 2755 habet
800 2720 835 2755 b.
900 2722 1006 2755 ἑαυτῶ
1032 2721 1105 2755 καθ.
1132 2721 1270 2754 inverso
1295 2719 1417 2754 ordine
1435 2719 1614 2765 (omittens
1641 2718 1696 2764 ἐφ’
1716 2718 1828 2763 prius)
1854 2719 1900 2754 D.

323 2774 354 2809 7.
380 2767 423 2801 ὡς
441 2773 662 2812 assumptum
679 2779 720 2801 ex
741 2767 786 2801 D.
988 2757 996 2767 ι
1017 2768 1049 2802 8.
1075 2769 1346 2812 προσπεφώνηκε
1364 2766 1398 2800 b.
1615 2777 1666 2800 10.
1693 2766 1737 2809 μὴ
1755 2766 1902 2800 accessit

322 2824 363 2844 ex
383 2812 424 2845 B.
444 2815 529 2847 solo.
691 2825 743 2859 13.
770 2816 921 2849 τοιοῦτος
941 2815 1023 2848 D.b.
1042 2817 1175 2848 τοιοῦτο
1194 2814 1236 2848 Β.
1254 2816 1405 2847 τοιοῦτον
1424 2812 1514 2846 Edd.
1670 2823 1722 2854 14.
1748 2813 1808 2855 τὴν
1825 2814 1900 2846 κόλ.

321 2859 428 2904 ἑαυτῷ
446 2860 514 2893 inv.
534 2860 608 2894 ord.
628 2861 674 2894 D.
724 2861 882 2896 ἐπιτιθεὶς
902 2862 1032 2895 B.D.b.
1052 2862 1177 2897 ἐπιθεὶς
1197 2860 1286 2894 Edd.
1306 2866 1384 2893 ante
1404 2860 1536 2905 Migne.
1682 2858 1734 2892 16.
1760 2859 1835 2893 ἔστι
1855 2860 1900 2893 D.

321 2905 393 2949 (90.
410 2905 469 2947 al.)
566 2918 619 2940 21.
646 2908 728 2941 αὐτὸ
748 2909 793 2942 D.
843 2909 916 2942 καθ.
935 2909 1036 2942 αὐτοῦ
1053 2910 1111 2951 τῆς
1127 2908 1204 2953 ἀρχ.
1224 2908 1294 2941 inv,
1313 2906 1387 2941 ord.
1408 2907 1454 2941 D.
1553 2916 1607 2948 24.
1635 2906 1788 2950 ἐφώναξε
1808 2905 1899 2940 Edd.

323 2962 377 2995 25.
403 2952 485 2994 μετὰ
503 2953 614 2995 κρίσιν
633 2953 674 2988 B.
694 2954 799 2999 (Sol.)
818 2956 920 2989 αὐτοῦ
938 2962 1015 3001 post
1033 2956 1176 3000 κρίσεως
1193 2961 1324 2999 transp.
1346 2954 1392 2988 D.
1560 2964 1615 2998 27.
1643 2951 1835 2999 ἱστορικῶς]
1864 2957 1896 2994 -ί-

321 2999 358 3031 τὸ
376 2999 472 3032 ἕσται
493 2998 581 3033 Edd.
