2049 3366
121 203 328 233 CHRISTUS.

177 318 362 355 excitatus
390 332 410 356 c
440 319 600 356 nubibus
630 322 703 358 671
729 334 770 366 e;
807 323 883 358 672

177 395 244 419 ac.
294 383 477 430 Christus,
508 385 690 421 malorum
720 387 885 422 omnium

179 446 316 483 solutio
368 450 445 485 672
494 462 523 485 c.
609 450 792 491 Christus,
840 450 886 486 ab

179 511 330 558 Angelo
369 519 646 560 representatur
685 514 887 551 Zachariae

181 576 258 612 673
304 588 350 622 ας
404 589 426 613 a
461 579 554 614 Jesu
601 578 764 615 Josedec
812 578 888 614 filio

182 641 258 676 675
274 652 306 676 e.
338 641 524 685 Christus,
539 643 766 691 praedicitur
781 642 886 690 spiri-

180 703 291 739 tualis
321 704 504 741 Sacerdos
526 709 603 744 677
625 720 658 743 a.
703 707 888 752 Christus,

181 781 295 815 quare
321 770 535 806 nominetur
561 771 713 812 Servus,
738 771 888 813 Oriens,

182 831 295 880 Lapis
322 835 398 870 677
419 847 460 880 e;
493 837 569 871 678
595 848 661 871 ac.
705 835 888 877 Christus

183 909 296 944 quare
352 898 484 946 plenus
543 899 661 935 oculis
717 902 794 937 678
852 899 889 935 d.

184 961 370 1005 christus,
409 964 522 999 morti
560 964 706 1000 dandus
744 963 891 1012 praedi-

185 1026 283 1062 citur
298 1039 319 1062 a
334 1027 528 1069 Zacharia,
546 1030 623 1065 679
641 1041 674 1065 a.
708 1028 892 1069 Christus,

186 1090 347 1127 Crucem
382 1104 486 1128 suam
526 1093 711 1140 praedixit
745 1094 823 1130 680
857 1092 892 1127 (1.

186 1154 373 1198 Christus,
389 1169 517 1192 verum
538 1157 697 1200 Lumen,
714 1156 894 1194 infusorio

186 1233 262 1256 non
291 1233 407 1268 egens
438 1223 514 1257 683
545 1221 580 1257 d.
639 1222 825 1264 Christus,
858 1227 896 1257 et

188 1284 271 1320 Rex
309 1290 347 1321 et
389 1284 586 1327 Sacerdos,
626 1298 647 1322 a
683 1286 775 1322 Jesu
819 1286 895 1322 filio

187 1348 211 1385 J
217 1349 370 1392 ozedek,
400 1355 438 1385 et
469 1350 678 1386 Zorobabel
708 1351 896 1399 praefigu-

188 1420 291 1450 ratus
313 1415 389 1450 686
412 1414 458 1456 b;
492 1417 568 1451 705
591 1415 613 1450 d
628 1427 657 1451 e.
709 1415 895 1459 Christus,

188 1490 300 1526 quam
320 1478 480 1526 gratiam
501 1479 644 1527 gratiae
670 1479 785 1528 Legis
811 1479 897 1515 sub-

188 1542 351 1579 stituerit
385 1544 461 1579 688
498 1555 532 1579 a.
591 1542 775 1585 Christus,
809 1543 897 1579 novi

188 1607 318 1655 templi
350 1613 388 1643 et
421 1607 661 1644 Architectus
693 1613 730 1644 et
762 1607 895 1644 funda-

189 1677 357 1708 mentum
388 1673 465 1709 690
495 1671 530 1708 b.
575 1671 760 1714 Christus,
785 1684 897 1720 quare

188 1748 255 1784 per
268 1736 477 1785 symbolum
492 1736 616 1773 stanni
624 1737 898 1784 praefiguratus

191 1802 265 1837 691
290 1813 357 1838 ac.
403 1800 590 1842 Christus,
612 1801 699 1837 Rex
724 1806 898 1837 aeternus

192 1866 267 1901 691
301 1865 338 1902 d.
387 1865 574 1906 Christus,
606 1877 719 1913 quare
754 1871 898 1914 septem

190 1929 320 1964 oculos
366 1929 504 1965 habere
552 1929 697 1965 dicatur
743 1931 819 1966 692
863 1942 896 1965 a.

193 1993 380 2035 Christus,
409 1993 503 2029 duos
531 1993 688 2041 populos
716 1993 752 2029 in
783 2006 899 2029 unum

193 2058 388 2106 conjunxit
402 2059 478 2094 692
494 2070 524 2093 e.
549 2057 732 2099 Christus,
747 2058 899 2106 plumbo

192 2127 430 2170 comparatus
477 2124 555 2159 698
604 2134 636 2158 c.
712 2121 898 2164 Christus,

194 2187 388 2227 Sacerdos,
425 2187 532 2223 Salus
565 2187 746 2230 omniurn,
782 2187 901 2224 victor

195 2251 332 2288 diaboli
387 2251 622 2287 coronandus
680 2253 756 2288 706
812 2264 834 2287 a
863 2252 900 2288 d.

195 2315 379 2355 Christus,
426 2314 534 2350 radix
579 2320 735 2352 naturae
781 2328 901 2352 novae

195 2379 315 2421 nobis,
366 2382 441 2416 707
490 2392 525 2416 a.
597 2379 781 2422 Christus,
830 2392 902 2427 qua

195 2443 316 2492 gloria
336 2443 416 2490 jam
436 2455 600 2491 regnans
626 2443 802 2480 induatur
824 2447 900 2481 707

195 2508 264 2544 cd.
313 2507 498 2549 Christus,
528 2519 642 2544 unam
675 2520 722 2543 ex
756 2508 903 2545 duabus

197 2572 401 2608 Ecclesiam
439 2571 590 2613 faciens,
630 2572 903 2620 Prophetarum

197 2637 310 2672 verba
338 2636 503 2683 implevit
535 2638 609 2673 708
641 2649 672 2673 a.
717 2637 903 2681 Christus,

197 2701 340 2736 zelatur
389 2701 612 2737 Ecclesiam
677 2713 700 2737 a
765 2701 906 2738 Satana

197 2770 371 2801 vexatam
408 2767 483 2801 714
518 2765 555 2801 d.
614 2764 798 2807 Christus,
828 2766 905 2802 Pax

200 2829 320 2871 nobis,
350 2835 388 2865 et
422 2829 529 2877 virga
561 2829 792 2866 infirmorum
829 2832 904 2866 716

664 199 876 235 INDEX
936 198 1182 236 RERUM.

930 1505 934 1615 ῑ

202 2892 272 2928 de.
331 2893 515 2932 Christus,
554 2893 645 2929 nihil
687 2893 799 2930 habet
836 2893 903 2929 im·
942 2930 944 2933 ,

200 2957 375 3004 possibile
426 2960 498 2994 718
549 2971 582 2994 a.

647 2957 831 3002 Christus,
869 2964 906 2994 et
942 2949 945 2977 ἦ

1639 196 1714 230 655

1009 320 1204 356 Orientem
1227 325 1264 355 et
1283 317 1529 355 Occidentem
1551 316 1718 352 salvabat

1011 385 1231 420 Incarnntus
1247 386 1320 420 718
1337 396 1367 419 c.
1393 382 1576 423 Christus,
1591 381 1717 416 nobis-

1010 462 1092 485 cum
1114 449 1298 488 habitans,
1316 447 1429 496 aspici
1450 452 1574 494 potest
1593 448 1667 482 718
1686 457 1716 481 e.

1010 513 1270 560 Christus,per
1279 512 1485 560 Prophetas
1498 511 1646 547 locutus
1659 515 1718 546 est

1012 581 1032 614 7
1043 580 1089 613 19
1104 590 1135 613 c.
1166 577 1351 619 Christus,
1365 576 1497 612 Gratia
1511 576 1586 611 suis
1597 577 1672 611 722
1683 587 1716 610 a.

1011 641 1198 682 Christus,
1239 641 1336 676 idem
1379 647 1436 676 est
1475 647 1511 676 et
1559 652 1720 688 granum

1012 712 1050 742 et
1083 705 1295 753 manipulus
1328 707 1403 741 722
1438 704 1474 740 b.
1532 704 1720 745 Christus,

1012 776 1097 819 post
1144 770 1382 806 afflictionem
1430 769 1611 804 missurus
1662 773 1721 803 est

1013 834 1312 871 benedictionem
1331 835 1406 870 723
1424 833 1447 868 d
1461 846 1494 869 e.
1534 832 1720 874 Christus,

1014 912 1060 935 ex
1094 898 1217 934 Judae
1256 898 1396 934 semine
1435 903 1540 933 ortus
1576 898 1651 933 724
1688 908 1720 932 a.

1016 964 1201 1004 Christus,
1218 962 1483 998 confidentiam
1498 961 1618 1009 poscit
1635 973 1723 996 suos

1017 1031 1093 1065 724
1139 1029 1189 1074 b3
1237 1033 1276 1063 et
1312 1027 1510 1063 veritatem
1560 1028 1636 1063 725
1687 1038 1722 1061 a.

1017 1093 1202 1134 Christus,
1247 1091 1390 1140 jejunio
1442 1091 1548 1127 finito
1594 1089 1724 1126 laetari

1012 1158 1121 1206 jubet
1144 1158 1219 1193 726
1241 1169 1274 1193 e.
1323 1156 1507 1198 Christus,
1530 1155 1725 1191 Ecclesiae

1018 1234 1146 1258 murus
1172 1227 1210 1257 et
1236 1221 1396 1257 maceria
1418 1223 1493 1257 734
1515 1220 1561 1262 b;
1595 1223 1670 1257 735
1692 1233 1723 1255 a.

1018 1286 1205 1329 Christus,

1017 1351 1134 1388 oculis
1164 1351 1240 1386 suis
1270 1362 1357 1386 suos
1386 1349 1560 1385 observat
1586 1352 1661 1386 735
1684 1360 1726 1393 c;

1272 1291 1357 1333 post
1423 1284 1724 1320 Incarnationem

1019 1422 1057 1453 et
1118 1415 1271 1451 Sionem

1019 1481 1108 1517 facit
1143 1482 1218 1516 736
1254 1480 1327 1515 ab.
1385 1477 1568 1519 Christus,
1598 1490 1727 1514 currus

1019 1545 1173 1582 bellicos
1240 1543 1421 1591 disperdit
1487 1545 1563 1579 737
1630 1542 1652 1578 b
1691 1554 1724 1578 c.

1021 1609 1206 1650 Christus,
1229 1608 1307 1644 sine
1328 1608 1401 1643 fine
1421 1613 1645 1655 regnaturus
1671 1612 1729 1642 est

1023 1675 1098 1711 738
1120 1686 1152 1710 a.
1191 1671 1377 1714 Christus,
1399 1684 1446 1708 ex
1475 1671 1620 1707 inferno
1646 1671 1728 1706 lacu

1023 1751 1110 1774 suos
1143 1737 1266 1774 emisit
1303 1738 1377 1773 738
1415 1736 1484 1773 be.
1542 1734 1727 1777 Christus,

1022 1802 1160 1850 duplici
1189 1813 1364 1837 mensura
1394 1813 1481 1836 suos
1514 1806 1729 1836 remunerat

1025 1869 1100 1904 739
1136 1879 1167 1902 e.
1226 1864 1411 1906 Christus,
1442 1865 1589 1910 pluviae
1620 1864 1728 1912 spiri-

1022 1931 1132 1967 tualis
1145 1930 1247 1966 solus
1260 1935 1390 1965 auctor
1400 1931 1475 1965 746
1488 1929 1522 1964 b.
1544 1927 1729 1974 Christus,

1022 1994 1380 2043 pseudoprophetas,

1019 2059 1177 2107 judicat,
1226 2071 1344 2107 agnos
1397 2070 1485 2094 suos
1532 2058 1731 2094 miseratur

1026 2125 1101 2160 746
1129 2136 1168 2169 e;
1202 2126 1276 2159 747
1307 2136 1340 2159 a.
1399 2121 1585 2163 Christus,
1607 2124 1731 2170 Apos-

1023 2187 1110 2224 tolis
1131 2187 1207 2223 suis
1226 2199 1402 2235 praesens
1418 2192 1548 2223 contra
1565 2187 1731 2223 Graecos

1024 2252 1204 2288 auxilium
1225 2252 1311 2287 tulit
1333 2253 1407 2288 748
1429 2251 1496 2287 bc.
1546 2250 1730 2297 Christus,

1026 2317 1156 2365 quanti
1185 2316 1232 2352 sit
1262 2316 1339 2352 suis
1365 2328 1477 2351 causa
1505 2316 1632 2364 gaudii
1655 2317 1727 2352 751

1026 2394 1047 2417 a
1059 2381 1097 2418 b.
1139 2379 1325 2422 Christus,
1343 2382 1405 2428 qui
1424 2386 1577 2427 peccato
1597 2381 1732 2416 remoti

1027 2451 1133 2483 erant
1180 2458 1202 2481 a
1238 2446 1332 2486 Deo,
1371 2444 1599 2492 propinquos
1645 2445 1734 2481 tulit

1029 2513 1105 2547 752
1150 2510 1227 2546 ab.
1297 2508 1481 2554 Christus,
1518 2509 1733 2556 redemptos

1027 2574 1149 2623 gratia
1177 2574 1333 2609 ditificat
1369 2576 1443 2609 753
1476 2585 1517 2614 c;
1554 2578 1592 2609 et
1624 2585 1730 2620 prae-

1028 2639 1151 2675 valere
1193 2638 1283 2674 facit
1328 2640 1403 2673 754
1448 2649 1479 2673 c,
1547 2635 1732 2681 Christus,

1030 2704 1163 2739 Pastor
1182 2703 1303 2738 bonus
1323 2715 1343 2738 a
1363 2701 1544 2737 Zacharia
1566 2701 1733 2749 praedic-

1028 2773 1091 2804 tus
1122 2768 1197 2803 760
1228 2766 1296 2802 ab.
1354 2765 1538 2807 Christus,
1568 2778 1589 2801 a
1617 2778 1734 2813 grege

1030 2843 1098 2867 sua
1136 2831 1307 2866 desertus
1347 2832 1422 2866 760
1457 2842 1489 2866 c.
1548 2829 1734 2872 Christus,

1031 2895 1067 2931 in
1106 2907 1239 2930 manus
1276 2894 1442 2930 hostium
1480 2894 1594 2931 tradit
1632 2906 1733 2935 suos,

1031 2958 1316 3007 impoenitentes
1341 2961 1417 2996 760
1435 2960 1504 2997 de.
1546 2958 1732 3002 Christus,

1328 1425 1505 1461 praesens
1563 1413 1727 1461 gaudere

1444 2000 1488 2029 ut
1550 1993 1728 2035 Graecos,
