2060 3387
121 202 206 243 viii.
235 216 294 243 ιο.
482 203 555 243 ΙΝ
598 203 1012 244 ZACHARJAM.
1073 202 1227 242 TUM.
1262 201 1344 242 ΙΙΙ.
1617 203 1699 240 3555)

186 331 247 382 τῷ
269 329 596 384 ἐκπορευομένῳ
624 329 691 369 καὶ
722 333 782 382 τῷ
810 327 1155 384 εἰσηορευομένῳ
1178 327 1252 367 οὐκ
1291 327 1409 368 ἔσται
1441 324 1584 381 εἰριένΗ
1613 325 1698 367 ἀπὸ

186 415 262 452 τῆς
289 411 490 461 Ολίψεοκ·
523 413 589 452 καί
613 412 894 453 ἐξαποστελῶ
921 413 1082 452 Πάντας
1111 411 1208 452 τοὺς
1236 410 1490 466 ἀνθρώπους
1517 411 1697 451 ἕκαστον

186 498 254 539 ἐπὶ
283 499 353 540 τὸν
381 498 560 540 ΠΛΗοίον
589 499 730 542 αὐτοῦ.

193 625 258 674 Ἡ
291 628 385 674 τῶν
409 625 646 691 Ἐβραίων
683 625 866 678 ε”κδοσις
904 626 990 692 οὐχ
1028 626 1089 677 ὡς
1128 627 1201 676 ἐπὶ
1239 624 1501 688 μέλλοντος
1541 630 1701 690 καιροῦ

79 709 313 757 5ποιεῖται
355 706 462 760 τοὺς
508 705 694 770 λόγους,
735 707 905 774 χρόνον
949 706 997 757 δὲ
1046 708 1206 771 τίθησι
1247 706 1328 757 τὸν
1365 705 1696 775 παρωχηκότα.

121 812 201 857 προ
229 786 319 854 γὰρ
347 787 425 839 τῶν
451 789 606 856 ἦμερῶν
638 789 798 840 ἐκείνων
830 789 980 857 φησιν
1013 795 1030 840 ὁ
1063 787 1217 856 μισθσς
1258 813 1336 838 των
1369 787 1595 857 ἀνθρωπων
1627 812 1700 838 ουκ

121 875 163 929 ἠν
204 875 262 925 εἰς
298 895 429 930 omo-cv
459 893 535 922 κοιι
571 876 588 922 ὁ
624 869 777 938 μισθσς
813 895 893 921 των
929 895 1081 930 κτηνων
1121 874 1203 934 ιύχ
1236 889 1415 939 υπηρχε·
1458 893 1532 920 και
1556 871 1741 920 πάλινει
1770 886 1856 921 720
1871 884 1920 918 A.

121 958 192 1023 Τῷ
216 952 526 1023 εκπορευομένῳ
568 976 644 1004 και
685 952 744 1022 Tc}
781 951 1106 1023 εἰσπορευομενῳ
1139 957 1213 1004 οὐκ
1251 977 1292 1012 ην
1332 954 1468 1023 εἰρηνη,
1500 954 1574 1002 καὶ
1600 953 1701 1002 ἀντὶ

120 1040 202 1085 τοῦ
229 1035 374 1103 φάναι
404 1039 491 1086 Ka>
525 1035 815 1104 ἐξαποστελῶ
847 1035 1026 1089 πάντας
1062 1034 1156 1089 τοὺς
1189 1034 1442 1104 ἀνθρώπους,
1469 1034 1700 1085 τεθείκασι

56 1137 103 1161 10
121 1116 175 1167 τό
224 1117 575 1186 Ἐξαπέστειλα
633 1116 811 1170 πάντας
862 1115 968 1171 τοὺς
1019 1117 1303 1183 ἀνθρώπους.
1385 1117 1476 1183 ἔχει
1526 1115 1573 1167 δὲ
1624 1119 1699 1166 καὶ

121 1198 313 1268 σφόδρα
351 1198 404 1250 τὸ
441 1197 557 1252 εἰκὸς
590 1200 614 1249 ὁ
651 1199 808 1264 λόγος,
843 1198 896 1249 τὸ
935 1198 983 1249 δὲ
1022 1197 1207 1265 ἀτρεκὲς
1245 1200 1293 1249 ἐν
1330 1198 1510 1252 τούτοις
1547 1221 1698 1264 παρα-

121 1280 291 1345 στήσει
328 1286 421 1332 τῶν
454 1280 753 1346 διηγημάτων
784 1281 811 1345 ἡ
845 1280 1050 1344 δύναμις.
1116 1280 1339 1340 βούλεται
1365 1279 1457 1346 γάρ
1481 1303 1525 1331 τι
1551 1286 1699 1331 τοιοῦ-

121 1385 204 1413 τον
232 1364 511 1427 ὑποδηλοῦν.
576 1363 689 1427 ἧκον
726 1362 808 1426 μὲν
843 1362 935 1428 γὰρ
973 1364 1022 1413 ἐκ
1048 1366 1335 1423 Βαβυλῶνος
1361 1366 1422 1416 εἰς
1454 1361 1538 1426 τὴν
1563 1363 1700 1428 ἁγίαν

122 1443 264 1495 πόλιν
313 1449 355 1496 οἱ
404 1447 459 1515 ἐξ
503 1444 721 1511 Ἰσραήλ.
801 1445 910 1495 ἀλλ’
964 1445 1046 1495 οὐκ
1095 1442 1152 1508 ἧν
1202 1445 1355 1498 αὐτοῖς
1406 1442 1699 1510 ἁγιάσματος

57 1545 104 1583 15
123 1526 282 1585 τόπος,
317 1527 750 1590 κατασεσεισμένον
789 1532 872 1578 τοῦ
910 1526 1061 1578 πάλαι
1100 1532 1227 1578 ναοῦ·
1271 1528 1353 1578 οὐκ
1391 1525 1449 1590 ἦν
1489 1527 1517 1590 ἡ
1557 1527 1701 1577 θυσία

123 1611 198 1660 καὶ
235 1607 435 1673 σπονδὴ,
463 1609 527 1674 μὴ
560 1611 766 1663 ἑστῶτος
801 1610 1154 1675 θυσιαστηρίου.
1216 1606 1312 1659 εἶτα
1348 1610 1636 1675 προῦτρεπεν
1675 1609 1700 1658 ὁ

121 1696 215 1742 τῶν
242 1692 368 1743 ὅλων
395 1691 515 1745 Θεὸς
540 1697 634 1743 τῶν
660 1693 804 1745 οὕτως
837 1692 990 1745 αὐτοῖς
1017 1692 1282 1756 ἀναγκαίων
1307 1690 1700 1757 προύργιαιτάτην
1718 1706 1744 1746 b

123 1773 290 1825 θέσθαι
316 1775 554 1842 φροντίδα,
581 1776 656 1825 καὶ
681 1775 1018 1836 ἀναδείμασθαι
1053 1774 1135 1837 μὲν
1170 1773 1251 1824 τὸν
1278 1774 1402 1837 ναὸν,
1429 1776 1699 1840 ἀνορθῶσαι

124 1854 172 1906 δὲ
206 1858 280 1906 καὶ
318 1855 372 1907 τὸ
407 1861 528 1908 θεῖον
562 1859 609 1907 ἐν
647 1858 770 1925 αὐτῷ
808 1855 1157 1922 θυσιαστήριον,
1195 1858 1256 1909 ὡς
1295 1854 1350 1906 ἂν
1387 1856 1533 1923 ἔχοιεν
1571 1857 1694 1906 ἀπο-

57 1963 105 1987 20
123 1937 352 2004 περαίνειν
392 1939 441 1989 εὖ
481 1938 612 2001 μάλα
655 1937 714 1989 τὰ
760 1939 1077 2000 νενομισμένα,
1124 1939 1198 1988 καὶ
1239 1938 1702 2000 καταμειλίσσεσθαι

123 2019 206 2070 τὸν
246 2024 339 2070 τῶν
379 2020 505 2071 ὅλων
546 2020 685 2071 Θεόν.
747 2024 788 2071 οἱ
828 2020 876 2071 δὲ
910 2021 1134 2074 ποικίλως
1169 2019 1554 2081 διανεβάλλοντο,
1587 2019 1701 2071 ποτὲ

124 2101 208 2164 μὲν
242 2102 494 2170 χρημάτων
528 2101 843 2166 πλαττόμενοι
881 2101 1070 2164 σπάνιν,
1105 2100 1218 2153 ποτὲ
1263 2101 1310 2152 δὲ
1347 2102 1430 2156 τὰς
1472 2107 1565 2152 τῶν
1603 2125 1697 2153 κω-

124 2184 333 2236 λυόντων
355 2188 608 2248 οἰκοδομεῖν
639 2185 924 2250 δυστροπίας
953 2183 1364 2253 προφασιζόμενοι.
1422 2182 1519 2234 εἶτα
1545 2207 1699 2249 προσ-

127 2266 368 2332 κρούοντες
418 2266 492 2318 διά
553 2273 690 2318 τοῦτο
743 2270 862 2336 Θεῷ,
914 2271 1111 2333 συχναῖς
1174 2268 1248 2316 καὶ
1311 2265 1701 2330 ἀλλεπαλλήλοις

62 2366 110 2403 25
131 2349 431 2399 κατεπαίοντο
472 2354 693 2414 πληγαῖς,
738 2349 983 2415 ἀκαρπίαις
1033 2348 1089 2411 δὴ
1141 2348 1266 2413 λε’γω
1312 2350 1385 2398 καὶ
1429 2350 1698 2416 ἀνεμοφθο-

129 2430 246 2495 ρίαις
285 2433 359 2481 καὶ
397 2435 495 2484 ταῖς
533 2435 626 2480 τῶν
663 2429 847 2496 ὁμόρων
881 2432 1026 2481 ἐθνῶν
1057 2428 1243 2496 ἐφόδοις
1278 2432 1350 2480 καὶ
1379 2432 1702 2496 καταδρομαῖς.

177 2608 209 2641 3.
235 2597 288 2630 ἐπὶ
308 2597 348 2631 C.
365 2598 449 2640 πρὸς
468 2598 504 2631 F.
526 2596 614 2631 Edd.
634 2596 730 2641 (42.)
916 2607 947 2641 7,
966 2598 998 2631 8.
1029 2596 1348 2642 ἧν-ὑπῆρχε-ἧν]
1372 2597 1467 2631 Haec
1484 2597 1599 2638 verba,
1618 2610 1705 2643 quae

130 2644 213 2678 dicit
232 2644 276 2678 D.
291 2644 442 2689 Cyrillus
456 2644 626 2678 Hebraice
643 2644 722 2687 legi,
742 2643 905 2677 exhibent
920 2655 1057 2689 quoque
1075 2644 1149 2688 (22.
1168 2644 1232 2688 al.)
1314 2645 1346 2678 8.
1364 2646 1409 2689 τῷ
1424 2643 1499 2688 alt.]
1516 2646 1554 2677 τὸ
1568 2645 1647 2688 (sic)
1663 2644 1704 2679 C.

129 2692 232 2724 8—10.
263 2690 357 2725 Haec
383 2692 435 2724 καὶ
460 2691 805 2735 ἀντὶ-ἐξαπέστειλα
829 2691 954 2724 πάντας
979 2691 1056 2725 τοὺς
1081 2691 1274 2734 ἀνθρώπους
1296 2697 1516 2724 accesserunt
1533 2703 1573 2724 ex
1594 2691 1633 2725 C.
1653 2692 1705 2725 καὶ

129 2737 470 2781 ἀντὶ-ἐξαποστελῶ
486 2738 610 2772 πάντας
628 2738 705 2772 τοὺς
722 2737 917 2780 ἀνθρώπους·
935 2737 1159 2780 ἐξαπεστειλα
1179 2738 1223 2771 D.
1535 2748 1585 2771 11.
1612 2739 1650 2771 τὸ
1669 2739 1704 2771 δέ

130 2783 264 2827 ἀτρεκές
283 2784 324 2818 C.
342 2799 395 2818 και
412 2786 450 2818 τὸ
467 2785 591 2823 ἀληθὲς
609 2783 699 2818 Edd.
749 2783 963 2827 παραστήσει
984 2784 1023 2817 C.
1041 2784 1229 2828 παρίστησι
1248 2783 1338 2817 Ε(](Ῑ.
1594 2795 1646 2826 14.
1672 2785 1703 2818 οἱ

132 2830 227 2863 deest
245 2843 350 2864 manu
368 2832 478 2875 prima
496 2831 536 2865 C.
586 2830 794 2875 ἁγιὰσματος
811 2832 911 2865 τόπος
931 2830 971 2863 C.
989 2830 1140 2876 ἁγίασμα
1157 2833 1203 2864 τῶ
1221 2832 1313 2877 τόπῳ
1333 2830 1422 2864 Edd.
1527 2841 1579 2874 15.
1606 2845 1704 2865 κατα-

133 2876 314 2920 σεισμένου
333 2877 421 2922 (sic)
442 2878 481 2912 C.
531 2877 577 2920 ἡ
568 2878 711 2911 accessit
729 2889 770 2911 ex
789 2876 829 2911 C.
1273 2889 1327 2912 21.
1353 2878 1592 2918 ὃιανεβάλοντο
1612 2877 1703 2911 Edd.

133 2929 213 2956 ante
231 2923 364 2965 Minue.
382 2925 498 2959 invitis
517 2924 557 2959 Β.
563 2923 602 2958 C.
854 2935 908 2957 22.
934 2924 992 2958 τὰς
1009 2923 1127 2957 deest
1121 2936 1156 2957 m
1176 2923 1267 2957 Edd.
1509 2935 1563 2966 24.
1589 2924 1642 2958 διὰ
1662 2924 1702 2959 C.

134 2983 219 3013 προς
238 2969 326 3003 Edd.
627 2980 679 3015 25.
705 2970 920 3004 κατεπαίοντο
940 2970 978 3004 C.
997 2970 1150 3004 ἐπαίοντο
1170 2970 1260 3004 Edd.
1554 2970 1608 3005 26.
1633 2973 1705 3007 ταῖς

137 3023 356 3061 assumptum
373 3029 413 3051 ex
434 3016 474 3051 C.
