2028 3356
286 150 366 191 116
675 153 724 193 B.
768 150 1048 192 CYRILLI
1098 150 1482 192 ALEXANDR.
1642 150 1684 190 ii.
1707 162 1772 204 19,
1797 159 1862 189 20.

281 260 448 325 μένοις,
475 265 512 313 εὶ
547 262 696 327 δήπου
727 284 795 315 τις
833 260 1175 325 καταπτοήσειε
1215 260 1382 329 φόβος,
1409 260 1628 312 ἀνάπτειν
1662 257 1865 323 βωμοὺς,

283 344 548 411 ἀνοιγνύναι
599 344 776 408 τεμένη,
823 345 900 394 καὶ
955 348 1050 397 τοῖς
1107 343 1311 413 ἀψύχοις
1361 344 1569 397 εἰδώλοις
1619 344 1866 410 ἐπιφωνεῖν

284 427 562 492 Ἐλεήσατε,
604 426 813 488 σώσατε,
856 421 1051 495 ὑψώθητι
1091 428 1166 476 καὶ
1208 425 1272 477 σὺ
1310 425 1418 489 mee,
1455 422 1762 492 προασπίζων
1805 425 1866 475 ὡς

285 508 387 563 θεὸς
426 513 520 559 τῶν
553 507 611 559 τὰ
646 507 714 558 σα
749 507 993 569 σεβόντων
1029 508 1189 574 κράτη,
1218 510 1293 559 καὶ
1331 531 1389 559 σε
1426 511 1709 575 προσκυνεῖν
1746 507 1864 573 ᾑρη-

284 590 447 655 μένων.
518 594 609 641 οὐαὶ
645 589 700 654 δὴ
735 591 816 641 οὖν
853 596 948 644 τοῖς
982 589 1206 644 τοιούτοις
1243 589 1444 649 εἰκότως,
1471 590 1541 641 ὅτι
1571 594 1666 643 τοῖς
1691 590 1740 639 ἐκ
1765 611 1867 655 χρυ-

286 675 379 723 σίου
433 677 509 724 και)
562 677 760 742 ἀργυρίου
803 672 1139 738 πεποιημένοις,
1181 678 1276 727 τοῖς
1326 674 1408 724 οὐκ
1459 673 1621 740 ε”χουσι
1672 677 1867 735 πνεῦμα,

246 755 613 821 οπροσκείμενοι
665 755 748 809 τὰς
799 755 1013 810 τοιαύτας
1054 755 1249 822 λέγουσι
1301 754 1475 823 φωνὰς,
1520 753 1574 809 ἃς
1617 754 1675 819 ἧν
1715 754 1865 819 δήπου

286 841 394 906 Θεῷ
432 837 588 904 λέγειν
627 838 815 900 ἄμεινον
859 842 925 908 τῷ
970 845 1259 890 κατοικοῦντι
1296 838 1379 889 τὸν
1418 836 1613 903 οὐρανὸν
1659 838 1733 887 καὶ
1774 834 1865 887 νοιόν

283 919 398 970 ἰ’διον
431 919 584 987 ἔχοντι
621 920 707 984 τὴν
741 921 837 972 ἄνω
871 921 1026 973 πόλιν.
1090 921 1222 986 ἅγιος
1256 920 1349 987 γὰρ
1389 922 1436 971 ἐν
1471 921 1619 986 ἁγίοις
1654 922 1864 981 κατοικεῖ,

283 1003 358 1053 καὶ
385 1007 480 1056 τοῖς
507 1004 781 1067 σεβομένοις
807 1004 948 1054 αὐτὸν
975 1003 1268 1069 ἐναυλίζεται.

358 1084 611 1152 Χρήσιμον
650 1087 731 1136 οὖν
768 1109 812 1138 τι
851 1089 925 1137 καὶ
965 1088 1218 1153 ἀναγκαῖον
1256 1088 1281 1137 ὁ
1322 1084 1581 1153 Προφήτης
1619 1084 1728 1148 ἡμῖν
1761 1085 1861 1135 ε’πι·

285 1166 557 1235 φθέγγεται,
595 1167 649 1219 τό
686 1168 976 1226 Εὐλαβείσθω
1008 1168 1101 1220 οιπο
1134 1167 1368 1237 προσώπου
1408 1169 1539 1219 αὑτοῦ
1571 1169 1756 1227 ποῖσοιῆ
1786 1165 1862 1232 ‘ffl-

283 1250 633 1317 προσκυνητέον
658 1250 751 1317 γὰρ
776 1256 870 1305 τοῖς
903 1275 957 1317 γε
993 1254 1180 1315 ἀληθῶς
1205 1251 1487 1319 ἀρτίφροσιν
1512 1249 1592 1300 ἕνα
1616 1248 1699 1299 τὸν
1725 1248 1867 1316 φύσει

286 1334 360 1384 καὶ
401 1335 589 1398 ἀληθῶς
625 1333 749 1385 Θεὸν
790 1336 865 1384 καὶ
908 1335 1032 1402 αὐτῷ
1072 1332 1125 1384 τὸ
1166 1335 1313 1394 σέβας
1358 1332 1530 1401 ἀνάψει
1569 1336 1659 1384 πᾶς
1697 1329 1866 1400 σοφὸς,

241 1418 411 1486 ᾶαύτῲ
451 1419 703 1485 προσοίσει
744 1421 819 1470 καὶ
868 1418 952 1473 τὰς
1000 1418 1200 1481 ἱκετείας,
1243 1420 1351 1485 παρ’
1395 1419 1536 1468 αὐτοῦ
1581 1415 1767 1484 ζητήσει
1813 1415 1866 1466 τὸ

285 1500 538 1566 σώζεσθαι,
568 1503 643 1551 καὶ
670 1501 811 1552 αὑτὸν
839 1501 1130 1567 ὁμολογήσει
1151 1499 1468 1567 Δημιουργὸν,
1491 1498 1748 1563 Δεσπότην
1773 1503 1868 1549 τῶν

287 1582 429 1641 ὅλων,
467 1586 666 1649 Σωτῆρα
701 1586 775 1634 καὶ
803 1583 1070 1650 Λυτρωτὴν,
1103 1586 1360 1647 πανσθενῆ,
1396 1582 1652 1647 πάναγνον,
1680 1582 1754 1632 καὶ
1785 1579 1868 1634 τὰς

286 1670 380 1716 τῶν
406 1665 698 1732 πραγμάτων
728 1665 1131 1732 μετασκευάζοντα
1168 1666 1349 1734 φύσεις,
1377 1666 1448 1732 ἐφ’
1476 1664 1590 1729 ὅπερ
1623 1662 1680 1714 ἂν
1715 1663 1868 1715 ἕλοιτο

287 1748 406 1800 κατὰ
430 1747 613 1815 καιροὺς
637 1751 713 1799 καὶ
741 1748 868 1802 ἰδίοις
895 1748 1090 1812 νεύμασι
1118 1747 1222 1800 τόδε
1249 1747 1302 1799 τὸ
1328 1752 1423 1799 πᾶν
1450 1747 1728 1798 διϊθύνοντα.

338 1949 367 1972 I.
392 1952 458 1971 που
476 1942 697 1982 assumptum
715 1949 756 1970 ex
776 1936 821 1970 D.
887 1934 952 1981 τις]
978 1940 1014 1976 -†-
1036 1935 1155 1971 ιιῦτους
1175 1934 1265 1969 Edd.
1285 1936 1393 1969 invito
1413 1936 1457 1969 D.
1675 1945 1708 1979 3.
1734 1934 1787 1967 καὶ
1804 1933 1866 1980 σὺ]

288 1985 341 2019 καὶ
359 1985 394 2018 δέ
414 1985 458 2019 σὺ
478 1985 522 2018 D.
734 1994 766 2027 5.
793 1984 844 2018 ὅτι
862 1990 1083 2028 assumptum
1101 1995 1141 2016 ex
1163 1983 1207 2016 D.
1258 1983 1403 2027 χρυσίου
1421 1983 1473 2016 καὶ
1491 1982 1652 2027 ἀργυρίου
1670 1982 1716 2014 l).
1734 1984 1868 2025 χρυσοῦ

288 2033 341 2066 καὶ
359 2031 507 2076 ἀργύρου
527 2031 618 2065 Edd.
810 2042 841 2076 7.
867 2030 1123 2076 προσκειμένοις
1140 2029 1198 2063 ild.
1252 2031 1375 2063 Statim
1395 2030 1446 2063 καὶ
1465 2029 1544 2063 add.
1564 2029 1623 2063 iid.
1674 2027 1712 2072 ἣν
1726 2029 1805 2071 (sic)
1822 2029 1868 2063 D.

293 2091 304 2113 Ι
317 2090 344 2112 1.
371 2078 429 2113 οὖν
450 2079 493 2113 D.
513 2078 551 2112 δέ
568 2078 626 2112 iid.
964 2089 1014 2121 13.
1041 2077 1293 2121 προσκυνητέον
1309 2076 1391 2122 γὰρ]
1413 2077 1465 2110 καὶ
1482 2076 1732 2121 προσκυνητέον
1748 2076 1814 2120 γὰρ
1832 2075 1867 2110 b.

288 2126 398 2159 invito
427 2126 471 2159 Ι).
545 2125 752 2169 ἀρτίφροσιν
783 2125 827 2159 Ϊ).
842 2125 876 2158 b.
906 2124 1172 2169 ιῖρτιφρονοῦσιν
1201 2123 1291 2157 Edd.
1367 2124 1492 2157 Statim
1518 2125 1620 2167 μόνον
1647 2134 1709 2167 pro
1736 2137 1791 2156 ενα
1820 2122 1853 2156 D

293 2184 345 2215 14.
372 2173 506 2216 ἀληθῶς
526 2172 608 2206 l).b.
626 2172 732 2215 ἀληθῆ
754 2171 844 2206 Edd.
893 2170 1033 2216 ἀνάψει]
1064 2171 1120 2205 Sic
1147 2171 1284 2204 retinui.
1303 2170 1496 2215 ἀναπέμψω
1522 2171 1617 2214 prius
1637 2170 1804 2213 scriptum
1824 2169 1867 2203 ad

288 2220 413 2264 ἀνάψει
432 2226 483 2253 est
502 2219 709 2262 castigatum
728 2219 863 2253 rubrice
882 2218 915 2253 b.
935 2219 1066 2253 ἀναθεὶς
1087 2218 1130 2251 l).
1427 2229 1478 2260 15.
1506 2218 1594 2262 αὐτῷ
1613 2229 1682 2250 om.
1704 2218 1749 2250 D.
1814 2216 1867 2250 καὶ

288 2273 510 2311 assumptum
529 2278 568 2300 ex
593 2266 639 2300 D.
704 2265 780 2309 παρ’
800 2266 901 2299 αὐτοῦ
920 2266 966 2299 D.
985 2265 1061 2309 παρ’
1080 2265 1167 2311 αὐτῷ
1188 2264 1278 2298 Edd.
1496 2264 1547 2299 16.
1576 2265 1627 2297 καὶ
1645 2269 1868 2307 assumptum

289 2326 329 2347 ex
352 2314 395 2347 D.
590 2322 640 2352 17.
667 2314 721 2347 καὶ
738 2314 875 2358 Σωτῆρα
893 2325 954 2357 pro
973 2313 1108 2356 Σωτῆρα
1126 2313 1177 2345 καὶ
1195 2311 1370 2356 λυτρωτὴν
1390 2311 1436 2346 D.
1661 2310 1712 2344 18.
1736 2309 1867 2344 ἕλοιται

287 2360 378 2406 (sic)
396 2372 459 2406 pro
476 2358 516 2395 ἂν
530 2359 644 2394 ἕλοιτο
665 2360 710 2394 D.
856 2371 909 2405 19.
936 2360 1013 2394 τόδε
1031 2365 1250 2404 assumptum
1270 2371 1309 2394 ex
1330 2359 1375 2393 D.

1887 607 1909 645 5

1893 1026 1940 1051 10
