2049 3366
142 214 278 236 JoNAS.

681 202 888 238 INDEX

198 324 406 359 ficationem
445 327 520 360 212
555 339 586 365 a,
621 325 807 360 Ecclesiae
841 337 902 359 eo-

198 388 293 434 piam
325 395 362 424 ct
395 389 608 424 felicitatem
640 392 715 424 ‘242
751 402 782 427 c.
814 402 902 436 gen-

199 453 288 487 tium
306 453 499 500 impiarum
519 455 763 500 perditionem
780 457 851 489 211
869 453 903 497 d,

199 517 382 552 (foelestis
425 518 707 566 llierosolyniac
746 518 902 565 gloriani

199 584 275 616 2-15
304 595 343 622 e:
386 583 515 617 eodem
547 583 693 618 saeculo
724 595 795 630 quo
826 583 901 617 Ab·

199 646 278 681 dias
308 647 528 682 vatia-inatus
561 651 635 682 :354
667 660 707 688 a;
748 647 903 682 ‚ludaeis

199 710 332 746 indixit
350 711 610 747 lustrationem
634 716 708 747 709
731 712 768 747 d.

144 775 274 815 Jonas,
306 776 436 811 eodem
469 782 649 823 tempore,
682 790 753 823 quo
785 775 903 811 Oseas

201 846 237 874 ct
285 840 415 880 Amos,
466 841 687 875 vaticinatus
737 842 811 875 361
857 852 901 880 a;

201 904 317 939 multa
346 905 429 946 alia,
463 911 609 951 praeter
644 918 686 939 ea
718 917 810 951 quae
842 917 902 939 su-

201 974 365 1014 persunt,
405 969 557 1004 orat-ula
594 969 709 1004 edidit
745 971 819 1004 364
854 969 902 1009 b;

200 1033 236 1067 in
265 1033 441 1068 Secundo
469 1034 561 1069 libro
592 1033 742 1081 Regum
772 1046 802 1068 c.
830 1033 903 1068 xiv.

204 1100 264 1137 25,
310 1098 537 1134 mentionem
586 1098 698 1134 habet
743 1100 818 1134 365
859 1110 904 1138 a;

202 1168 355 1209 propter
376 1162 567 1198 historiam
596 1175 701 1198 suam
724 1175 908 1198 memora-

203 1226 286 1261 bilis
322 1229 397 1262 365
432 1227 476 1268 b;
522 1227 619 1275 qnod
654 1240 812 1274 persona
843 1239 908 1262 sua

204 1291 346 1326 Christi

207 1358 281 1392 365
303 1369 335 1396 c,
357 1357 421 1392 sed
449 1369 523 1392 non
545 1357 580 1391 in
612 1356 772 1391 minimis
798 1356 909 1391 rebus

207 1423 282 1456 366
304 1421 348 1466 d;
384 1427 496 1468 typus
524 1421 674 1461 Christi,
703 1420 837 1456 missus
864 1420 910 1455 ad

205 1485 508 1532 praedicandum,
526 1498 601 1521 non
617 1485 767 1533 fugiens
784 1487 859 1521 366
875 1497 910 1530 e;

204 1550 293 1585 item
318 1550 412 1585 mori
439 1550 578 1590 volens,
607 1556 643 1585 et
670 1550 768 1586 vitae
791 1549 912 1585 reddi-

205 1621 289 1656 tus;
317 1627 404 1655 non,
423 1615 638 1662 indignatus
657 1614 777 1650 Saluti
793 1614 910 1650 Nine-

206 1691 271 1714 ves
298 1681 374 1715 367
403 1691 452 1725 a3
491 1679 620 1728 Typus
647 1685 725 1715 erat
754 1678 912 1714 Divinae

205 1743 241 1778 in
263 1750 394 1792 gentes
422 1744 694 1779 misericordiae
722 1745 796 1779 367
820 1743 854 1787 d,
875 1749 911 1778 et

208 1808 418 1855 rejectionis
438 1809 669 1844 „ludaeorum
693 1810 768 1844 368
792 1820 833 1847 e:
866 1807 911 1842 ab

209 1872 290 1919 ipso
322 1872 474 1907 Christo
509 1872 728 1919 agnoscitur
765 1874 839 1907 369
871 1884 911 1916 a3

420 1292 638 1340 mysterium
710 1291 908 1327 adumbrat

209 1936 362 1972 Christo
389 1936 553 1976 inferior,
577 1936 677 1983 quod
699 1936 812 1971 verbo
833 1941 916 1970 tan-

209 2008 301 2040 tum,
340 2013 415 2035 non
464 2000 652 2036 miraculis
700 1999 916 2047 pradicabat

213 2068 288 2101 369
311 2065 354 2108 b;
386 2065 432 2100 ad
453 2065 626 2100 Nineven
652 2064 800 2105 missus,
822 2064 914 2111 Jop-

211 2142 295 2176 pam
322 2129 435 2177 fugit,
464 2130 511 2164 ad
533 2129 690 2164 Tarsum
719 2129 914 2176 navigatu-

211 2207 276 2229 rus
298 2196 372 2230 369
394 2193 417 2228 b
435 2194 480 2235 d;
512 2206 533 2229 a
551 2193 644 2229 facie
669 2193 741 2229 Dei
760 2193 916 2241 fugisse,

213 2258 464 2305 metaphorice
494 2258 628 2294 dicitur
659 2261 735 2295 370
766 2271 807 2303 a;
851 2258 918 2294 Dei

214 2328 385 2358 naturam
413 2322 783 2369 Omni-praesentem
813 2322 919 2370 igno-

215 2388 320 2422 rabat
343 2390 418 2423 370
440 2387 484 2431 b;
515 2392 667 2434 propter
694 2387 856 2423 taedium
883 2393 920 2422 et

215 2452 388 2487 timorem
426 2451 567 2499 refugit
606 2454 682 2487 370
722 2451 756 2493 d,
799 2451 921 2487 futuri

216 2516 337 2551 sciens
365 2518 441 2552 370
470 2528 510 2560 e;
554 2516 717 2563 procella
745 2529 821 2551 non
849 2515 921 2552 levi

215 2580 469 2622 incumbente,
490 2580 626 2616 dormit
650 2583 722 2616 371
747 2593 768 2616 a
783 2593 824 2626 c;
856 2580 920 2615 sed

217 2645 422 2680 meditandi
490 2657 602 2680 causa
670 2645 920 2686 descendisse,

220 2712 292 2745 371
324 2709 368 2751 (ἲς
413 2715 451 2745 et
484 2715 570 2745 ante
601 2709 803 2756 procellam
835 2709 920 2745 dor-

218 2774 330 2809 misse
368 2773 514 2809 videtur
554 2776 629 2809 372
666 2786 710 2817 a3
760 2774 922 2821 seipsum

218 2837 393 2885 prodidit,
419 2838 540 2874 Deum
567 2838 762 2873 confessus
784 2841 858 2875 372
882 2851 922 2883 e;

220 2902 309 2937 civis
334 2902 502 2938 ,Iudaeus
533 2903 633 2949 quod
662 2902 782 2947 fuerit,
811 2916 831 2939 e
856 2903 924 2939 Ju-

220 2966 312 3001 daea
351 2966 451 3002 exire
491 2979 564 3002 non
604 2967 731 3003 debuit
768 2970 841 3003 373
877 2981 923 3009 a;

953 202 981 236 it
1001 202 1028 236 li
1046 203 1075 237 it
1094 203 1126 236 1v
1143 202 1198 238 M.
1655 202 1731 235 699

1027 324 1145 371 patria
1162 325 1288 360 exiens
1309 324 1477 359 detectus
1498 327 1553 357 est
1575 332 1734 368 peccans

1029 392 1103 424 373
1126 402 1166 431 c;
1199 389 1345 436 culpam
1375 401 1481 423 suain
1508 385 1735 422 condemnat

1028 456 1102 488 373
1133 466 1173 495 c;
1205 455 1312 501 jussu
1346 465 1414 487 suo
1449 451 1539 487 mari
1571 449 1735 486 traditur

1029 520 1101 552 3721
1136 518 1180 561 d;
1224 518 1424 553 devoratus
1460 530 1480 552 a
1510 521 1605 556 ecto,
1637 514 1733 550 inof—

1025 581 1151 616 fensus
1179 588 1303 618 manet
1326 585 1400 617 375
1424 594 1463 624 c;
1497 580 1635 616 Divino
1660 591 1736 614 ser-

1026 652 1134 680 vatus·
1175 647 1354 682 miraculo
1401 649 1476 683 375
1517 658 1565 690 c;
1622 649 1734 692 typus

1028 710 1178 751 Christi,
1210 711 1373 758 seipsum
1405 723 1470 758 pro
1501 710 1608 745 nobis
1641 707 1735 755 peri-

1027 775 1119 810 turis
1166 776 1357 811 offerentis
1407 778 1482 811 375
1535 786 1554 809 e
1580 786 1586 818 ;
1645 773 1735 807 item

1028 838 1167 874 Christi
1217 841 1398 875 servantis
1447 838 1646 886 discipulos
1695 836 1732 871 in

1027 903 1108 939 lacu
1141 904 1346 940 Tiberiadis
1384 908 1458 941 377
1496 905 1539 948 b3
1585 903 1736 937 illaesus

1028 968 1063 1003 in
1109 975 1192 1004 ceto
1231 976 1403 1016 precatur
1443 972 1517 1005 377
1558 968 1594 1011 d,
1635 965 1736 1001 velut

1029 1044 1074 1068 ex
1116 1033 1260 1069 inferno
1303 1038 1377 1070 377
1413 1047 1456 1078 c;
1503 1031 1736 1067 aversionem

1030 1096 1152 1132 Divini
1180 1099 1305 1134 vultus
1331 1098 1452 1146 plorat
1482 1098 1556 1133 378
1575 1109 1616 1137 a;
1649 1108 1738 1130 num

1030 1161 1076 1197 sit
1093 1163 1275 1210 templum
1296 1163 1365 1198 Dei
1386 1163 1574 1198 revisurus
1595 1160 1741 1196 dubitat

1032 1228 1106 1263 378
1125 1240 1164 1272 c;
1196 1241 1270 1275 quo
1292 1228 1338 1263 sit
1356 1227 1519 1275 periculo
1538 1227 1633 1262 bene
1655 1236 1737 1260 sen-

1030 1291 1127 1327 tiens
1159 1295 1233 1328 378
1265 1305 1296 1333 e,
1328 1293 1510 1327 salvatum
1541 1290 1583 1326 iri
1612 1295 1739 1325 tamen

1036 1368 1074 1391 se
1095 1357 1249 1392 confidit
1272 1360 1347 1393 379
1370 1370 1410 1401 a;
1442 1356 1615 1392 laudatur
1640 1353 1739 1401 quod

1031 1425 1146 1458 tantis
1205 1421 1311 1457 malis
1372 1434 1448 1456 non
1503 1421 1743 1466 frangeretur

1035 1489 1111 1523 379
1154 1498 1197 1531 e;
1247 1486 1313 1521 sed
1351 1486 1536 1533 patienter
1573 1489 1744 1532 precatus

1033 1551 1081 1587 ad
1102 1550 1225 1586 Deum
1247 1550 1468 1598 confugeret
1487 1551 1562 1585 379
1580 1549 1624 1593 d3
1655 1548 1744 1583 item

1035 1615 1175 1664 gratias
1193 1615 1276 1650 Deo
1297 1628 1426 1662 agens,
1444 1621 1483 1650 et
1503 1620 1589 1649 vota
1604 1613 1744 1649 faciens

1038 1682 1113 1716 379
1131 1692 1175 1725 e;
1209 1682 1284 1716 380
1308 1692 1353 1724 a;
1392 1680 1506 1714 vitam
1529 1690 1632 1713 suam
1655 1689 1744 1712 exo-

1036 1757 1133 1785 rans,
1155 1750 1266 1792 typus
1294 1744 1434 1779 Christi
1458 1743 1610 1779 calicem
1639 1754 1745 1777 suam

1038 1809 1271 1856 deprecantis
1303 1809 1378 1844 380
1408 1808 1454 1849 b;
1496 1807 1584 1843 item
1615 1819 1634 1842 e
1664 1811 1748 1842 ceto

1038 1879 1199 1920 ereptus,
1218 1872 1744 1920 ChristiResurgentis380t·;

1040 1937 1157 1972 altero
1191 1937 1371 1972 miraculo
1401 1937 1474 1973 luci
1502 1937 1682 1979 redditus,
1710 1942 1749 1972 et

1038 2001 1161 2037 faetus
1191 2002 1394 2049 sapientior
1430 2004 1505 2037 380
1543 2002 1578 2044 d,
1609 2001 1637 2037 it
1671 2007 1745 2036 sta-

1039 2066 1105 2101 tim
1142 2066 1425 2113 praedicaturus
1468 2068 1540 2102 381
1585 2079 1618 2107 a,
1654 2066 1749 2101 sicut

1040 2130 1119 2177 ipse
1167 2130 1340 2166 Christus
1386 2137 1471 2177 post
1516 2130 1747 2166 Resurrecti-

1043 2207 1152 2230 onem
1201 2207 1268 2244 per
1313 2194 1516 2242 Apostolos
1563 2195 1751 2230 Gentibus

1043 2258 1272 2306 praedicavit
1297 2261 1369 2294 381
1402 2271 1447 2303 ος
1482 2259 1611 2295 urbem
1639 2259 1749 2294 Nini-

1048 2337 1119 2359 ven
1179 2323 1456 2371 promptissime
1517 2324 1754 2371 perambulat

1047 2391 1121 2426 382
1140 2400 1181 2431 a;
1214 2388 1415 2423 clamorem
1437 2387 1657 2436 iniquitatis,
1679 2389 1753 2424 cla-

1044 2466 1148 2489 more
1187 2452 1406 2499 prophetiae
1445 2465 1533 2488 suae
1571 2460 1755 2501 exaequat

1047 2520 1122 2554 382
1162 2517 1198 2557 b,
1239 2517 1321 2552 Deo
1361 2529 1453 2564 quae
1502 2517 1597 2554 dixit
1637 2519 1752 2565 inspi-

1044 2587 1151 2617 rante
1174 2583 1249 2617 382
1272 2593 1313 2625 c;
1345 2593 1366 2616 a
1387 2581 1571 2617 Ninevitis
1591 2583 1756 2618 creditur

1048 2649 1123 2683 382
1155 2646 1200 2689 d;
1240 2645 1411 2681 tristatus
1440 2651 1497 2681 est
1527 2652 1629 2682 metu
1659 2647 1754 2682 infa-

1046 2711 1155 2755 miae,
1172 2722 1247 2745 non
1269 2710 1390 2745 salute
1408 2709 1577 2746 Nineves
1595 2713 1671 2747 385
1687 2711 1710 2747 d
1724 2724 1756 2756 e,

1047 2788 1134 2816 non,
1157 2781 1199 2810 ut
1216 2774 1275 2809 alii
1291 2780 1438 2821 putant,
1455 2774 1636 2810 electione
1653 2775 1755 2811 Gen-

1049 2840 1141 2874 tium
1177 2838 1214 2873 in
1249 2839 1376 2874 locum
1415 2838 1561 2874 Israelis
1597 2842 1672 2875 386
1711 2852 1753 2885 a;

1049 2903 1120 2939 Dei
1150 2909 1324 2938 naturam
1352 2903 1446 2938 bene
1473 2904 1663 2951 cognitam
1693 2904 1756 2940 ha-

1050 2968 1154 3008 bens,
1200 2968 1389 3003 metuebat
1433 2980 1479 3003 ne
1520 2968 1757 3016 Pseudopro-

1176 3042 1299 3081 4r2
