2053 3382
124 467 229 499 Exod.

123 521 177 542 xx.
202 521 249 551 19.

122 620 221 651 Dent.

120 664 210 695 xviii.
231 672 277 704 17,

123 708 173 737 18.

113 1206 145 1237 S.
164 1206 263 1239 Joan.

115 1260 144 1281 v.
162 1250 213 1289 46,

349 185 433 225 626
737 187 785 226 Β.
830 186 1113 227 CYRILLI
1164 187 1548 228 ALEXANDR.
1815 190 1870 232 iv.
1894 192 1933 231 6.

348 299 375 321 ‘⁶
402 292 563 358 με’γα.”
620 292 723 344 τότε
760 293 817 357 δὴ
850 293 954 345 τότε
991 296 1241 362 περίφοβοι
1269 294 1511 361 γεγονότες
1544 299 1585 347 οὶ
1619 297 1705 347 υἱοὶ
1731 297 1933 362 Ἰσραὴλ

347 374 628 441 προσῄεσαν
667 375 884 441 λε’γοντες
922 380 989 446 τῷ
1029 377 1199 445 μεσίτῃ
1238 379 1312 428 καὶ
1354 379 1658 447 παιδαγωγῷ·
1716 381 1933 442 Μωυσῆς

348 455 480 507 οὗτος
519 454 594 519 ἧν·
637 456 831 508 κΛοῖλει
869 457 934 509 σὺ
971 457 1090 524 πρὸς
1128 459 1263 522 ἡμᾶς,
1303 461 1378 510 καὶ
1417 459 1483 523 μὴ
1522 460 1726 511 λαλείτω
1764 460 1876 524 ἡμῖν
1906 462 1932 511 ὁ

346 543 373 564 “
399 536 533 600 Θεὸς,
574 538 649 589 ἵνα
696 538 760 604 μὴ
804 539 1160 604 ἀποθάνωμεν.”
1229 543 1305 592 καὶ
1352 541 1409 606 δὴ
1452 540 1571 607 πρὸς
1614 547 1760 593 ταῦτα
1808 541 1931 597 Θεός

300 630 326 670 b
346 624 371 646 ‘⁶
395 617 598 685 Ὀρθῶς,
642 624 779 690 φησὶ,
819 621 976 673 πάντα
1021 622 1116 674 ὅσα
1155 622 1418 688 ἐλάλησαν·
1474 623 1739 692 Προφήτην
1774 625 1929 679 αὐτοῖς
1950 646 1972 685 5

342 709 369 731 “
396 703 658 768 ἀναστήσω
696 707 745 756 ἐκ
784 711 879 757 τῶν
917 709 1140 776 ἀδελφῶν
1179 709 1331 759 αὐτῶν
1369 707 1531 774 ὥσπερ
1569 707 1640 771 σὲ,
1679 711 1755 760 καὶ
1792 710 1929 773 θήσω

342 791 369 813 “
396 784 503 839 τοὺς
537 785 713 851 λόγους
747 811 838 850 μου
873 793 936 843 εἷς
960 788 1015 841 τὸ
1048 790 1209 853 στόμα
1241 791 1397 852 αὐτοῦ,
1430 792 1505 841 καὶ
1538 789 1744 854 λαλήσει
1773 791 1929 845 αὐτοῖς

340 873 368 895 “
393 867 512 918 κατὰ
537 870 693 920 πάντα
720 870 814 921 ὅσα
839 872 1113 935 ἐντείλωμαι
1139 871 1310 942 αὐτῷ.”
1362 873 1473 941 ὁρᾷς
1501 872 1628 927 ὅπως
1653 874 1703 923 ἐκ
1734 878 1927 939 μακρῶν

339 954 433 999 τῶν
473 950 649 1001 ἄνωθεν
687 952 871 1019 χρόνων
911 954 1235 1021 προανεφώνει
1279 955 1496 1021 Χριστὸν
1534 954 1589 1005 τὸ
1630 952 1827 1021 γράμμα
1869 954 1924 1006 τὸ

340 1031 492 1096 ἱερόν;
533 1033 665 1083 ἀλλὰ
705 1038 778 1085 καὶ
819 1035 960 1089 αὑτὰς
999 1040 1036 1086 εὶ
1075 1034 1132 1099 δὴ
1170 1035 1396 1097 βούλοιτό
1433 1059 1502 1090 τις
1539 1036 1810 1102 βασανίζειν
1841 1036 1926 1091 τὰς

338 1118 421 1163 τοῦ
473 1113 618 1178 νόμου
669 1116 820 1179 σκιὰς,
873 1117 1089 1185 Χριστὸν
1140 1117 1327 1183 εὑρήσει
1376 1117 1692 1186 γραφόμενον,
1744 1120 1820 1169 καὶ
1868 1117 1923 1170 τὸ

337 1195 405 1245 ἐπ’
456 1197 582 1266 αὐτῷ
630 1198 907 1263 μυστήριον.
988 1202 1062 1250 καὶ
1114 1205 1230 1265 γοῦν
1281 1200 1490 1268 ε”φασκεν
1532 1201 1771 1254 Ἰουδαίοις
1815 1204 1923 1252 “El

338 1286 363 1307 ‘⁴
389 1280 652 1331 ἐπιστεύετε
696 1285 904 1350 Μωυσῇ,
949 1283 1214 1334 ἐπιστεύετε
1261 1281 1319 1333 ἂν
1364 1284 1481 1346 ἐμοὶ,
1528 1285 1633 1349 περὶ
1674 1282 1767 1348 γὰρ
1810 1284 1922 1346 ἐμοῦ

298 1367 363 1405 0⁶⁶
389 1363 556 1415 ἐκεῖνος
605 1362 832 1431 ἕγραψεΪ
910 1364 1149 1430 πλήρωμα
1197 1364 1290 1431 γὰρ
1342 1363 1485 1428 νόμου
1535 1367 1612 1415 καὶ
1660 1369 1921 1432 προφητῶν

336 1443 361 1492 ὁ
412 1443 639 1508 Χριστὸς,
691 1445 745 1495 δι’
793 1446 847 1496 οὗ
898 1448 972 1497 καὶ
1023 1448 1128 1509 μεθ’
1176 1446 1230 1498 οὗ
1281 1450 1348 1516 τῷ
1398 1450 1507 1514 Θεῷ
1556 1449 1632 1497 καὶ
1685 1447 1841 1512 Πατρὶ
1891 1446 1919 1510 ἡ

335 1524 453 1592 δόξα
504 1524 595 1576 σὺν
636 1530 702 1596 τῷ
740 1527 889 1596 Ἀγίῳ
942 1528 1182 1590 Πνεύματι
1227 1533 1309 1578 νῦν
1352 1532 1427 1579 καὶ
1475 1530 1542 1578 ἀεὶ
1586 1530 1661 1579 καὶ
1706 1531 1768 1582 εἷς
1812 1526 1920 1581 τοὺς

335 1609 505 1661 αἰῶνας
542 1613 636 1658 τῶν
677 1611 871 1660 αἰώνων.
929 1608 1100 1674 Ἀμήν.

384 1787 411 1808 1.
439 1776 469 1808 οἱ
488 1781 711 1820 assumptum
730 1788 770 1810 ex
792 1777 833 1810 B.
1041 1788 1073 1821 3.
1101 1777 1184 1820 ὑμᾶς
1202 1776 1291 1822 (sic)
1313 1775 1403 1811 Edd.
1424 1783 1503 1811 ante
1522 1777 1655 1821 Migne.
1720 1776 1813 1823 ἡμῖν]
1832 1778 1918 1822 πρὸς

330 1821 414 1864 ἡμᾶς
432 1821 491 1855 iid.
511 1822 553 1856 cf.
573 1822 607 1855 in
627 1822 686 1857 Es.
708 1832 772 1868 742
786 1835 815 1858 c.
998 1835 1030 1868 5.
1057 1824 1213 1867 ἐλάλησα
1233 1823 1275 1858 Β.
1453 1824 1486 1858 8.
1513 1824 1696 1867 ε’ντέλωμαι
1714 1823 1803 1869 (Sic)
1824 1823 1915 1859 Edd.

334 1879 386 1902 10.
412 1868 608 1910 βασανίζειν
625 1876 704 1914 post
721 1872 824 1913 νόμου
842 1876 975 1914 transl).
994 1870 1053 1904 iid.
1339 1881 1391 1915 13.
1417 1869 1473 1915 ἂν]
1498 1874 1535 1911 -1-
1557 1871 1610 1904 xa}
1628 1870 1687 1905 iid.
1750 1871 1816 1916 γὰρ
1834 1871 1916 1914 ἐμοῦ

329 1914 395 1949 hoc
415 1914 536 1948 ordine
557 1916 598 1949 B.
849 1917 902 1951 16.
927 1916 1049 1962 Ἃγίῳ]
1070 1917 1221 1963 παναγίῳ
1239 1916 1299 1952 iid.
1371 1919 1429 1953 νῦν
1446 1917 1500 1952 καὶ
1516 1917 1567 1952 ἀεὶ
1585 1918 1639 1952 καὶ
1656 1923 1690 1952 et
1707 1920 1773 1952 τῶν
1789 1917 1916 1953 αἰώνων

328 1968 550 1996 accesserunt
568 1974 608 1996 ex
629 1962 671 1997 Β.

514 2294 647 2322 ΔΟΞΛ
691 2294 868 2323 ΧΡΙΣἸὨ
911 2295 972 2323 ΤΩ
1016 2294 1169 2323 AONTI
1213 2295 1387 2323 APXHN
1433 2296 1518 2324 ΚΑΙ
1564 2294 1731 2325 ΤΕΛΟΣ.

1948 1063 1995 1088 10

1943 1468 1989 1506 15
