2007 3366
286 169 343 209 24
687 170 737 210 B.
781 167 1059 210 CYRILLI
1106 169 1490 210 ALEXANDR.
1665 169 1689 209 i.
1720 181 1782 223 13,
1809 179 1874 217 14.

289 277 579 331 διαστέλλων
604 281 681 330 καὶ
711 282 947 329 διατυπῶν
974 278 1081 328 καθ’
1110 276 1163 328 ὃν
1189 276 1247 328 ἂν
1271 278 1495 338 βούλοιτο
1521 277 1695 343 τρόπον
1720 277 1870 330 αὐτός.

288 362 511 430 ταύτῃτοί
540 367 691 430 φησιν
713 358 779 411 ςΩ
808 359 980 421 Νινευῖ,
1008 357 1177 410 λοιπὸν
1204 361 1428 429 πεπαύσῃ
1465 366 1548 411 τοῦ
1586 358 1700 410 εἶναι
1734 359 1872 421 δεινὴ,

286 444 534 508 παναλκής
569 467 617 494 τε
657 445 731 494 καὶ
775 440 1040 505 διαβόητος.
1106 444 1127 501 ἦ
1164 440 1257 507 γὰρ
1302 446 1412 503 ἀκοή
1455 467 1532 494 σου
1574 446 1650 494 οὐκ
1690 443 1866 493 ἐνοικου-

288 525 493 585 σθήσεται
539 525 614 588 ἔτι,
655 523 896 575 τουτέστιν
931 523 1014 573 οὐκ
1059 523 1194 574 ἔσται
1234 523 1403 575 λοιπὸν
1444 524 1594 578 πολὺς
1636 526 1742 590 περὶ
1780 529 1872 574 σοῦ

286 605 416 673 παρὰ
455 611 576 658 πᾶσι
616 605 776 671 λόγος.
845 605 996 656 πάλαι
1039 605 1123 669 μὲν
1162 603 1256 672 γὰρ
1296 605 1424 670 ἦσθα
1463 605 1674 673 λαμπρὰ,
1710 607 1783 657 καὶ
1822 608 1869 656 ἐν
1889 625 1913 664 5

288 689 540 754 γλώσσαις
579 687 636 752 ἦν
675 692 770 738 τῶν
814 688 1035 739 ἁπάντων
1078 689 1266 755 μεγάλα
1309 693 1414 755 περὶ
1454 696 1545 740 σοῦ
1589 689 1867 754 διηγήματα·

244 776 272 815 d
290 773 387 820 νυνὶ
413 769 460 820 δὲ
486 771 568 820 οὐκ
603 770 682 833 ἔτι,
707 769 838 821 ἀλλὰ
870 769 1079 836 στυγνὸν
1113 773 1184 822 ἐπὶ
1224 774 1302 822 σοὶ
1342 771 1668 838 κατηχήσουσι
1705 770 1866 835 μέλος.

289 853 423 903 ἔσται
449 851 496 904 δὲ
521 852 653 904 οὐδὲν
679 852 742 903 ε”τι
765 851 896 919 παρὰ
920 855 1000 904 σοὶ
1025 853 1080 904 τὸ
1104 854 1224 920 με’γα
1248 856 1323 905 καὶ
1349 852 1680 922 ἀξιάκουστον.

226 1048 271 1083 13
295 1036 368 1077 Καὶ
406 1039 472 1077 νῦν
511 1035 729 1093 συντρίψω
761 1036 838 1078 τιὶν
874 1037 1032 1094 ῥάβδον
1059 1038 1190 1079 αὐτοῦ
1222 1037 1309 1080 ἀπὸ
1347 1042 1436 1089 σοῦ,
1464 1038 1532 1079 καὶ
1566 1038 1662 1079 τοὺς
1689 1037 1869 1086 δεσμούς

226 1135 271 1169 14
358 1136 433 1162 σου
460 1120 694 1178 ὃιαῤῥήὲω,
722 1119 785 1161 καὶ
811 1120 1045 1163 ἐντελεῖται
1071 1121 1177 1178 ὑπὲρ
1205 1126 1279 1163 σοῦ
1309 1121 1470 1179 Κύριος.
1893 1131 1941 1156 10

365 1223 526 1275 Πάλιν
557 1225 582 1274 ὁ
614 1222 759 1289 λόγος
793 1227 859 1291 τῷ
887 1222 1122 1292 Προφήτῃ
1147 1223 1528 1291 μετακεχώρηκεν
1558 1226 1632 1275 ἐπὶ
1664 1224 1745 1275 τὸν
1770 1225 1869 1275 Ἰσ-

288 1306 431 1372 ραήλ.
498 1306 657 1369 ὅμοιον
700 1305 748 1357 δὲ
798 1308 859 1359 ὡς
908 1309 945 1356 εἰ
997 1307 1129 1370 λε’γοι
1167 1310 1278 1357 Τῶν
1323 1307 1635 1374 ἀρχαιοτέρων
1685 1307 1869 1358 ἐκείνων

287 1388 709 1453 πλημμελημάτων
759 1386 845 1451 τὴν
895 1388 1081 1452 μνήμην
1130 1388 1533 1456 ἀποπεμψάμενος
1596 1389 1868 1454 κατελεήσω

249 1470 471 1535 Θλοιπὸν,
522 1474 585 1525 ὡς
635 1473 765 1525 δίκας
815 1471 1091 1522 ἐκτετικότα·
1149 1473 1210 1524 ὡς
1261 1471 1576 1538 ἀποχρώντως
1630 1479 1864 1522 κεκολασ-

285 1556 426 1619 μένον
458 1555 728 1624 ἀπαλλάξω
766 1559 850 1620 τῆς
888 1557 1070 1606 ἐκείνων
1114 1556 1402 1625 πλεονεξίας,
1443 1558 1667 1625 ὑποκείσῃ
1706 1555 1752 1608 δὲ
1791 1559 1866 1608 οὑ-
1890 1579 1936 1618 15

285 1641 445 1702 δαμῶς
488 1644 546 1707 τῇ
591 1636 752 1708 ῥάβδῳ
790 1643 884 1689 τῶν
921 1639 1212 1704 Ἀσσυρίων,
1263 1639 1477 1690 τουτέστι
1527 1643 1593 1708 τῷ
1636 1639 1866 1710 σκήπτρῳ

282 1722 385 1786 ἤτοι
425 1725 484 1790 τῇ
524 1721 763 1789 βασιλείᾳ·
802 1721 1054 1784 σύμβολον
1091 1721 1184 1787 γὰρ
1222 1724 1470 1781 βασιλείας
1508 1721 1561 1772 τὸ
1599 1725 1861 1788 σκῆπτρον·

282 1804 447 1870 ἀνήσω
485 1803 534 1856 δὲ
572 1807 647 1855 καὶ
682 1804 909 1867 δειμάτων
949 1805 1023 1854 καὶ
1060 1805 1271 1857 δουλείας
1309 1806 1511 1867 δεσμῶν,
1547 1806 1781 1867 ἀνακομιῶ
1817 1805 1865 1856 δὲ

282 1888 412 1941 αὖθις
438 1892 499 1941 εἰς
523 1886 784 1952 ἐλευθερίας
816 1886 1053 1952 εὐήμερον.
1121 1885 1173 1937 τὸ
1201 1885 1350 1951 γεμήν
1377 1890 1639 1938 Ἐντελεῖται
1667 1892 1759 1955 περὶ
1789 1889 1865 1938 cro&

285 1969 451 2038 Κύριος,
503 1973 701 2020 τοιῶσδε
753 1968 953 2033 νοήσεις.
1021 1970 1253 2020 ἐντελεῖται
1302 1968 1396 2034 γὰρ
1437 1969 1593 2029 τι’σιν;
1647 1968 1676 2033 ἦ
1718 1970 1859 2020 πνεύ-
1884 1997 1935 2022 20

282 2075 431 2116 μασιν
465 2054 657 2118 ἀγαθοῖς
691 2053 764 2101 καὶ
806 2049 1029 2118 ἀγγέλων
1066 2057 1328 2117 στρατιαῖς,
1364 2050 1410 2102 αἳ
1447 2051 1697 2118 τετάχαται
1735 2051 1863 2118 παρὰ

1456 2133 1478 2149 ³!

58 2148 149 2183 489
166 2148 216 2182 A.
246 2158 266 2182 a
285 2140 408 2186 Θεοῦ
448 2134 566 2201 πρὸς
607 2133 660 2185 τὸ
701 2134 988 2200 προεστάναι
1033 2139 1116 2184 τοῦ
1158 2133 1376 2200 Ἰσραήλ·
1443 2157 1589 2198 ηγουν
1631 2136 1861 2187 ἐντελεῖται

282 2220 359 2269 καὶ
385 2219 510 2287 αὐτῷ
526 2239 618 2269 που
643 2216 765 2283 τάχα
792 2220 858 2285 τῷ
883 2219 965 2279 τῆς
990 2217 1320 2283 αἰχμαλωσίας
1340 2216 1490 2267 ἀνέντι
1517 2215 1635 2266 κατὰ
1661 2215 1860 2282 καιρούς·

331 2363 361 2386 2.
388 2353 508 2386 λοιπὸν
526 2363 588 2397 pro
605 2352 715 2396 φησιν
733 2351 779 2385 D.
839 2351 996 2386 πεπαὺσο
1015 2351 1099 2395 (sic)
1119 2363 1181 2395 pro
1198 2351 1354 2395 πεττούσῃ
1375 2351 1420 2386 D.
1597 2362 1629 2395 3.
1656 2351 1860 2396 ἐνακουσθή-

281 2414 379 2434 σεται
399 2400 440 2433 Β.
459 2398 763 2442 εἷσακουσθήσεται
784 2398 828 2432 D.
847 2397 1137 2441 ἀνακουσθήσετιιι
1157 2399 1237 2442 (sic)
1256 2398 1345 2432 Edd.
1518 2410 1551 2439 4.
1577 2398 1684 2432 πολὺς
1701 2400 1775 2442 περὶ
1795 2402 1861 2433 (τοῦ

282 2448 386 2491 λόγος
403 2447 523 2480 λοιπὸν
538 2446 628 2490 παρὰ
645 2447 730 2480 πᾶσι
749 2446 886 2479 inverso
903 2445 1024 2479 ordine
1043 2445 1088 2479 D.
1455 2444 1487 2478 6.
1513 2446 1692 2489 γλώσσαις
1708 2444 1746 2487 ἧν
1768 2446 1860 2481 B.D.

285 2492 467 2539 [γλώτταις
486 2491 549 2538 Ι).]
568 2495 719 2539 γνώσεσι
736 2490 757 2536 ᾗ
777 2492 868 2526 Edd.
1192 2501 1222 2537 7.
1248 2492 1339 2525 ἀλλὰ
1357 2492 1503 2536 στυγνὸν
1522 2492 1563 2525 B.
1582 2493 1729 2536 στυγνὸν
1745 2492 1781 2526 δέ
1799 2493 1860 2528 iid-

282 2542 429 2586 στυγνὸν
448 2540 493 2574 D.
628 2540 660 2574 8.
687 2540 725 2573 τὸ
743 2551 813 2573 om.
833 2539 879 2573 D.
1011 2550 1063 2573 11.
1089 2541 1361 2583 μετακεχώρηκεν
1377 2540 1395 2572 ὁ
1413 2540 1446 2572 λ.
1464 2540 1509 2584 τῷ
1526 2553 1586 2583 πρ.
1602 2540 1706 2572 πάλιν
1722 2539 1860 2574 inverso

281 2620 402 2654 ordine
421 2620 468 2654 D.
623 2631 676 2654 12.
700 2618 797 2664 λέγοι
816 2619 858 2653 Β.
875 2619 968 2663 λέγει
983 2619 994 2661 (
1007 2619 1144 2664 Ξλέγῃ)
1163 2619 1198 2653 b.
1215 2595 1262 2652 λζ
1274 2619 1320 2652 D.
1338 2618 1422 2663 λέγῃ
1439 2617 1498 2652 iid.
1666 2630 1720 2663 13.
1745 2621 1859 2663 πλημ-

280 2668 481 2710 μελημάτων
497 2668 643 2702 accessit
659 2679 700 2701 ex
722 2667 813 2701 B.D.
862 2666 1151 2710 ἀποπεμψάμενος
1170 2666 1215 2700 D.
1236 2665 1327 2699 Edd.
1345 2666 1547 2710 παραπεμψ.
1567 2664 1611 2699 Β.
1725 2677 1778 2708 14.
1805 2667 1858 2700 ἐκ-

282 2727 383 2746 τετικ.
403 2714 493 2748 δίκας
510 2715 646 2748 inverso
664 2713 784 2747 ordine
803 2713 849 2747 D.
1074 2724 1127 2755 15.
1153 2711 1300 2757 ἐκείνων]
1320 2712 1443 2745 ἐκείνου
1462 2712 1503 2745 Β.
1714 2713 1766 2746 16.
1793 2716 1859 2747 τῶν

281 2758 386 2794 Ἀσσ.
403 2759 519 2807 ῥάβδῳ
536 2761 674 2795 inverso
691 2760 810 2795 ordine
831 2760 877 2794 D.
926 2759 1082 2794 τουτέστι
1100 2767 1133 2794 et
1150 2762 1221 2803 ἤτοι
1238 2759 1326 2792 inter
1343 2770 1379 2792 se
1396 2764 1527 2811 transp.
1548 2758 1594 2792 D.
1690 2768 1742 2803 17.
1769 2759 1857 2804 σύμ-

1489 2808 1506 2829 λ

282 2841 612 2884 βολον-σκῆπτρον
630 2851 700 2874 om.
720 2840 763 2874 B.
1200 2839 1252 2872 18.
1279 2838 1412 2880 δεσμῶν
1428 2837 1488 2872 δου
1513 2839 1650 2872 inverso
1668 2837 1789 2872 ordine
1810 2840 1855 2874 D.

287 2896 340 2929 19.
368 2884 489 2929 Κύριος
505 2887 582 2930 περὶ
602 2890 667 2921 σοῦ
684 2887 822 2921 inverso
839 2886 960 2921 ordine
979 2886 1026 2920 D.
1124 2897 1178 2920 20.
1204 2886 1294 2919 τίσιν
1306 2884 1333 2929 ;]
1357 2899 1448 2918 τισιν
1466 2885 1556 2919 Edd.
1575 2885 1691 2919 invitis
1712 2885 1805 2920 B.D.
1820 2886 1855 2921 b.

285 2943 340 2966 21.
366 2933 562 2977 τετάχαντιιι
582 2933 623 2966 Β.
642 2935 817 2978 τετάχεται
835 2934 916 2978 (Sic)
937 2934 982 2967 D.
1120 2943 1174 2966 22.
1200 2931 1300 2976 πρὸς]
1320 2931 1366 2966 εἷς
1385 2931 1426 2965 Β.
1444 2931 1560 2966 invitis
1581 2932 1625 2967 D.
1639 2932 1671 2966 b.
1720 2934 1778 2967 τὸν
1796 2945 1856 2978 pro

282 2981 341 3013 τοῦ
359 2978 451 3014 Edd.
469 2979 586 3014 invitis
605 2980 698 3015 B.l).
710 2981 743 3015 b.
937 2991 991 3025 23-
1017 2980 1105 3026 τάχα
1122 2984 1341 3024 assumptum
1361 2990 1401 3012 ex
1424 2978 1553 3013 B.D.b.

1998 3072 2004 3087 Α
1999 2800 2007 3058 ,4«-Δ.-“ιι.ι..4ι.-.-
2004 2777 2007 2788 -
2004 2740 2007 2744 .
