2053 3382
82 1892 137 1924 ΡΒ.
155 1893 223 1923 xiii.

307 207 393 247 566
702 208 753 248 Β.
798 207 1074 248 CYRILLI
1113 207 1496 248 ALEXANDR.
1777 206 1892 247 i.12.

306 314 594 380 ἀνακομίζειν
620 316 997 378 ἐσπουδακότων,
1024 315 1253 378 τουτέστι,
1277 315 1454 377 πίστιν,
1480 314 1664 375 ἐλπίδα,
1689 312 1892 378 ἀγάπην,

305 397 381 445 καὶ
411 395 469 446 τὰ
500 396 556 464 ἐξ
583 396 733 462 ἐργων
759 398 950 462 ἀγαθῶν
977 397 1240 465 αὐχήματα,
1267 395 1644 462 προτεταγμένης
1673 395 1895 458 δηλονότι

304 478 386 539 τῆς
437 480 654 542 Χριστοῦ
704 478 872 532 θυσίας
920 482 1002 542 τῆς
1051 478 1266 544 οὐρανίου
1317 480 1393 528 καὶ
1445 477 1687 543 ζωοποιοῦ,
1737 476 1792 526 δι’
1841 475 1895 540 ἧς

268 557 594 624 οκατήργηται
633 559 847 624 θάνατος,
887 563 962 611 καὶ
1001 562 1029 625 ἡ
1069 559 1258 627 φθαρτὴ
1302 559 1359 625 δὴ
1401 561 1518 624 αὕτη
1557 561 1633 611 καὶ
1674 557 1767 610 ἀπὸ
1807 561 1895 623 γῆς·

304 640 439 709 σὰρξ
460 642 767 709 ἀμφιέννυται
794 642 878 707 τὴν
905 643 1194 712 ἀφθαρσίαν.

240 843 445 895 12“Υμεῖ(;
484 846 530 887 δὲ
570 851 795 897 βεβΗλοῦτε
835 849 939 891 αὐτὸ
981 849 1027 890 ἐν
1065 851 1126 903 τῷ
1170 849 1306 896 λέγειν
1351 850 1458 897 ὑμᾶς
1501 847 1698 905 Τράπεςα
1741 847 1891 903 Κυρίου

371 928 631 978 ἐιλισΓΗμένΗ
670 930 771 982 ἐστὶ,
812 932 879 972 καὶ
917 933 967 973 τὰ
1011 931 1284 981 ἐπιτιθέμενα
1327 932 1641 975 ὲὲουὸἑνωνται
1687 929 1890 988 βρώματα

371 1011 511 1053 αὐτοῦ.

370 1142 486 1194 “Orc
544 1147 620 1195 καὶ
672 1145 884 1208 ἀμείνους
935 1147 1125 1198 ε”σονται
1184 1149 1260 1199 καὶ
1315 1146 1639 1212 ἐπιεικέστεροι
1695 1150 1790 1197 τῶν
1839 1147 1895 1215 ἐξ

304 1224 506 1290 Ἰσραὴλ
558 1230 599 1277 οἱ
651 1228 708 1296 ἐξ
752 1232 899 1279 ἐθνῶν
949 1230 1238 1294 κεκλημένοι,
1297 1232 1372 1280 καὶ
1429 1229 1503 1280 διὰ
1555 1228 1734 1279 τούτων
1782 1230 1891 1293 ἡμῖν

305 1308 593 1371 καθίστησιν
633 1311 838 1376 ἐναργές.
906 1313 1014 1378 παρ’
1059 1312 1242 1366 ἐκείνοις
1285 1311 1371 1375 μὲν
1411 1310 1505 1377 γάρ
1550 1311 1600 1361 αἵ
1639 1333 1688 1361 τε
1732 1311 1892 1362 θυσίαι

261 1392 520 1454 ἀκαθαραῖ,
563 1393 638 1441 καὶ
680 1393 843 1445 εὐῶδες
882 1392 936 1443 τὸ
975 1394 1203 1457 θυμίαμα,
1246 1395 1321 1443 καὶ
1359 1394 1480 1458 μέγα
1519 1391 1572 1443 τὸ
1612 1391 1759 1455 ὄνομα
1797 1391 1891 1443 ἀπὸ

305 1472 552 1522 ἀνατολῶν
586 1473 720 1536 ἡλίου
762 1474 899 1541 μέχρι
935 1478 1144 1538 δυσμῶν“
1197 1476 1306 1541 παρ’
1342 1476 1446 1537 ὑμῖν
1485 1473 1551 1536 δὲ,
1594 1476 1764 1541 φησιν,
1807 1475 1891 1524 οὐκ

304 1553 352 1602 ἐν
393 1553 509 1621 δόξῃ
548 1554 734 1622 μεγάλῃ
776 1557 850 1606 καὶ
890 1560 948 1624 τῇ
989 1555 1238 1624 πρεπούσῃ
1281 1560 1389 1626 Θεῷ
1431 1556 1484 1607 τὸ
1531 1554 1885 1621 θυσιαστήριον.

304 1636 551 1695 βεβηλοῦτε
590 1635 683 1701 γὰρ
726 1638 845 1699 ἀντὶ,
893 1637 1112 1703 λέγοντες
1156 1640 1371 1708 'spelm-§Zea
1426 1640 1573 1707 Κυρίου
1621 1637 1889 1705 ἠλισγημένη

304 1714 429 1778 ἔστιν,
470 1715 783 1785 ἑξουθενωμένα
822 1719 869 1770 δὲ
908 1722 982 1770 καὶ
1021 1719 1081 1770 τὰ
1119 1721 1186 1771 ἐπ’
1215 1721 1370 1784 αὐτῆς.
1430 1721 1504 1769 καὶ
1544 1719 1662 1772 εἰκὸς
1700 1718 1786 1782 μὲν
1824 1718 1889 1783 μὴ

303 1797 529 1851 τοιούτοις
558 1798 739 1865 ῥήμασι
773 1804 1032 1868 κεχρῆσθαι
1062 1800 1170 1855 τοὺς
1198 1801 1355 1867 ἱερεάς,
1383 1802 1536 1854 αὐτοῖς
1562 1800 1711 1865 γεμὴν
1735 1800 1890 1866 πράγ-

304 1901 425 1941 μασι
464 1885 601 1930 τοῦτο
641 1886 775 1944 βοᾶν,
817 1881 1028 1949 καθάπερ
1067 1883 1227 1945 ἀμέλει
1269 1884 1342 1933 καὶ
1382 1883 1487 1933 “Ὸ
1530 1882 1697 1950 ἄφρων
1739 1883 1890 1948 φησὶν

305 1966 331 1988 “
356 1962 404 2010 ἐν
449 1962 613 2031 καρδίᾳ
663 1964 805 2014 αὐτοῦ
851 1965 955 2015 Οὐκ
1001 1964 1102 2015 ἔστι
1149 1964 1309 2018 Θεός.”
1376 1965 1431 2015 δι’
1477 1962 1542 2014 ῶν
1582 1963 1675 2029 γάρ
1726 1964 1889 2030 ὁρᾶται

265 2065 286 2090 e
305 2047 627 2110 καταφρονῶν,
656 2043 742 2094 κάν
766 2049 802 2095 εἰ
829 2044 893 2109 μὴ
921 2046 1053 2110 λε’γοι
1081 2051 1277 2114 φωναῖς,
1308 2046 1420 2096 ἀλλ’
1447 2046 1528 2095 οῦν
1554 2046 1706 2111 ἔργοις
1733 2046 1889 2099 αὐτοῖς

304 2125 378 2174 καὶ
419 2128 476 2192 τῇ
518 2130 600 2175 τοῦ
645 2127 751 2187 βίου
796 2127 1041 2191 σκαιότητι
1081 2130 1331 2195 μονονουχὶ
1374 2127 1644 2192 διακέκραγε
1686 2127 1740 2178 τό
1782 2128 1886 2177 Οὐκ

303 2205 406 2255 ε”στι
452 2207 588 2259 Θεός.
661 2211 702 2258 οὶ
743 2208 836 2274 γὰρ
877 2211 999 2260 οὕτω
1041 2208 1128 2274 ζῆν
1168 2210 1376 2262 εἰωθότες
1418 2212 1479 2263 ὡς
1520 2208 1584 2273 μὴ
1623 2211 1888 2278 ἐφορῶντος

304 2292 449 2351 Θεοῦ,
479 2290 635 2341 πάντα
667 2314 715 2342 τε
748 2294 862 2358 δρᾶν
889 2293 1270 2359 ἀπεριμερίμνως,
1298 2294 1372 2342 καὶ
1404 2291 1610 2346 ἐκτόπως
1642 2294 1885 2359 ἀνοσιουρ-

302 2375 415 2436 γεῖν,
454 2371 604 2437 ἔργοις
642 2374 796 2427 αὐτοῖς
839 2376 913 2424 καὶ
955 2374 1235 2439 πράγμασιν
1274 2377 1521 2440 ἀρνοῦνται
1561 2375 1698 2425 Θεόν.
1767 2373 1887 2424 κατὰ

303 2458 469 2502 τοῦτον
507 2453 564 2516 δὴ
603 2455 683 2504 οῦν
716 2454 799 2505 τὸν
832 2455 1020 2521 τρόπον,
1061 2459 1102 2506 οἱ
1143 2455 1206 2520 μὴ
1247 2455 1508 2521 ἀποσώζειν
1544 2454 1886 2509 ἐσπουδακότες

302 2535 368 2602 τῷ
404 2535 522 2604 ἁγίῳ
558 2538 882 2606 θυσιαστηρίῳ
917 2536 971 2587 τὸ
1006 2537 1075 2588 ὅτι
1109 2538 1315 2601 με’λιστα
1349 2538 1528 2602 πρέπον
1562 2560 1612 2588 τε
1647 2537 1772 2605 αὐτῷ
1810 2538 1886 2586 καὶ

352 2687 382 2710 2.
410 2677 705 2722 προστεταγμένης
724 2677 815 2712 Edd.
1017 2692 1048 2720 4.
1074 2677 1228 2723 φθαρτή]
1247 2678 1362 2724 φθορὰ
1381 2678 1422 2712 Β.
1626 2686 1657 2722 7.
1685 2677 1884 2720 ἐξουδένων-

303 2737 355 2756 ται
376 2722 416 2756 Β.
436 2724 551 2765 (Alex.
572 2724 657 2758 XII.
677 2736 697 2758 N
715 2723 775 2758 sed
795 2725 900 2768 corr.)
919 2724 1137 2768 ἐξουδένωται
1156 2724 1249 2759 Edd.
1408 2736 1461 2759 11.
1487 2738 1523 2759 τε
1541 2730 1762 2767 assumptum
1780 2736 1820 2758 ex
1841 2724 1883 2760 B.

308 2780 359 2803 12.
385 2769 506 2805 εὐῶδες
522 2771 560 2803 τὸ
579 2770 645 2805 hoc
663 2770 784 2804 ordine
805 2771 845 2805 Β.
972 2783 1024 2816 13.
1050 2771 1168 2817 μεχρὶ]
1189 2772 1241 2805 καὶ
1259 2771 1320 2807 ἕως
1338 2771 1428 2806 Edd.
1553 2779 1605 2815 15.
1631 2770 1714 2804 αὐτὰ
1736 2770 1775 2804 Β.
1794 2771 1884 2815 (68.)

305 2826 359 2849 20.
387 2816 470 2860 λέγῃ
492 2816 581 2850 Edd.
601 2817 717 2851 invitis
738 2817 779 2850 B.
800 2817 876 2851 Cat.
895 2817 930 2850 in
950 2817 1006 2852 Ps.
1021 2818 1091 2851 xiii.
1253 2829 1307 2863 23.
1333 2815 1612 2861 ἀπεριμερίμνως]
1631 2815 1884 2861 ἀπερριμμένως

303 2860 397 2895 haud
416 2863 504 2896 male
520 2862 651 2896 Catena
665 2864 720 2897 cit.
735 2864 771 2896 in
787 2863 875 2898 Cod.
891 2863 977 2908 Reg.
992 2864 1067 2898 Par.
1084 2875 1146 2909 139
1163 2864 1246 2907 (sec.
1258 2877 1290 2898 x.
1306 2865 1473 2907 ineuntis)
1489 2862 1741 2907 ἀπερισκέπτως
1756 2864 1828 2897 Mai
1847 2865 1883 2899 in

303 2908 385 2941 edit.
405 2920 422 2942 e
440 2909 538 2949 Nik„
557 2915 590 2943 et
610 2909 697 2944 C‹›d.
724 2910 759 2944 S.
780 2910 893 2945 Marci
911 2911 1066 2945 Venetiis
1089 2920 1127 2956 17
1147 2912 1229 2955 (see.
1249 2913 1297 2954 x.)
1316 2910 1460 2944 eandem
1481 2909 1647 2943 Catenam
1669 2922 1773 2955 quam
1793 2910 1881 2946 Cod.

305 2952 379 2986 Par.
399 2955 620 2998 supradictus
640 2956 833 2991 continens.
1112 2968 1166 2999 24.
1193 2955 1385 3001 ἀρνοῦνται]
1410 2960 1446 2996 -ὶ-
1467 2957 1525 2990 τὸν
1543 2955 1634 2990 Edd.
1652 2957 1882 3001 repugnanti-

304 2998 370 3032 bus
391 2999 431 3033 B.
453 3001 529 3035 Cat.
550 3003 606 3036 cit.
797 3004 851 3038 26.
879 3018 913 3037 τε
933 3015 1001 3037 om.
1025 3003 1064 3037 B.

1914 657 1935 695 5

1915 1252 1961 1276 10

1910 2071 1958 2095 20
