<?xml version="1.0" encoding="UTF-8"?>
<!DOCTYPE html PUBLIC "-//W3C//DTD XHTML 1.0 Transitional//EN"
    "http://www.w3.org/TR/xhtml1/DTD/xhtml1-transitional.dtd">
<html xmlns="http://www.w3.org/1999/xhtml" xml:lang="en" lang="en">
 <head>
  <title>
</title>
<meta http-equiv="Content-Type" content="text/html;charset=utf-8" />
  <meta name='ocr-system' content='tesseract 3.04.00' />
  <meta name='ocr-capabilities' content='ocr_page ocr_carea ocr_par ocr_line ocrx_word'/>
</head>
<body>
  <div class='ocr_page' id='page_1' title='image "./operacyrilli02cyriuoft/operacyrilli02cyriuoft_0177.png"; bbox 0 0 1997 3361; ppageno 0'>
   <div class='ocr_carea' id='block_1_1' title="bbox 98 131 1664 187">
    <p class='ocr_par' dir='ltr' id='par_1_1' title="bbox 98 131 1664 187">
     <span class='ocr_line' id='line_1_1' title="bbox 98 131 1664 187; baseline 0.011 -17"><span class='ocrx_word' id='word_1_1' title='bbox 98 131 121 170; x_wconf 85' lang='lat' dir='ltr'>i.</span> <span class='ocrx_word' id='word_1_2' title='bbox 155 146 183 172; x_wconf 87' lang='grc' dir='ltr'>ι.</span> <span class='ocrx_word' id='word_1_3' title='bbox 477 140 546 180; x_wconf 88' lang='grc' dir='ltr'>ΙΝ</span> <span class='ocrx_word' id='word_1_4' title='bbox 589 142 1008 184; x_wconf 74' lang='grc' dir='ltr'><strong>ΞΟΡΙΙΟΝΙΑΜ.</strong></span> <span class='ocrx_word' id='word_1_5' title='bbox 1071 146 1221 186; x_wconf 56' lang='lat' dir='ltr'>&#39;PONL</span> <span class='ocrx_word' id='word_1_6' title='bbox 1260 147 1289 186; x_wconf 87' lang='lat' dir='ltr'>l.</span> <span class='ocrx_word' id='word_1_7' title='bbox 1590 147 1664 187; x_wconf 76' lang='lat'>169</span> 
     </span>
    </p>
   </div>
   <div class='ocr_carea' id='block_1_2' title="bbox 3 244 1665 2537">
    <p class='ocr_par' dir='ltr' id='par_1_2' title="bbox 93 244 1665 320">
     <span class='ocr_line' id='line_1_2' title="bbox 93 244 1665 320; baseline 0.006 -25"><span class='ocrx_word' id='word_1_8' title='bbox 93 244 167 292; x_wconf 77' lang='grc' dir='ltr'>Καὶ</span> <span class='ocrx_word' id='word_1_9' title='bbox 192 247 273 307; x_wconf 75' lang='grc' dir='ltr'>τῆς</span> <span class='ocrx_word' id='word_1_10' title='bbox 297 247 447 297; x_wconf 81' lang='grc' dir='ltr'>Ἰούδα</span> <span class='ocrx_word' id='word_1_11' title='bbox 480 252 728 310; x_wconf 75' lang='grc' dir='ltr'>βασιλείας</span> <span class='ocrx_word' id='word_1_12' title='bbox 760 255 840 303; x_wconf 84' lang='grc' dir='ltr'>οὐκ</span> <span class='ocrx_word' id='word_1_13' title='bbox 870 256 1198 320; x_wconf 75' lang='grc' dir='ltr'>εὐαριθμήτους</span> <span class='ocrx_word' id='word_1_14' title='bbox 1223 255 1398 313; x_wconf 89' lang='grc' dir='ltr'>πόλεις,</span> <span class='ocrx_word' id='word_1_15' title='bbox 1428 256 1480 305; x_wconf 84' lang='grc' dir='ltr'>οὐ</span> <span class='ocrx_word' id='word_1_16' title='bbox 1505 254 1665 320; x_wconf 85' lang='grc' dir='ltr'>κεκρά-</span> 
     </span>
    </p>

    <p class='ocr_par' dir='ltr' id='par_1_3' title="bbox 92 330 1664 485">
     <span class='ocr_line' id='line_1_3' title="bbox 92 330 1664 403; baseline 0.008 -30"><span class='ocrx_word' id='word_1_17' title='bbox 92 346 200 388; x_wconf 90' lang='grc' dir='ltr'>τηκε</span> <span class='ocrx_word' id='word_1_18' title='bbox 242 331 335 377; x_wconf 87' lang='grc' dir='ltr'>τῶν</span> <span class='ocrx_word' id='word_1_19' title='bbox 378 330 735 396; x_wconf 84' lang='grc' dir='ltr'>Ἱεροσολύμων,</span> <span class='ocrx_word' id='word_1_20' title='bbox 778 340 902 386; x_wconf 78' lang='grc' dir='ltr'>Θεοῦ</span> <span class='ocrx_word' id='word_1_21' title='bbox 948 337 1333 403; x_wconf 72' lang='grc' dir='ltr'>προασπίζοντος.</span> <span class='ocrx_word' id='word_1_22' title='bbox 1397 339 1566 403; x_wconf 80' lang='grc' dir='ltr'>ἐναργῆ</span> <span class='ocrx_word' id='word_1_23' title='bbox 1618 335 1664 386; x_wconf 76' lang='grc' dir='ltr'>δὲ</span> 
     </span>
     <span class='ocr_line' id='line_1_4' title="bbox 92 405 1449 485; baseline 0.011 -30"><span class='ocrx_word' id='word_1_24' title='bbox 92 405 203 457; x_wconf 79' lang='grc' dir='ltr'>ὄντα</span> <span class='ocrx_word' id='word_1_25' title='bbox 227 411 307 471; x_wconf 84' lang='grc' dir='ltr'>τῆς</span> <span class='ocrx_word' id='word_1_26' title='bbox 331 413 538 478; x_wconf 80' lang='grc' dir='ltr'>ἱστορίας</span> <span class='ocrx_word' id='word_1_27' title='bbox 564 413 643 465; x_wconf 81' lang='grc' dir='ltr'>τὸν</span> <span class='ocrx_word' id='word_1_28' title='bbox 669 415 816 481; x_wconf 90' lang='grc' dir='ltr'>λόγον</span> <span class='ocrx_word' id='word_1_29' title='bbox 841 423 1160 485; x_wconf 80' lang='grc' dir='ltr'>παραδραμεῖν</span> <span class='ocrx_word' id='word_1_30' title='bbox 1186 422 1449 484; x_wconf 79' lang='grc' dir='ltr'>ἀναγκαῖον.</span> 
     </span>
    </p>

    <p class='ocr_par' dir='ltr' id='par_1_4' title="bbox 166 487 1664 568">
     <span class='ocr_line' id='line_1_5' title="bbox 166 487 1664 568; baseline 0.007 -29"><span class='ocrx_word' id='word_1_31' title='bbox 166 487 284 540; x_wconf 76' lang='grc' dir='ltr'>Εἶτα</span> <span class='ocrx_word' id='word_1_32' title='bbox 317 497 564 549; x_wconf 84' lang='grc' dir='ltr'>τεθνεῶτος</span> <span class='ocrx_word' id='word_1_33' title='bbox 589 498 793 564; x_wconf 73' lang='grc' dir='ltr'>Ἐζεκίου</span> <span class='ocrx_word' id='word_1_34' title='bbox 827 500 1081 568; x_wconf 76' lang='grc' dir='ltr'>διαδέχεται</span> <span class='ocrx_word' id='word_1_35' title='bbox 1112 501 1196 565; x_wconf 91' lang='grc' dir='ltr'>τὴν</span> <span class='ocrx_word' id='word_1_36' title='bbox 1223 503 1474 562; x_wconf 78' lang='grc' dir='ltr'>βασιλείαν</span> <span class='ocrx_word' id='word_1_37' title='bbox 1500 502 1524 551; x_wconf 85' lang='grc' dir='ltr'><strong>ὁ</strong></span> <span class='ocrx_word' id='word_1_38' title='bbox 1554 505 1664 551; x_wconf 84' lang='grc' dir='ltr'>Μα-</span> 
     </span>
    </p>

    <p class='ocr_par' dir='ltr' id='par_1_5' title="bbox 49 575 1664 648">
     <span class='ocr_line' id='line_1_6' title="bbox 49 575 1664 648; baseline 0.007 -25"><span class='ocrx_word' id='word_1_39' title='bbox 49 587 69 624; x_wconf 88' lang='grc'>5</span> <span class='ocrx_word' id='word_1_40' title='bbox 91 575 288 636; x_wconf 82' lang='grc' dir='ltr'>νασσῆς,</span> <span class='ocrx_word' id='word_1_41' title='bbox 316 576 521 639; x_wconf 81' lang='grc' dir='ltr'>γεγονὼς</span> <span class='ocrx_word' id='word_1_42' title='bbox 556 579 612 647; x_wconf 75' lang='grc' dir='ltr'>ἐξ</span> <span class='ocrx_word' id='word_1_43' title='bbox 643 581 797 643; x_wconf 83' lang='grc' dir='ltr'>αὐτοῦ,</span> <span class='ocrx_word' id='word_1_44' title='bbox 825 581 873 635; x_wconf 79' lang='grc' dir='ltr'>’ὸς</span> <span class='ocrx_word' id='word_1_45' title='bbox 900 581 956 645; x_wconf 79' lang='grc' dir='ltr'>ἧν</span> <span class='ocrx_word' id='word_1_46' title='bbox 981 584 1098 633; x_wconf 77' lang='grc' dir='ltr'>οὕτω</span> <span class='ocrx_word' id='word_1_47' title='bbox 1125 584 1378 648; x_wconf 78' lang='grc' dir='ltr'>δυσσεβὴς,</span> <span class='ocrx_word' id='word_1_48' title='bbox 1408 586 1468 637; x_wconf 85' lang='grc' dir='ltr'>ὡς</span> <span class='ocrx_word' id='word_1_49' title='bbox 1490 583 1664 647; x_wconf 71' lang='grc' dir='ltr'>μηδένα</span> 
     </span>
    </p>

    <p class='ocr_par' dir='ltr' id='par_1_6' title="bbox 88 653 1661 731">
     <span class='ocr_line' id='line_1_7' title="bbox 88 653 1661 731; baseline 0.01 -29"><span class='ocrx_word' id='word_1_50' title='bbox 88 653 263 718; x_wconf 86' lang='grc' dir='ltr'>τρόπον</span> <span class='ocrx_word' id='word_1_51' title='bbox 294 659 589 724; x_wconf 88' lang='grc' dir='ltr'>φαυλότητος</span> <span class='ocrx_word' id='word_1_52' title='bbox 624 663 974 727; x_wconf 80' lang='grc' dir='ltr'>ἀνεπιτήδευτον</span> <span class='ocrx_word' id='word_1_53' title='bbox 1000 667 1091 716; x_wconf 81' lang='grc' dir='ltr'>ε’ἇν.</span> <span class='ocrx_word' id='word_1_54' title='bbox 1159 667 1417 731; x_wconf 74' lang='grc' dir='ltr'>γέγραπται</span> <span class='ocrx_word' id='word_1_55' title='bbox 1444 665 1490 716; x_wconf 78' lang='grc' dir='ltr'>δὲ</span> <span class='ocrx_word' id='word_1_56' title='bbox 1517 667 1661 718; x_wconf 76' lang='grc' dir='ltr'>οὕτως</span> 
     </span>
    </p>

    <p class='ocr_par' dir='ltr' id='par_1_7' title="bbox 88 737 1659 812">
     <span class='ocr_line' id='line_1_8' title="bbox 88 737 1659 812; baseline 0.01 -28"><span class='ocrx_word' id='word_1_57' title='bbox 88 737 192 800; x_wconf 79' lang='grc' dir='ltr'>περὶ</span> <span class='ocrx_word' id='word_1_58' title='bbox 231 738 371 789; x_wconf 83' lang='grc' dir='ltr'>αὐτοῦ</span> <span class='ocrx_word' id='word_1_59' title='bbox 408 741 456 790; x_wconf 84' lang='grc' dir='ltr'>ἐν</span> <span class='ocrx_word' id='word_1_60' title='bbox 493 746 550 810; x_wconf 81' lang='grc' dir='ltr'>τῇ</span> <span class='ocrx_word' id='word_1_61' title='bbox 585 744 781 812; x_wconf 83' lang='grc' dir='ltr'>τετάρτῃ</span> <span class='ocrx_word' id='word_1_62' title='bbox 807 751 900 796; x_wconf 86' lang='grc' dir='ltr'>τῶν</span> <span class='ocrx_word' id='word_1_63' title='bbox 934 752 1192 807; x_wconf 76' lang='grc' dir='ltr'>βασιλειῶν</span> <span class='ocrx_word' id='word_1_64' title='bbox 1217 756 1242 776; x_wconf 86' lang='grc'>“</span> <span class='ocrx_word' id='word_1_65' title='bbox 1266 751 1357 798; x_wconf 83' lang='grc' dir='ltr'>Καὶ</span> <span class='ocrx_word' id='word_1_66' title='bbox 1390 749 1579 812; x_wconf 82' lang='grc' dir='ltr'>ἐποίησε</span> <span class='ocrx_word' id='word_1_67' title='bbox 1606 747 1659 798; x_wconf 80' lang='grc' dir='ltr'>τὸ</span> 
     </span>
    </p>

    <p class='ocr_par' dir='ltr' id='par_1_8' title="bbox 90 819 1661 893">
     <span class='ocr_line' id='line_1_9' title="bbox 90 819 1661 893; baseline 0.009 -27"><span class='ocrx_word' id='word_1_68' title='bbox 90 822 116 845; x_wconf 78' lang='grc'>“</span> <span class='ocrx_word' id='word_1_69' title='bbox 141 819 346 884; x_wconf 83' lang='grc' dir='ltr'>πονηρὸν</span> <span class='ocrx_word' id='word_1_70' title='bbox 375 824 423 872; x_wconf 83' lang='grc' dir='ltr'>ἐν</span> <span class='ocrx_word' id='word_1_71' title='bbox 457 824 722 892; x_wconf 78' lang='grc' dir='ltr'>ὀφθαλμοῖς</span> <span class='ocrx_word' id='word_1_72' title='bbox 764 829 940 893; x_wconf 83' lang='grc' dir='ltr'>Κυρίου</span> <span class='ocrx_word' id='word_1_73' title='bbox 979 828 1097 879; x_wconf 79' lang='grc' dir='ltr'>κατὰ</span> <span class='ocrx_word' id='word_1_74' title='bbox 1135 828 1194 879; x_wconf 78' lang='grc' dir='ltr'>τὰ</span> <span class='ocrx_word' id='word_1_75' title='bbox 1227 829 1533 893; x_wconf 76' lang='grc' dir='ltr'>βδελύγματα</span> <span class='ocrx_word' id='word_1_76' title='bbox 1568 834 1661 880; x_wconf 87' lang='grc' dir='ltr'>τῶν</span> 
     </span>
    </p>

    <p class='ocr_par' dir='ltr' id='par_1_9' title="bbox 89 901 1659 979">
     <span class='ocr_line' id='line_1_10' title="bbox 89 901 1659 979; baseline 0.009 -30"><span class='ocrx_word' id='word_1_77' title='bbox 89 906 115 928; x_wconf 85' lang='grc'><strong>“</strong></span> <span class='ocrx_word' id='word_1_78' title='bbox 139 901 284 951; x_wconf 80' lang='grc' dir='ltr'>ἐθνῶν</span> <span class='ocrx_word' id='word_1_79' title='bbox 309 901 373 954; x_wconf 83' lang='grc' dir='ltr'>ῶν</span> <span class='ocrx_word' id='word_1_80' title='bbox 403 906 535 974; x_wconf 77' lang='grc' dir='ltr'>ἐξῆρε</span> <span class='ocrx_word' id='word_1_81' title='bbox 566 907 736 973; x_wconf 85' lang='grc' dir='ltr'>Κύριος</span> <span class='ocrx_word' id='word_1_82' title='bbox 775 911 868 960; x_wconf 79' lang='grc' dir='ltr'>ἀπὸ</span> <span class='ocrx_word' id='word_1_83' title='bbox 899 911 1163 976; x_wconf 80' lang='grc' dir='ltr'>προσώπου</span> <span class='ocrx_word' id='word_1_84' title='bbox 1190 916 1282 961; x_wconf 89' lang='grc' dir='ltr'>τῶν</span> <span class='ocrx_word' id='word_1_85' title='bbox 1310 916 1417 962; x_wconf 78' lang='grc' dir='ltr'>υἱῶν</span> <span class='ocrx_word' id='word_1_86' title='bbox 1443 912 1659 979; x_wconf 85' lang='grc' dir='ltr'>Ἰσραήλ.</span> 
     </span>
    </p>

    <p class='ocr_par' dir='ltr' id='par_1_10' title="bbox 3 985 1661 1061">
     <span class='ocr_line' id='line_1_11' title="bbox 3 985 1661 1061; baseline 0.008 -30"><span class='ocrx_word' id='word_1_87' title='bbox 3 987 115 1027; x_wconf 66' lang='grc' dir='ltr'>Ἰο“</span> <span class='ocrx_word' id='word_1_88' title='bbox 141 985 215 1032; x_wconf 77' lang='grc' dir='ltr'>καὶ</span> <span class='ocrx_word' id='word_1_89' title='bbox 258 985 517 1056; x_wconf 72' lang='grc' dir='ltr'>ἐπέστρεψε</span> <span class='ocrx_word' id='word_1_90' title='bbox 558 991 632 1039; x_wconf 74' lang='grc' dir='ltr'>καὶ</span> <span class='ocrx_word' id='word_1_91' title='bbox 676 990 947 1058; x_wconf 75' lang='grc' dir='ltr'>ᾠκοδόμησε</span> <span class='ocrx_word' id='word_1_92' title='bbox 983 991 1041 1042; x_wconf 78' lang='grc' dir='ltr'>τὰ</span> <span class='ocrx_word' id='word_1_93' title='bbox 1084 992 1251 1061; x_wconf 75' lang='grc' dir='ltr'>ὑψηλὰ</span> <span class='ocrx_word' id='word_1_94' title='bbox 1289 991 1318 1043; x_wconf 75' lang='grc' dir='ltr'>ἃ</span> <span class='ocrx_word' id='word_1_95' title='bbox 1361 995 1661 1045; x_wconf 73' lang='grc' dir='ltr'>κατέσπασεν</span> 
     </span>
    </p>

    <p class='ocr_par' dir='ltr' id='par_1_11' title="bbox 88 1063 1660 1143">
     <span class='ocr_line' id='line_1_12' title="bbox 88 1063 1660 1143; baseline 0.009 -30"><span class='ocrx_word' id='word_1_96' title='bbox 88 1069 114 1091; x_wconf 84' lang='grc'><strong>“</strong></span> <span class='ocrx_word' id='word_1_97' title='bbox 139 1063 341 1129; x_wconf 73' lang='grc' dir='ltr'>Ἐζεκίας</span> <span class='ocrx_word' id='word_1_98' title='bbox 380 1070 405 1118; x_wconf 84' lang='grc' dir='ltr'><em>ὁ</em></span> <span class='ocrx_word' id='word_1_99' title='bbox 449 1069 604 1136; x_wconf 84' lang='grc' dir='ltr'>πατὴρ</span> <span class='ocrx_word' id='word_1_100' title='bbox 648 1073 800 1134; x_wconf 80' lang='grc' dir='ltr'>αὐτοῦ,</span> <span class='ocrx_word' id='word_1_101' title='bbox 840 1076 913 1123; x_wconf 82' lang='grc' dir='ltr'>καὶ</span> <span class='ocrx_word' id='word_1_102' title='bbox 951 1073 1185 1138; x_wconf 82' lang='grc' dir='ltr'>ἀνέστησε</span> <span class='ocrx_word' id='word_1_103' title='bbox 1228 1075 1567 1141; x_wconf 82' lang='grc' dir='ltr'>θυσιαστήριον</span> <span class='ocrx_word' id='word_1_104' title='bbox 1602 1081 1660 1143; x_wconf 75' lang='grc' dir='ltr'>τῇ</span> 
     </span>
    </p>

    <p class='ocr_par' dir='ltr' id='par_1_12' title="bbox 87 1147 1660 1224">
     <span class='ocr_line' id='line_1_13' title="bbox 87 1147 1660 1224; baseline 0.01 -30"><span class='ocrx_word' id='word_1_105' title='bbox 87 1150 114 1173; x_wconf 84' lang='lat'>“</span> <span class='ocrx_word' id='word_1_106' title='bbox 141 1147 295 1208; x_wconf 85' lang='grc' dir='ltr'>Βάαλ,</span> <span class='ocrx_word' id='word_1_107' title='bbox 325 1152 398 1200; x_wconf 83' lang='grc' dir='ltr'>καὶ</span> <span class='ocrx_word' id='word_1_108' title='bbox 434 1152 652 1217; x_wconf 83' lang='grc' dir='ltr'>ἐποίησεν</span> <span class='ocrx_word' id='word_1_109' title='bbox 684 1153 828 1218; x_wconf 79' lang='grc' dir='ltr'>οἵλση,</span> <span class='ocrx_word' id='word_1_110' title='bbox 863 1155 1016 1209; x_wconf 80' lang='grc' dir='ltr'>καθὼς</span> <span class='ocrx_word' id='word_1_111' title='bbox 1055 1157 1274 1221; x_wconf 85' lang='grc' dir='ltr'>ἐποίησεν</span> <span class='ocrx_word' id='word_1_112' title='bbox 1298 1157 1489 1224; x_wconf 77' lang='grc' dir='ltr'>Ἀχαάβ</span> <span class='ocrx_word' id='word_1_113' title='bbox 1517 1163 1660 1217; x_wconf 77' lang='grc' dir='ltr'>,Βασι-</span> 
     </span>
    </p>

    <p class='ocr_par' dir='ltr' id='par_1_13' title="bbox 87 1227 1658 1306">
     <span class='ocr_line' id='line_1_14' title="bbox 87 1227 1658 1306; baseline 0.009 -30"><span class='ocrx_word' id='word_1_114' title='bbox 87 1233 113 1256; x_wconf 83' lang='lat'>“</span> <span class='ocrx_word' id='word_1_115' title='bbox 136 1227 242 1281; x_wconf 76' lang='grc' dir='ltr'>λευς</span> <span class='ocrx_word' id='word_1_116' title='bbox 269 1230 482 1297; x_wconf 84' lang='grc' dir='ltr'>Ἰσραὴλ,</span> <span class='ocrx_word' id='word_1_117' title='bbox 510 1236 584 1284; x_wconf 75' lang='grc' dir='ltr'>καὶ</span> <span class='ocrx_word' id='word_1_118' title='bbox 617 1236 944 1301; x_wconf 80' lang='grc' dir='ltr'>προσεκύνησε</span> <span class='ocrx_word' id='word_1_119' title='bbox 983 1237 1118 1306; x_wconf 86' lang='grc' dir='ltr'>πάσῃ</span> <span class='ocrx_word' id='word_1_120' title='bbox 1158 1242 1215 1306; x_wconf 81' lang='grc' dir='ltr'>τῇ</span> <span class='ocrx_word' id='word_1_121' title='bbox 1255 1239 1443 1302; x_wconf 83' lang='grc' dir='ltr'>δυνάμει</span> <span class='ocrx_word' id='word_1_122' title='bbox 1474 1245 1556 1289; x_wconf 84' lang='grc' dir='ltr'>τοῦ</span> <span class='ocrx_word' id='word_1_123' title='bbox 1579 1241 1658 1290; x_wconf 84' lang='grc' dir='ltr'>οὐ-</span> 
     </span>
    </p>

    <p class='ocr_par' dir='ltr' id='par_1_14' title="bbox 87 1315 1660 1389">
     <span class='ocr_line' id='line_1_15' title="bbox 87 1315 1660 1389; baseline 0.009 -30"><span class='ocrx_word' id='word_1_124' title='bbox 87 1315 112 1338; x_wconf 79' lang='grc'><strong><em>“</em></strong></span> <span class='ocrx_word' id='word_1_125' title='bbox 136 1316 292 1375; x_wconf 83' lang='grc' dir='ltr'>ρανοῦ,</span> <span class='ocrx_word' id='word_1_126' title='bbox 319 1316 394 1364; x_wconf 76' lang='grc' dir='ltr'>καὶ</span> <span class='ocrx_word' id='word_1_127' title='bbox 417 1316 692 1368; x_wconf 81' lang='grc' dir='ltr'>ἐδούλευσεν</span> <span class='ocrx_word' id='word_1_128' title='bbox 716 1319 881 1372; x_wconf 81' lang='grc' dir='ltr'>αὐτοῖς·</span> <span class='ocrx_word' id='word_1_129' title='bbox 922 1321 995 1370; x_wconf 76' lang='grc' dir='ltr'>καὶ</span> <span class='ocrx_word' id='word_1_130' title='bbox 1022 1319 1295 1389; x_wconf 74' lang='grc' dir='ltr'>ᾠκοδόμησε</span> <span class='ocrx_word' id='word_1_131' title='bbox 1321 1321 1660 1388; x_wconf 85' lang='grc' dir='ltr'>θυσιαστήριον</span> 
     </span>
    </p>

    <p class='ocr_par' dir='ltr' id='par_1_15' title="bbox 21 1393 1660 1468">
     <span class='ocr_line' id='line_1_16' title="bbox 21 1393 1660 1468; baseline 0.009 -28"><span class='ocrx_word' id='word_1_132' title='bbox 21 1415 66 1453; x_wconf 90' lang='lat'>15</span> <span class='ocrx_word' id='word_1_133' title='bbox 85 1398 112 1420; x_wconf 82' lang='lat'><strong>“</strong></span> <span class='ocrx_word' id='word_1_134' title='bbox 135 1393 183 1442; x_wconf 86' lang='grc' dir='ltr'>ἐν</span> <span class='ocrx_word' id='word_1_135' title='bbox 212 1393 320 1464; x_wconf 78' lang='grc' dir='ltr'>οἴκῳ</span> <span class='ocrx_word' id='word_1_136' title='bbox 351 1398 538 1462; x_wconf 84' lang='grc' dir='ltr'>Κυρίου,</span> <span class='ocrx_word' id='word_1_137' title='bbox 565 1397 602 1468; x_wconf 77' lang='grc' dir='ltr'><em>ᾧ</em></span> <span class='ocrx_word' id='word_1_138' title='bbox 638 1398 761 1451; x_wconf 77' lang='grc' dir='ltr'>εἶπεν</span> <span class='ocrx_word' id='word_1_139' title='bbox 787 1401 873 1451; x_wconf 89' lang='grc' dir='ltr'>Ἐν</span> <span class='ocrx_word' id='word_1_140' title='bbox 902 1401 1217 1467; x_wconf 84' lang='grc' dir='ltr'>Ἰερουσαλὴμ</span> <span class='ocrx_word' id='word_1_141' title='bbox 1251 1403 1385 1468; x_wconf 85' lang='grc' dir='ltr'>θήσω</span> <span class='ocrx_word' id='word_1_142' title='bbox 1420 1403 1474 1454; x_wconf 79' lang='grc' dir='ltr'>τὸ</span> <span class='ocrx_word' id='word_1_143' title='bbox 1513 1403 1660 1467; x_wconf 80' lang='grc' dir='ltr'>ὄνομά</span> 
     </span>
    </p>

    <p class='ocr_par' dir='ltr' id='par_1_16' title="bbox 85 1479 1658 1553">
     <span class='ocr_line' id='line_1_17' title="bbox 85 1479 1658 1553; baseline 0.008 -29"><span class='ocrx_word' id='word_1_144' title='bbox 85 1480 111 1503; x_wconf 81' lang='grc'><strong>“</strong></span> <span class='ocrx_word' id='word_1_145' title='bbox 135 1497 238 1537; x_wconf 89' lang='grc' dir='ltr'>μου,</span> <span class='ocrx_word' id='word_1_146' title='bbox 273 1479 348 1527; x_wconf 74' lang='grc' dir='ltr'>καὶ</span> <span class='ocrx_word' id='word_1_147' title='bbox 381 1479 655 1548; x_wconf 87' lang='grc' dir='ltr'>ᾠκοδόμησε</span> <span class='ocrx_word' id='word_1_148' title='bbox 697 1483 1036 1550; x_wconf 86' lang='grc' dir='ltr'>θυσιαστήριον</span> <span class='ocrx_word' id='word_1_149' title='bbox 1079 1484 1214 1553; x_wconf 87' lang='grc' dir='ltr'>πάσῃ</span> <span class='ocrx_word' id='word_1_150' title='bbox 1249 1489 1308 1553; x_wconf 80' lang='grc' dir='ltr'>τῇ</span> <span class='ocrx_word' id='word_1_151' title='bbox 1353 1486 1539 1549; x_wconf 88' lang='grc' dir='ltr'>δυνάμει</span> <span class='ocrx_word' id='word_1_152' title='bbox 1576 1492 1658 1537; x_wconf 84' lang='grc' dir='ltr'>τοῦ</span> 
     </span>
    </p>

    <p class='ocr_par' dir='ltr' id='par_1_17' title="bbox 84 1558 1659 1634">
     <span class='ocr_line' id='line_1_18' title="bbox 84 1558 1659 1634; baseline 0.008 -28"><span class='ocrx_word' id='word_1_153' title='bbox 84 1562 111 1584; x_wconf 84' lang='grc'><strong>“</strong></span> <span class='ocrx_word' id='word_1_154' title='bbox 137 1558 332 1623; x_wconf 83' lang='grc' dir='ltr'>οὐρανοῦ</span> <span class='ocrx_word' id='word_1_155' title='bbox 366 1562 413 1610; x_wconf 82' lang='grc' dir='ltr'>ἐν</span> <span class='ocrx_word' id='word_1_156' title='bbox 451 1568 550 1616; x_wconf 82' lang='grc' dir='ltr'>ταῖς</span> <span class='ocrx_word' id='word_1_157' title='bbox 592 1567 728 1615; x_wconf 80' lang='grc' dir='ltr'>δυσὶν</span> <span class='ocrx_word' id='word_1_158' title='bbox 763 1566 926 1620; x_wconf 82' lang='grc' dir='ltr'>αὐλαῖς</span> <span class='ocrx_word' id='word_1_159' title='bbox 967 1567 1093 1618; x_wconf 81' lang='grc' dir='ltr'>οἴκου</span> <span class='ocrx_word' id='word_1_160' title='bbox 1130 1569 1319 1634; x_wconf 81' lang='grc' dir='ltr'>Κυρίου,</span> <span class='ocrx_word' id='word_1_161' title='bbox 1352 1570 1426 1619; x_wconf 83' lang='grc' dir='ltr'>καὶ</span> <span class='ocrx_word' id='word_1_162' title='bbox 1466 1568 1659 1634; x_wconf 83' lang='grc' dir='ltr'>διήγαγε</span> 
     </span>
    </p>

    <p class='ocr_par' dir='ltr' id='par_1_18' title="bbox 83 1639 1658 1717">
     <span class='ocr_line' id='line_1_19' title="bbox 83 1639 1658 1717; baseline 0.008 -28"><span class='ocrx_word' id='word_1_163' title='bbox 83 1645 110 1667; x_wconf 82' lang='grc'><strong>“</strong></span> <span class='ocrx_word' id='word_1_164' title='bbox 136 1639 241 1694; x_wconf 77' lang='grc' dir='ltr'>τοὺς</span> <span class='ocrx_word' id='word_1_165' title='bbox 279 1641 401 1696; x_wconf 72' lang='grc' dir='ltr'>υἱοὺς</span> <span class='ocrx_word' id='word_1_166' title='bbox 436 1645 576 1696; x_wconf 80' lang='grc' dir='ltr'>αὐτοῦ</span> <span class='ocrx_word' id='word_1_167' title='bbox 611 1647 659 1696; x_wconf 87' lang='grc' dir='ltr'>ἐν</span> <span class='ocrx_word' id='word_1_168' title='bbox 692 1650 815 1712; x_wconf 69' lang='grc' dir='ltr'>πυρὶ,</span> <span class='ocrx_word' id='word_1_169' title='bbox 847 1650 921 1699; x_wconf 74' lang='grc' dir='ltr'>καὶ</span> <span class='ocrx_word' id='word_1_170' title='bbox 957 1651 1271 1717; x_wconf 73' lang='grc' dir='ltr'>ἐκληδονίζετο</span> <span class='ocrx_word' id='word_1_171' title='bbox 1307 1653 1382 1701; x_wconf 84' lang='grc' dir='ltr'>καὶ</span> <span class='ocrx_word' id='word_1_172' title='bbox 1421 1651 1658 1717; x_wconf 70' lang='grc' dir='ltr'>οἱωνίζετο,</span> 
     </span>
    </p>

    <p class='ocr_par' dir='ltr' id='par_1_19' title="bbox 84 1724 1659 1796">
     <span class='ocr_line' id='line_1_20' title="bbox 84 1724 1659 1796; baseline 0.008 -25"><span class='ocrx_word' id='word_1_173' title='bbox 84 1727 110 1750; x_wconf 82' lang='grc'><strong>“</strong></span> <span class='ocrx_word' id='word_1_174' title='bbox 135 1725 209 1772; x_wconf 84' lang='grc' dir='ltr'>καὶ</span> <span class='ocrx_word' id='word_1_175' title='bbox 235 1724 424 1789; x_wconf 86' lang='grc' dir='ltr'>ἐποίησε</span> <span class='ocrx_word' id='word_1_176' title='bbox 462 1727 676 1792; x_wconf 85' lang='grc' dir='ltr'>θελητὴν,</span> <span class='ocrx_word' id='word_1_177' title='bbox 704 1732 777 1780; x_wconf 78' lang='grc' dir='ltr'>καὶ</span> <span class='ocrx_word' id='word_1_178' title='bbox 811 1731 1030 1795; x_wconf 85' lang='grc' dir='ltr'>γνώστας</span> <span class='ocrx_word' id='word_1_179' title='bbox 1064 1732 1293 1796; x_wconf 86' lang='grc' dir='ltr'>ἐπλήθυνε</span> <span class='ocrx_word' id='word_1_180' title='bbox 1324 1738 1406 1783; x_wconf 86' lang='grc' dir='ltr'>τοῦ</span> <span class='ocrx_word' id='word_1_181' title='bbox 1433 1737 1580 1783; x_wconf 86' lang='grc' dir='ltr'>ποιεῖν</span> <span class='ocrx_word' id='word_1_182' title='bbox 1605 1732 1659 1784; x_wconf 80' lang='grc' dir='ltr'>τὸ</span> 
     </span>
    </p>

    <p class='ocr_par' dir='ltr' id='par_1_20' title="bbox 17 1805 1658 1881">
     <span class='ocr_line' id='line_1_21' title="bbox 17 1805 1658 1881; baseline 0.009 -30"><span class='ocrx_word' id='word_1_183' title='bbox 17 1827 65 1851; x_wconf 92' lang='lat'>20</span> <span class='ocrx_word' id='word_1_184' title='bbox 83 1809 110 1831; x_wconf 73' lang='lat'>‘⁶</span> <span class='ocrx_word' id='word_1_185' title='bbox 133 1805 337 1872; x_wconf 81' lang='grc' dir='ltr'>πονηρὸν</span> <span class='ocrx_word' id='word_1_186' title='bbox 381 1809 428 1858; x_wconf 86' lang='grc' dir='ltr'>ἐν</span> <span class='ocrx_word' id='word_1_187' title='bbox 473 1810 739 1877; x_wconf 84' lang='grc' dir='ltr'>ὀφθαλμοῖς</span> <span class='ocrx_word' id='word_1_188' title='bbox 792 1813 967 1878; x_wconf 84' lang='grc' dir='ltr'>Κυρίου</span> <span class='ocrx_word' id='word_1_189' title='bbox 1017 1815 1307 1881; x_wconf 85' lang='grc' dir='ltr'>παροργίσαι</span> <span class='ocrx_word' id='word_1_190' title='bbox 1358 1814 1515 1865; x_wconf 80' lang='grc' dir='ltr'>αὐτόν.</span> <span class='ocrx_word' id='word_1_191' title='bbox 1583 1818 1658 1866; x_wconf 78' lang='grc' dir='ltr'>καὶ</span> 
     </span>
    </p>

    <p class='ocr_par' dir='ltr' id='par_1_21' title="bbox 83 1885 1658 1966">
     <span class='ocr_line' id='line_1_22' title="bbox 83 1885 1658 1966; baseline 0.009 -30"><span class='ocrx_word' id='word_1_192' title='bbox 83 1892 109 1914; x_wconf 85' lang='grc'><strong>“</strong></span> <span class='ocrx_word' id='word_1_193' title='bbox 133 1885 264 1951; x_wconf 75' lang='grc' dir='ltr'>ε”θηκε</span> <span class='ocrx_word' id='word_1_194' title='bbox 289 1888 344 1940; x_wconf 81' lang='grc' dir='ltr'>τὸ</span> <span class='ocrx_word' id='word_1_195' title='bbox 369 1891 585 1955; x_wconf 84' lang='grc' dir='ltr'>γλυπτὸν</span> <span class='ocrx_word' id='word_1_196' title='bbox 612 1900 693 1943; x_wconf 83' lang='grc' dir='ltr'>τοῦ</span> <span class='ocrx_word' id='word_1_197' title='bbox 720 1893 902 1948; x_wconf 73' lang='grc' dir='ltr'>ἄλσους</span> <span class='ocrx_word' id='word_1_198' title='bbox 940 1897 988 1946; x_wconf 86' lang='grc' dir='ltr'>ἐν</span> <span class='ocrx_word' id='word_1_199' title='bbox 1026 1899 1092 1965; x_wconf 71' lang='grc' dir='ltr'>τῷ</span> <span class='ocrx_word' id='word_1_200' title='bbox 1130 1897 1239 1966; x_wconf 80' lang='grc' dir='ltr'>οἵκῴ</span> <span class='ocrx_word' id='word_1_201' title='bbox 1278 1895 1315 1966; x_wconf 78' lang='grc' dir='ltr'><em>ᾧ</em></span> <span class='ocrx_word' id='word_1_202' title='bbox 1350 1895 1447 1948; x_wconf 76' lang='grc' dir='ltr'>εἷπε</span> <span class='ocrx_word' id='word_1_203' title='bbox 1486 1898 1658 1963; x_wconf 86' lang='grc' dir='ltr'>Κύριος</span> 
     </span>
    </p>

    <p class='ocr_par' dir='ltr' id='par_1_22' title="bbox 83 1969 1658 2049">
     <span class='ocr_line' id='line_1_23' title="bbox 83 1969 1658 2049; baseline 0.008 -30"><span class='ocrx_word' id='word_1_204' title='bbox 83 1976 110 1999; x_wconf 84' lang='grc'><strong>“</strong></span> <span class='ocrx_word' id='word_1_205' title='bbox 135 1969 249 2035; x_wconf 84' lang='grc' dir='ltr'>πρὸς</span> <span class='ocrx_word' id='word_1_206' title='bbox 281 1975 453 2023; x_wconf 70' lang='grc' dir='ltr'>Δαυεὶδ</span> <span class='ocrx_word' id='word_1_207' title='bbox 486 1977 558 2024; x_wconf 77' lang='grc' dir='ltr'>καὶ</span> <span class='ocrx_word' id='word_1_208' title='bbox 592 1974 711 2041; x_wconf 76' lang='grc' dir='ltr'>πρὸς</span> <span class='ocrx_word' id='word_1_209' title='bbox 743 1980 1005 2039; x_wconf 80' lang='grc' dir='ltr'>Σολομῶνα</span> <span class='ocrx_word' id='word_1_210' title='bbox 1036 1977 1120 2028; x_wconf 74' lang='grc' dir='ltr'>τὸν</span> <span class='ocrx_word' id='word_1_211' title='bbox 1159 1977 1258 2030; x_wconf 77' lang='grc' dir='ltr'>υἱὸν</span> <span class='ocrx_word' id='word_1_212' title='bbox 1295 1980 1436 2030; x_wconf 85' lang='grc' dir='ltr'>αὐτοῦ</span> <span class='ocrx_word' id='word_1_213' title='bbox 1469 1978 1554 2030; x_wconf 85' lang='grc' dir='ltr'>Ἐν</span> <span class='ocrx_word' id='word_1_214' title='bbox 1592 1984 1658 2049; x_wconf 74' lang='grc' dir='ltr'>τῷ</span> 
     </span>
    </p>

    <p class='ocr_par' dir='ltr' id='par_1_23' title="bbox 83 2052 1657 2130">
     <span class='ocr_line' id='line_1_24' title="bbox 83 2052 1657 2130; baseline 0.006 -28"><span class='ocrx_word' id='word_1_215' title='bbox 83 2058 110 2080; x_wconf 84' lang='grc'><strong>“</strong></span> <span class='ocrx_word' id='word_1_216' title='bbox 135 2052 243 2122; x_wconf 80' lang='grc' dir='ltr'>οἵκῴ</span> <span class='ocrx_word' id='word_1_217' title='bbox 283 2054 431 2124; x_wconf 78' lang='grc' dir='ltr'>τούτῳ</span> <span class='ocrx_word' id='word_1_218' title='bbox 467 2057 541 2106; x_wconf 74' lang='grc' dir='ltr'>καὶ</span> <span class='ocrx_word' id='word_1_219' title='bbox 579 2058 627 2107; x_wconf 83' lang='grc' dir='ltr'>ἐν</span> <span class='ocrx_word' id='word_1_220' title='bbox 660 2058 975 2123; x_wconf 80' lang='grc' dir='ltr'>Ἰερουσαλὴμ</span> <span class='ocrx_word' id='word_1_221' title='bbox 1010 2058 1038 2127; x_wconf 82' lang='grc' dir='ltr'><em>ᾗ</em></span> <span class='ocrx_word' id='word_1_222' title='bbox 1078 2060 1366 2130; x_wconf 75' lang='grc' dir='ltr'>ἐξελεξάμην</span> <span class='ocrx_word' id='word_1_223' title='bbox 1400 2063 1450 2111; x_wconf 86' lang='grc' dir='ltr'>ἐκ</span> <span class='ocrx_word' id='word_1_224' title='bbox 1486 2066 1657 2112; x_wconf 81' lang='grc' dir='ltr'>πασῶν</span> 
     </span>
    </p>

    <p class='ocr_par' dir='ltr' id='par_1_24' title="bbox 81 2137 1656 2206">
     <span class='ocr_line' id='line_1_25' title="bbox 81 2137 1656 2206; baseline 0.006 -22"><span class='ocrx_word' id='word_1_225' title='bbox 81 2140 109 2162; x_wconf 86' lang='grc'><strong>“</strong></span> <span class='ocrx_word' id='word_1_226' title='bbox 135 2138 301 2199; x_wconf 88' lang='grc' dir='ltr'>φυλῶν</span> <span class='ocrx_word' id='word_1_227' title='bbox 349 2137 549 2203; x_wconf 84' lang='grc' dir='ltr'>Ἰσραὴλ</span> <span class='ocrx_word' id='word_1_228' title='bbox 600 2142 673 2189; x_wconf 78' lang='grc' dir='ltr'>καὶ</span> <span class='ocrx_word' id='word_1_229' title='bbox 725 2139 869 2204; x_wconf 70' lang='grc' dir='ltr'>θήσω*</span> <span class='ocrx_word' id='word_1_230' title='bbox 901 2140 954 2191; x_wconf 74' lang='grc' dir='ltr'>τό</span> <span class='ocrx_word' id='word_1_231' title='bbox 1008 2141 1157 2206; x_wconf 78' lang='grc' dir='ltr'>ὄνομά</span> <span class='ocrx_word' id='word_1_232' title='bbox 1198 2166 1288 2206; x_wconf 90' lang='grc' dir='ltr'>μου</span> <span class='ocrx_word' id='word_1_233' title='bbox 1339 2145 1432 2194; x_wconf 84' lang='grc' dir='ltr'>ἐκεῖ</span> <span class='ocrx_word' id='word_1_234' title='bbox 1470 2146 1531 2196; x_wconf 83' lang='grc' dir='ltr'>εἷς</span> <span class='ocrx_word' id='word_1_235' title='bbox 1574 2142 1656 2194; x_wconf 80' lang='grc' dir='ltr'>τὸν</span> 
     </span>
    </p>

    <p class='ocr_par' dir='ltr' id='par_1_25' title="bbox 17 2219 1656 2287">
     <span class='ocr_line' id='line_1_26' title="bbox 17 2219 1656 2287; baseline 0.004 -18"><span class='ocrx_word' id='word_1_236' title='bbox 17 2232 62 2269; x_wconf 89' lang='lat'>25</span> <span class='ocrx_word' id='word_1_237' title='bbox 83 2223 108 2245; x_wconf 70' lang='lat'>‘⁶</span> <span class='ocrx_word' id='word_1_238' title='bbox 133 2219 320 2268; x_wconf 84' lang='grc' dir='ltr'>αἱῶνα.”</span> <span class='ocrx_word' id='word_1_239' title='bbox 382 2225 528 2270; x_wconf 83' lang='grc' dir='ltr'>ταῦτα</span> <span class='ocrx_word' id='word_1_240' title='bbox 577 2223 777 2286; x_wconf 86' lang='grc' dir='ltr'>δρῶντος</span> <span class='ocrx_word' id='word_1_241' title='bbox 823 2224 1023 2277; x_wconf 83' lang='grc' dir='ltr'>ἀνοσίως</span> <span class='ocrx_word' id='word_1_242' title='bbox 1067 2230 1149 2275; x_wconf 84' lang='grc' dir='ltr'>τοῦ</span> <span class='ocrx_word' id='word_1_243' title='bbox 1193 2229 1442 2287; x_wconf 83' lang='grc' dir='ltr'>Μανασσῆ</span> <span class='ocrx_word' id='word_1_244' title='bbox 1488 2224 1656 2276; x_wconf 74' lang='grc' dir='ltr'>λοιπὸν</span> 
     </span>
    </p>

    <p class='ocr_par' dir='ltr' id='par_1_26' title="bbox 81 2297 1655 2373">
     <span class='ocr_line' id='line_1_27' title="bbox 81 2297 1655 2373; baseline 0.006 -25"><span class='ocrx_word' id='word_1_245' title='bbox 81 2297 338 2363; x_wconf 86' lang='grc' dir='ltr'>ἠγανάκτει,</span> <span class='ocrx_word' id='word_1_246' title='bbox 364 2304 437 2352; x_wconf 73' lang='grc' dir='ltr'>καὶ</span> <span class='ocrx_word' id='word_1_247' title='bbox 463 2301 595 2365; x_wconf 87' lang='grc' dir='ltr'>μάλα</span> <span class='ocrx_word' id='word_1_248' title='bbox 620 2303 816 2367; x_wconf 83' lang='grc' dir='ltr'>εἰκότως,</span> <span class='ocrx_word' id='word_1_249' title='bbox 838 2306 862 2355; x_wconf 84' lang='grc' dir='ltr'>ὁ</span> <span class='ocrx_word' id='word_1_250' title='bbox 888 2310 982 2356; x_wconf 89' lang='grc' dir='ltr'>τῶν</span> <span class='ocrx_word' id='word_1_251' title='bbox 1003 2307 1129 2357; x_wconf 82' lang='grc' dir='ltr'>ὅλων</span> <span class='ocrx_word' id='word_1_252' title='bbox 1150 2306 1283 2368; x_wconf 78' lang='grc' dir='ltr'>Θεὸς,</span> <span class='ocrx_word' id='word_1_253' title='bbox 1305 2308 1379 2356; x_wconf 81' lang='grc' dir='ltr'>καὶ</span> <span class='ocrx_word' id='word_1_254' title='bbox 1403 2311 1498 2360; x_wconf 84' lang='grc' dir='ltr'>τοῖς</span> <span class='ocrx_word' id='word_1_255' title='bbox 1516 2306 1655 2373; x_wconf 84' lang='grc' dir='ltr'>Ἰερο-</span> 
     </span>
    </p>

    <p class='ocr_par' dir='ltr' id='par_1_27' title="bbox 81 2380 1655 2456">
     <span class='ocr_line' id='line_1_28' title="bbox 81 2380 1655 2456; baseline 0.007 -27"><span class='ocrx_word' id='word_1_256' title='bbox 81 2380 307 2443; x_wconf 88' lang='grc' dir='ltr'>σολύμοις</span> <span class='ocrx_word' id='word_1_257' title='bbox 332 2384 535 2434; x_wconf 83' lang='grc' dir='ltr'>ἐποίσειν</span> <span class='ocrx_word' id='word_1_258' title='bbox 555 2384 641 2449; x_wconf 73' lang='grc' dir='ltr'>ἤδη</span> <span class='ocrx_word' id='word_1_259' title='bbox 661 2385 719 2436; x_wconf 80' lang='grc' dir='ltr'>τὰ</span> <span class='ocrx_word' id='word_1_260' title='bbox 741 2387 796 2454; x_wconf 77' lang='grc' dir='ltr'>ἐξ</span> <span class='ocrx_word' id='word_1_261' title='bbox 812 2387 954 2452; x_wconf 83' lang='grc' dir='ltr'>ὀργῆς</span> <span class='ocrx_word' id='word_1_262' title='bbox 973 2389 1148 2452; x_wconf 84' lang='grc' dir='ltr'>ἠπείλει</span> <span class='ocrx_word' id='word_1_263' title='bbox 1173 2393 1355 2456; x_wconf 81' lang='grc' dir='ltr'>σαφῶς.</span> <span class='ocrx_word' id='word_1_264' title='bbox 1396 2389 1655 2455; x_wconf 75' lang='grc' dir='ltr'>γέγραπται</span> 
     </span>
    </p>

    <p class='ocr_par' dir='ltr' id='par_1_28' title="bbox 82 2460 1652 2537">
     <span class='ocr_line' id='line_1_29' title="bbox 82 2460 1652 2537; baseline 0.006 -26"><span class='ocrx_word' id='word_1_265' title='bbox 82 2460 129 2512; x_wconf 79' lang='grc' dir='ltr'>δὲ</span> <span class='ocrx_word' id='word_1_266' title='bbox 154 2463 272 2513; x_wconf 78' lang='grc' dir='ltr'>οὕτω</span> <span class='ocrx_word' id='word_1_267' title='bbox 297 2465 443 2515; x_wconf 86' lang='grc' dir='ltr'>πάλιν</span> <span class='ocrx_word' id='word_1_268' title='bbox 469 2473 496 2494; x_wconf 79' lang='grc'><strong>“</strong></span> <span class='ocrx_word' id='word_1_269' title='bbox 515 2469 607 2516; x_wconf 80' lang='grc' dir='ltr'>Καὶ</span> <span class='ocrx_word' id='word_1_270' title='bbox 639 2467 847 2531; x_wconf 84' lang='grc' dir='ltr'>ἐλάλησε</span> <span class='ocrx_word' id='word_1_271' title='bbox 876 2469 1047 2535; x_wconf 85' lang='grc' dir='ltr'>Κύριος</span> <span class='ocrx_word' id='word_1_272' title='bbox 1078 2472 1124 2520; x_wconf 83' lang='grc' dir='ltr'>ἐν</span> <span class='ocrx_word' id='word_1_273' title='bbox 1156 2473 1272 2537; x_wconf 76' lang='grc' dir='ltr'>χειρὶ</span> <span class='ocrx_word' id='word_1_274' title='bbox 1306 2471 1487 2521; x_wconf 90' lang='grc' dir='ltr'>δούλων</span> <span class='ocrx_word' id='word_1_275' title='bbox 1512 2472 1652 2521; x_wconf 83' lang='grc' dir='ltr'>αὐτοῦ</span> 
     </span>
    </p>
   </div>
   <div class='ocr_carea' id='block_1_3' title="bbox 82 2622 1653 3002">
    <p class='ocr_par' dir='ltr' id='par_1_29' title="bbox 82 2622 1653 3002">
     <span class='ocr_line' id='line_1_30' title="bbox 132 2622 1653 2676; baseline 0.007 -21"><span class='ocrx_word' id='word_1_276' title='bbox 132 2632 160 2655; x_wconf 88' lang='lat'>1.</span> <span class='ocrx_word' id='word_1_277' title='bbox 187 2622 439 2670; x_wconf 80' lang='grc' dir='ltr'>εὐαριθμήτους]</span> <span class='ocrx_word' id='word_1_278' title='bbox 459 2625 577 2671; x_wconf 80' lang='grc' dir='ltr'>ὀλίγας</span> <span class='ocrx_word' id='word_1_279' title='bbox 595 2627 642 2662; x_wconf 89' lang='lat' dir='ltr'>D.</span> <span class='ocrx_word' id='word_1_280' title='bbox 896 2640 928 2663; x_wconf 84' lang='lat'>2.</span> <span class='ocrx_word' id='word_1_281' title='bbox 956 2630 1052 2664; x_wconf 83' lang='lat' dir='ltr'>Haec</span> <span class='ocrx_word' id='word_1_282' title='bbox 1070 2630 1418 2676; x_wconf 74' lang='grc' dir='ltr'>ἐναργῆ-ἀναγκαῖον</span> <span class='ocrx_word' id='word_1_283' title='bbox 1434 2639 1653 2666; x_wconf 81' lang='lat' dir='ltr'>accesserunt</span> 
     </span>
     <span class='ocr_line' id='line_1_31' title="bbox 82 2667 1650 2720; baseline 0.008 -20"><span class='ocrx_word' id='word_1_284' title='bbox 82 2678 123 2700; x_wconf 82' lang='lat' dir='ltr'>ex</span> <span class='ocrx_word' id='word_1_285' title='bbox 141 2667 279 2704; x_wconf 84' lang='lat' dir='ltr'>B.D.E.</span> <span class='ocrx_word' id='word_1_286' title='bbox 586 2687 620 2716; x_wconf 87' lang='lat'>4.</span> <span class='ocrx_word' id='word_1_287' title='bbox 644 2673 840 2720; x_wconf 77' lang='grc' dir='ltr'>βασιλείαν]</span> <span class='ocrx_word' id='word_1_288' title='bbox 861 2675 968 2720; x_wconf 77' lang='grc' dir='ltr'>ἀρχὴν</span> <span class='ocrx_word' id='word_1_289' title='bbox 987 2676 1032 2710; x_wconf 91' lang='lat' dir='ltr'>D.</span> <span class='ocrx_word' id='word_1_290' title='bbox 1081 2679 1259 2720; x_wconf 82' lang='grc' dir='ltr'>μανασσῆς</span> <span class='ocrx_word' id='word_1_291' title='bbox 1277 2679 1294 2710; x_wconf 93' lang='grc' dir='ltr'>ὁ</span> <span class='ocrx_word' id='word_1_292' title='bbox 1312 2679 1449 2712; x_wconf 72' lang='lat' dir='ltr'>inverso</span> <span class='ocrx_word' id='word_1_293' title='bbox 1467 2678 1586 2712; x_wconf 78' lang='lat' dir='ltr'>ordine</span> <span class='ocrx_word' id='word_1_294' title='bbox 1604 2679 1650 2713; x_wconf 88' lang='lat' dir='ltr'>D.</span> 
     </span>
     <span class='ocr_line' id='line_1_32' title="bbox 83 2713 1652 2766; baseline 0.008 -19"><span class='ocrx_word' id='word_1_295' title='bbox 83 2713 117 2747; x_wconf 88' lang='lat'>8.</span> <span class='ocrx_word' id='word_1_296' title='bbox 142 2715 248 2749; x_wconf 77' lang='grc' dir='ltr'>ἔναντι</span> <span class='ocrx_word' id='word_1_297' title='bbox 272 2729 333 2761; x_wconf 83' lang='lat' dir='ltr'>pro</span> <span class='ocrx_word' id='word_1_298' title='bbox 361 2718 395 2751; x_wconf 86' lang='grc' dir='ltr'>ἐν</span> <span class='ocrx_word' id='word_1_299' title='bbox 421 2718 613 2764; x_wconf 78' lang='grc' dir='ltr'>ὀφθαλμοῖς</span> <span class='ocrx_word' id='word_1_300' title='bbox 637 2721 739 2755; x_wconf 83' lang='lat' dir='ltr'>Pont.</span> <span class='ocrx_word' id='word_1_301' title='bbox 759 2722 853 2766; x_wconf 86' lang='lat' dir='ltr'>quod</span> <span class='ocrx_word' id='word_1_302' title='bbox 878 2722 949 2756; x_wconf 81' lang='lat' dir='ltr'>vidi</span> <span class='ocrx_word' id='word_1_303' title='bbox 973 2722 1009 2756; x_wconf 91' lang='lat' dir='ltr'>in</span> <span class='ocrx_word' id='word_1_304' title='bbox 1034 2735 1105 2757; x_wconf 85' lang='lat' dir='ltr'>uno</span> <span class='ocrx_word' id='word_1_305' title='bbox 1132 2723 1259 2757; x_wconf 86' lang='lat' dir='ltr'>Codice</span> <span class='ocrx_word' id='word_1_306' title='bbox 1284 2725 1422 2758; x_wconf 83' lang='lat' dir='ltr'>recenti.</span> <span class='ocrx_word' id='word_1_307' title='bbox 1475 2724 1573 2761; x_wconf 80' lang='lat' dir='ltr'>Quae</span> <span class='ocrx_word' id='word_1_308' title='bbox 1599 2737 1652 2759; x_wconf 85' lang='lat' dir='ltr'>se-</span> 
     </span>
     <span class='ocr_line' id='line_1_33' title="bbox 82 2763 1651 2815; baseline 0.008 -21"><span class='ocrx_word' id='word_1_309' title='bbox 82 2767 236 2805; x_wconf 82' lang='lat' dir='ltr'><strong>quuntur</strong></span> <span class='ocrx_word' id='word_1_310' title='bbox 246 2763 384 2799; x_wconf 79' lang='lat' dir='ltr'>abbrev.</span> <span class='ocrx_word' id='word_1_311' title='bbox 399 2765 500 2800; x_wconf 89' lang='lat' dir='ltr'><strong>Pont.</strong></span> <span class='ocrx_word' id='word_1_312' title='bbox 651 2779 702 2812; x_wconf 79' lang='lat'>15.</span> <span class='ocrx_word' id='word_1_313' title='bbox 721 2769 832 2813; x_wconf 77' lang='grc' dir='ltr'>Κυρίῳ</span> <span class='ocrx_word' id='word_1_314' title='bbox 847 2768 940 2802; x_wconf 75' lang='lat' dir='ltr'>Aub.</span> <span class='ocrx_word' id='word_1_315' title='bbox 991 2769 1115 2803; x_wconf 83' lang='lat' dir='ltr'>Statim</span> <span class='ocrx_word' id='word_1_316' title='bbox 1129 2768 1156 2815; x_wconf 78' lang='grc' dir='ltr'><em>ᾧ</em></span> <span class='ocrx_word' id='word_1_317' title='bbox 1173 2770 1264 2803; x_wconf 73' lang='lat' dir='ltr'>BD.</span> <span class='ocrx_word' id='word_1_318' title='bbox 1281 2770 1351 2814; x_wconf 86' lang='lat'><strong>(56.</strong></span> <span class='ocrx_word' id='word_1_319' title='bbox 1366 2772 1424 2811; x_wconf 81' lang='lat' dir='ltr'>al.)</span> <span class='ocrx_word' id='word_1_320' title='bbox 1442 2771 1484 2806; x_wconf 83' lang='grc' dir='ltr'>ὡς</span> <span class='ocrx_word' id='word_1_321' title='bbox 1504 2771 1544 2805; x_wconf 89' lang='grc' dir='ltr'>Ε.</span> <span class='ocrx_word' id='word_1_322' title='bbox 1563 2772 1651 2806; x_wconf 86' lang='lat' dir='ltr'><strong>Edd.</strong></span> 
     </span>
     <span class='ocr_line' id='line_1_34' title="bbox 88 2809 1647 2860; baseline 0.008 -20"><span class='ocrx_word' id='word_1_323' title='bbox 88 2816 206 2852; x_wconf 84' lang='lat'>19—25.</span> <span class='ocrx_word' id='word_1_324' title='bbox 233 2809 518 2854; x_wconf 79' lang='grc' dir='ltr'>ἐποίησε-αἰῶνα</span> <span class='ocrx_word' id='word_1_325' title='bbox 538 2813 676 2848; x_wconf 89' lang='lat' dir='ltr'><strong>B.D.E.</strong></span> <span class='ocrx_word' id='word_1_326' title='bbox 695 2817 735 2848; x_wconf 87' lang='grc' dir='ltr'>τὰ</span> <span class='ocrx_word' id='word_1_327' title='bbox 752 2816 829 2857; x_wconf 76' lang='grc' dir='ltr'>ἑξῆς</span> <span class='ocrx_word' id='word_1_328' title='bbox 847 2815 938 2848; x_wconf 84' lang='lat' dir='ltr'><strong>Edd.</strong></span> <span class='ocrx_word' id='word_1_329' title='bbox 1107 2827 1161 2850; x_wconf 85' lang='lat'>21.</span> <span class='ocrx_word' id='word_1_330' title='bbox 1186 2819 1338 2860; x_wconf 80' lang='grc' dir='ltr'>γλυπτὸν</span> <span class='ocrx_word' id='word_1_331' title='bbox 1357 2817 1402 2850; x_wconf 92' lang='lat' dir='ltr'>D.</span> <span class='ocrx_word' id='word_1_332' title='bbox 1421 2819 1542 2851; x_wconf 86' lang='grc' dir='ltr'>λοιπὸν</span> <span class='ocrx_word' id='word_1_333' title='bbox 1560 2818 1647 2852; x_wconf 86' lang='grc' dir='ltr'><strong>Β.Ε.</strong></span> 
     </span>
     <span class='ocr_line' id='line_1_35' title="bbox 86 2856 1652 2909; baseline 0.008 -23"><span class='ocrx_word' id='word_1_334' title='bbox 86 2862 140 2886; x_wconf 83' lang='grc'>22.</span> <span class='ocrx_word' id='word_1_335' title='bbox 164 2856 247 2898; x_wconf 80' lang='grc' dir='ltr'>πρὸς</span> <span class='ocrx_word' id='word_1_336' title='bbox 263 2857 321 2890; x_wconf 82' lang='lat' dir='ltr'><strong>alt.</strong></span> <span class='ocrx_word' id='word_1_337' title='bbox 339 2859 481 2892; x_wconf 79' lang='lat' dir='ltr'>accessit</span> <span class='ocrx_word' id='word_1_338' title='bbox 499 2871 539 2893; x_wconf 90' lang='lat' dir='ltr'>ex</span> <span class='ocrx_word' id='word_1_339' title='bbox 559 2860 650 2895; x_wconf 89' lang='lat' dir='ltr'><strong>D.E.</strong></span> <span class='ocrx_word' id='word_1_340' title='bbox 700 2863 899 2904; x_wconf 71' lang='grc' dir='ltr'>Σολομῶν-τα</span> <span class='ocrx_word' id='word_1_341' title='bbox 918 2862 964 2895; x_wconf 88' lang='lat' dir='ltr'>D.</span> <span class='ocrx_word' id='word_1_342' title='bbox 984 2864 1166 2906; x_wconf 85' lang='grc' dir='ltr'>Σαλομωνα</span> <span class='ocrx_word' id='word_1_343' title='bbox 1186 2863 1226 2897; x_wconf 92' lang='grc' dir='ltr'>Ε.</span> <span class='ocrx_word' id='word_1_344' title='bbox 1379 2864 1433 2898; x_wconf 87' lang='lat'>26.</span> <span class='ocrx_word' id='word_1_345' title='bbox 1460 2865 1652 2909; x_wconf 86' lang='lat' dir='ltr'><strong>Assumpta</strong></span> 
     </span>
     <span class='ocr_line' id='line_1_36' title="bbox 86 2898 1652 2955; baseline 0.01 -25"><span class='ocrx_word' id='word_1_346' title='bbox 86 2898 138 2931; x_wconf 84' lang='grc' dir='ltr'>καὶ</span> <span class='ocrx_word' id='word_1_347' title='bbox 153 2902 243 2943; x_wconf 87' lang='grc' dir='ltr'>μάλα</span> <span class='ocrx_word' id='word_1_348' title='bbox 260 2902 392 2939; x_wconf 77' lang='grc' dir='ltr'>εἰκότως</span> <span class='ocrx_word' id='word_1_349' title='bbox 408 2916 450 2938; x_wconf 81' lang='lat' dir='ltr'>ex</span> <span class='ocrx_word' id='word_1_350' title='bbox 469 2906 557 2941; x_wconf 86' lang='lat' dir='ltr'>B.E.</span> <span class='ocrx_word' id='word_1_351' title='bbox 576 2909 594 2940; x_wconf 88' lang='grc' dir='ltr'>ὁ</span> <span class='ocrx_word' id='word_1_352' title='bbox 611 2911 677 2942; x_wconf 84' lang='grc' dir='ltr'>τῶν</span> <span class='ocrx_word' id='word_1_353' title='bbox 692 2908 780 2941; x_wconf 82' lang='grc' dir='ltr'>ὅλων</span> <span class='ocrx_word' id='word_1_354' title='bbox 797 2920 837 2941; x_wconf 84' lang='lat' dir='ltr'>ex</span> <span class='ocrx_word' id='word_1_355' title='bbox 857 2908 995 2942; x_wconf 86' lang='lat' dir='ltr'>B.D.E.</span> <span class='ocrx_word' id='word_1_356' title='bbox 1145 2921 1198 2954; x_wconf 69' lang='lat'>27.</span> <span class='ocrx_word' id='word_1_357' title='bbox 1225 2911 1282 2953; x_wconf 79' lang='grc' dir='ltr'>τῆς</span> <span class='ocrx_word' id='word_1_358' title='bbox 1299 2922 1361 2955; x_wconf 87' lang='lat' dir='ltr'>pro</span> <span class='ocrx_word' id='word_1_359' title='bbox 1380 2911 1417 2952; x_wconf 76' lang='grc' dir='ltr'>ἐξ</span> <span class='ocrx_word' id='word_1_360' title='bbox 1435 2911 1481 2944; x_wconf 90' lang='lat' dir='ltr'>D.</span> <span class='ocrx_word' id='word_1_361' title='bbox 1531 2913 1652 2955; x_wconf 82' lang='grc' dir='ltr'>σαφῶς</span> 
     </span>
     <span class='ocr_line' id='line_1_37' title="bbox 86 2950 1604 3002; baseline 0.009 -24"><span class='ocrx_word' id='word_1_362' title='bbox 86 2953 302 2991; x_wconf 85' lang='lat' dir='ltr'><strong>assumptum</strong></span> <span class='ocrx_word' id='word_1_363' title='bbox 316 2961 356 2983; x_wconf 87' lang='lat' dir='ltr'>ex</span> <span class='ocrx_word' id='word_1_364' title='bbox 370 2950 507 2986; x_wconf 83' lang='lat' dir='ltr'><strong>B.D.E.</strong></span> <span class='ocrx_word' id='word_1_365' title='bbox 604 2955 657 2988; x_wconf 82' lang='lat'>28.</span> <span class='ocrx_word' id='word_1_366' title='bbox 682 2953 767 2988; x_wconf 72' lang='grc' dir='ltr'>οὕτω</span> <span class='ocrx_word' id='word_1_367' title='bbox 784 2955 886 2988; x_wconf 79' lang='grc' dir='ltr'>πάλιν</span> <span class='ocrx_word' id='word_1_368' title='bbox 904 2955 969 2989; x_wconf 87' lang='lat' dir='ltr'>hoc</span> <span class='ocrx_word' id='word_1_369' title='bbox 987 2955 1107 2989; x_wconf 80' lang='lat' dir='ltr'>ordine</span> <span class='ocrx_word' id='word_1_370' title='bbox 1126 2956 1261 2990; x_wconf 87' lang='lat' dir='ltr'>B.D.E.</span> <span class='ocrx_word' id='word_1_371' title='bbox 1310 2956 1415 3002; x_wconf 80' lang='grc' dir='ltr'>χειρὶ]</span> <span class='ocrx_word' id='word_1_372' title='bbox 1433 2962 1469 2997; x_wconf 71' lang='grc' dir='ltr'>-Ι-</span> <span class='ocrx_word' id='word_1_373' title='bbox 1486 2961 1551 2992; x_wconf 84' lang='grc' dir='ltr'>τῶν</span> <span class='ocrx_word' id='word_1_374' title='bbox 1563 2958 1604 2992; x_wconf 86' lang='lat' dir='ltr'>B.</span> 
     </span>
    </p>
   </div>
   <div class='ocr_carea' id='block_1_4' title="bbox 144 3012 875 3048">
    <p class='ocr_par' dir='ltr' id='par_1_30' title="bbox 144 3012 875 3048">
     <span class='ocr_line' id='line_1_38' title="bbox 144 3012 875 3048; baseline 0.012 -9"><span class='ocrx_word' id='word_1_375' title='bbox 144 3012 233 3041; x_wconf 71' lang='lat' dir='ltr'>VOL.</span> <span class='ocrx_word' id='word_1_376' title='bbox 257 3015 301 3042; x_wconf 87' lang='lat' dir='ltr'>H.</span> <span class='ocrx_word' id='word_1_377' title='bbox 855 3025 875 3048; x_wconf 81' lang='lat' dir='ltr'>Z</span> 
     </span>
    </p>
   </div>
   <div class='ocr_carea' id='block_1_5' title="bbox 1715 2480 1845 2510">
    <p class='ocr_par' dir='ltr' id='par_1_31' title="bbox 1715 2480 1845 2510">
     <span class='ocr_line' id='line_1_39' title="bbox 1715 2480 1845 2510; baseline -0.015 -1"><span class='ocrx_word' id='word_1_378' title='bbox 1715 2480 1764 2510; x_wconf 83' lang='grc' dir='ltr'>ΙΙ).</span> <span class='ocrx_word' id='word_1_379' title='bbox 1785 2489 1845 2510; x_wconf 81' lang='grc' dir='ltr'>Ιο-</span> 
     </span>
    </p>
   </div>
  </div>
 </body>
</html>
