1997 3361
86 143 110 182 i.
135 144 172 184 8.
531 149 601 188 IN
644 150 919 191 ABACUC.
981 150 1130 191 TOM.
1166 150 1201 190 I.
1608 149 1660 187 75)

269 253 280 268 x
358 256 379 272 rr
528 255 540 272 x
620 259 628 272 2
690 259 699 272 ‚
836 258 846 271 x
1086 263 1104 271 Α
1271 258 1280 272 ‚
1444 255 1453 269 ι
1646 256 1657 269 x
1746 269 1751 274 ,

83 259 322 316 βασιλευς,
355 279 429 306 οτε
464 280 569 310 τους
607 258 662 326 εξ
711 262 888 324 [σραήλ
928 262 1220 323 καταρασθαι
1259 261 1545 316 εβουλευετο,
1585 276 1660 303 και
1724 269 1823 298 {wm-

85 339 177 385 τῶν
228 338 463 399 ἐσομένων
502 339 586 402 τὴν
631 345 809 404 γνῶσιν
858 340 1014 406 ἐζήτει,
1058 342 1106 391 ἐκ
1157 342 1238 402 τῆς
1287 337 1661 397 Μεσοποταμίας

85 416 413 482 μετάπεμπτον
446 422 641 472 ἐποιεῖτο
675 422 756 473 τὸν
784 423 1004 486 Βαλαάμ.
1071 422 1185 491 ᾤετο
1209 421 1302 487 γὰρ
1335 420 1403 471 ὅτι
1436 420 1577 469 δεινοί
1611 441 1658 469 τε
1679 444 1700 469 e

87 502 161 550 καὶ
197 502 400 567 ἀκριβεῖς
439 508 534 554 τῶν
569 506 887 565 Βαβυλωνίων
926 509 967 555 οἱ
1004 504 1166 570 μάγοι,
1207 505 1281 554 καὶ
1319 501 1437 568 πρὸς
1474 501 1528 551 τὸ
1566 505 1663 551 πᾶν

44 596 66 634 5
88 582 240 633 ὁτιοῦν
274 584 503 636 δύνασθαι
544 592 799 653 κατορθοῦν
839 587 1155 651 ἀλκιμώτατοι
1193 585 1267 638 διά
1299 609 1350 652 γε
1387 587 1469 648 τῆς
1507 583 1664 649 μάγου

86 663 261 731 τέχνης.

174 747 490 817 Ἐκδεξόμεθα
532 750 580 801 δὲ
622 753 696 801 καὶ
742 751 920 816 ἑτέρως,
966 755 1002 801 εἶ
1047 754 1187 812 δοκεῖ,
1236 755 1319 800 τοῦ
1363 748 1665 815 προκειμένου

86 827 172 892 τὴν
197 831 408 896 θεωρίαν.
476 831 751 898 ὁρισάμενος
785 832 877 899 γὰρ
908 832 990 883 τὸν
1023 837 1116 883 τῶν
1149 831 1468 890 Βαβυλωνίων
1500 831 1666 895 τύραν-

88 933 181 973 νον,
221 913 411 978 εἰρηκώς
450 937 498 964 τε
541 914 610 964 ὅτι
651 912 836 983 φοβερός
878 920 954 984 καὶ
1002 915 1219 983 ἐπιφανής
1259 914 1385 974 ἐστιν,
1418 911 1668 976 ἐπήνεγκεν

13 1012 70 1037 ·10
87 994 219 1047 εὐθύς
246 995 324 1064 Ἐξ
357 998 486 1046 αὐτοῦ
524 994 571 1047 ‘cb'
611 999 751 1064 κρῖμα
777 997 905 1047 αὐτοῦ
938 990 1063 1046 ἔσται
1094 1001 1171 1046 καὶ
1199 996 1245 1046 τδ
1273 994 1442 1062 λῆμμα
1470 996 1598 1045 αὐτοῦ
1623 994 1668 1062 ἐξ

88 1078 217 1127 αὐτοῦ
247 1076 538 1145 ἐξελεύσεται.
600 1080 675 1128 καὶ
710 1076 765 1142 δή
791 1100 835 1128 τι
866 1083 1077 1129 τοιοῦτον
1103 1076 1291 1145 ε”ξεσται
1325 1082 1457 1127 νοεῖν.
1526 1078 1662 1137 ἐβου-
1685 1085 1712 1125 d

88 1157 295 1209 λεύσατο
328 1158 413 1222 μὲν
446 1158 538 1225 γὰρ
574 1160 599 1210 ὁ
632 1163 726 1210 τῶν
763 1159 888 1210 ὅλων
926 1157 1161 1222 δεσπότης
1203 1158 1337 1220 Θεὸς,
1371 1161 1581 1225 αἰσχρῶς
1619 1181 1668 1208 τε

87 1242 163 1290 καὶ
188 1240 384 1309 φαύλως
408 1246 543 1303 βιοῦν
568 1240 798 1309 ᾑρημένον
821 1240 1025 1292 κολάσαι
1059 1240 1142 1291 τὸν
1165 1239 1383 1306 Ἰσραήλ.
1447 1245 1585 1290 τοῦτο
1612 1239 1668 1302 δὴ

89 1323 171 1372 οὖν
217 1321 271 1374 τὸ
315 1324 384 1374 ἐπ’
425 1324 549 1393 αὐτῷ
590 1326 728 1393 κρῖμα
765 1323 875 1390 παρ’
921 1324 1053 1374 eadwi]
1096 1323 1360 1388 γενήσεται,
1407 1323 1542 1390 φησὶ,
1587 1327 1669 1371 τοῦ

24 1425 71 1463 15
92 1406 412 1466 Βαβυλωνίου.
477 1405 636 1469 ὅμοιον
672 1408 734 1460 ὡς
773 1409 810 1457 εἰ
847 1405 981 1471 λέγοι
1018 1410 1190 1459 Σκεῦος
1230 1406 1373 1471 ὀργῆς
1413 1404 1547 1454 ἔσται
1587 1405 1669 1466 τῆς

89 1488 214 1551 ε’μῆς,
254 1490 327 1538 καὶ
369 1487 425 1538 δι’
465 1489 606 1539 αὐτοῦ
645 1511 703 1539 σε
744 1488 1084 1555 τιμωρήσομαι,
1118 1489 1194 1538 καὶ
1232 1486 1285 1538 τὸ
1324 1486 1494 1556 λῆμμοι
1532 1485 1580 1537 δὲ
1614 1486 1669 1537 τὸ

89 1571 162 1620 ἐπὶ
188 1573 280 1633 σοὶ,
307 1570 547 1621 τουτέστιν
581 1569 638 1635 ἢν
673 1570 730 1621 ἂν
768 1570 1055 1635 ἀναλάβοιμι
1088 1569 1265 1637 σκέψιν
1303 1572 1378 1619 καὶ
1416 1568 1668 1633 βούλησιν,

91 1653 137 1722 ἐξ
180 1655 310 1705 αὐτοῦ
356 1660 504 1705 παλιν
554 1652 844 1722 ἐξελεύσεται,
894 1653 1109 1704 τουτέστι
1158 1652 1498 1719 πραχθήσεται·
1550 1650 1668 1717 πρὸς

90 1734 233 1802 πέρας
270 1734 363 1802 γὰρ
402 1734 520 1786 οἴσει
555 1734 614 1786 τὰ
652 1735 708 1803 ἐξ
743 1736 855 1800 ἐμῆς
893 1737 1072 1799 βουλῆς
1110 1735 1186 1785 καὶ
1224 1734 1457 1802 σκέψεως.

27 1959 76 1984 20
96 1947 170 1988 Καὶ
212 1949 464 1991 ὲὲαλοῦνται
507 1950 612 2007 ὑπὲρ
654 1949 888 2007 Παρδάλειο
931 1947 969 1990 οἱ
1012 1950 1135 1991 ἰ’ΠΠοι
1177 1949 1320 2000 αὐτοῦ,
1364 1948 1432 1989 καὶ
1474 1947 1710 2003 ὀξύτεροιὸ

162 2031 267 2088 ὑπὲρ
309 2031 407 2072 τοὺς
446 2032 598 2074 λύκους
639 2036 711 2074 τῆς
739 2032 952 2089 Ἀραβίας·
995 2032 1063 2073 καὶ
1104 2033 1413 2075 ἐξιππάσοντοιι
1452 2028 1490 2071 οἱ
1529 2027 1669 2070 ἱππεῖς

163 2114 292 2155 αὐτοῦ
334 2114 402 2155 καί
437 2115 670 2171 ὁρμήσουσι
706 2116 933 2173 μακρόθεν,
972 2115 1040 2156 καὶ
1074 2115 1413 2157 ΠεταοΘι-ἰσονται
1447 2113 1506 2154 ὡς
1544 2112 1669 2153 ἀετὸς

161 2199 377 2256 Πρόθυμος
404 2198 462 2240 εἷς
489 2199 537 2241 τὸ
563 2197 726 2255 <pou-ehu.

173 2314 507 2379 Καταπλήττει
531 2314 677 2366 πάλιν
703 2314 867 2369 αὐτοὺς
890 2321 989 2369 ταῖς
1014 2320 1108 2366 τῶν
1128 2314 1353 2378 δειμάτων
1373 2315 1671 2379 ὑπερβολαῖς,

31 2419 78 2457 25
98 2398 172 2448 καὶ
210 2396 280 2448 ὅτι
323 2397 445 2462 δεινή
488 2420 536 2448 τε
581 2399 655 2448 καὶ
699 2397 965 2463 ἄθραυστος
1003 2398 1030 2461 ἡ
1068 2402 1161 2448 τῶν
1199 2398 1436 2458 πολεμίων
1472 2393 1672 2457 πληθὺς,

97 2483 308 2544 πειρᾶται
347 2477 595 2530 διδάσκειν·
634 2478 906 2529 συνελαύνει
937 2478 985 2530 δὲ
1019 2478 1136 2545 πρὸς
1173 2478 1470 2543 μετάγνωσιν
1504 2479 1578 2527 καὶ
1610 2480 1674 2530 εἰς

150 2649 180 2673 Ι.
207 2637 414 2682 καταρᾶσθαι
429 2638 505 2675 τοὺς
522 2638 560 2684 ἐξ
575 2638 613 2673 Ἰ.
631 2638 702 2672 inv.
720 2636 794 2671 ord.
815 2636 860 2670 D.
910 2636 1072 2676 ἐβούλετο
1091 2636 1138 2670 D.
1433 2646 1465 2669 2.
1491 2634 1596 2679 ἐζήτει
1614 2635 1674 2679 τὴν

100 2700 154 2730 γν.
172 2685 243 2719 inv.
262 2685 337 2718 ord.
357 2685 402 2720 D.
590 2697 623 2730 3.
648 2685 883 2729 μετάπεμπτον
900 2683 1043 2716 ἐποιεῖτο
1060 2683 1127 2717 hoc
1144 2681 1219 2717 ord.
1239 2683 1285 2716 D.
1304 2681 1398 2716 Aub.
1555 2683 1588 2716 8.
1607 2686 1674 2716 τῶν

102 2738 324 2776 assumptum
342 2743 383 2765 ex
401 2732 494 2767 B.D.
614 2743 666 2766 ΙΙ.
691 2746 743 2766 τοι
762 2730 853 2765 Edd.
901 2729 1038 2773 ἕξεσται
1057 2730 1102 2763 D.
1120 2728 1218 2763 ἔσται
1237 2729 1328 2763 Edd.
1450 2739 1502 2772 13.
1529 2729 1674 2763 κολάσαι

101 2779 160 2812 τὸν
175 2777 231 2823 '1.]
251 2779 308 2812 τὸν
324 2777 361 2811 Ἰ.
379 2778 636 2823 τιμωρήσασθαι
654 2779 700 2812 D.
937 2787 989 2819 14.
1016 2775 1065 2810 ἐπ’
1084 2776 1184 2809 αὐτοῦ
1202 2776 1294 2810 Edd.
1342 2773 1522 2820 γενήσεταί
1539 2774 1670 2820 [B.D.]

102 2827 192 2870 φησι
212 2826 253 2859 Β.
272 2827 361 2870 φησι
377 2825 581 2869 γενήσεσθαι
597 2825 656 2860 iid.
674 2826 763 2870 φησι
780 2836 850 2858 om.
870 2823 915 2857 D.
1243 2832 1295 2864 15.
1321 2821 1457 2866 σκεῦος]
1481 2828 1517 2862 -1-
1538 2823 1596 2865 τῆς
1612 2822 1673 2857 iid-

107 2873 160 2905 16.
187 2887 227 2906 σε
245 2871 331 2917 τιμ.]
350 2872 617 2917 τετιμωρὴσομαι
635 2872 682 2906 D.
1023 2877 1074 2913 17.
1099 2867 1139 2904 ἂν
1156 2876 1376 2913 assumptum
1394 2881 1435 2902 ex
1454 2868 1547 2903 B.D.
1611 2869 1673 2902 λά-

103 2920 198 2962 βοιμι
217 2919 263 2952 D.
614 2930 667 2953 22.
693 2917 922 2962 ἐξορμὴσουσι
942 2915 978 2950 F.
997 2915 1104 2961 (Co.)
1167 2915 1439 2959 πετασθήσονται
1456 2922 1535 2961 post
1551 2916 1675 2961 φαγεῖν

104 2971 236 3010 transp.
259 2965 298 3000 Β.
318 2965 438 3011 (153.)
627 2966 681 3000 26.
708 2964 761 3010 δέ]
781 2979 814 2998 τε
836 2964 881 2998 D.
899 2963 968 2998 inv.
989 2962 1029 2996 B.

1724 310 1878 349 mih-:sn
