2053 3382
307 187 393 227 622
701 188 751 229 B.
796 187 1077 229 CYRILLI
1117 188 1502 230 ALEXANDR.
1712 189 1766 230 iv.
1792 201 1830 238 2,
1852 201 1890 242 3.

307 296 503 364 ἀμετρίᾳ
546 301 876 363 παραχωροῦν*
938 297 1014 348 καὶ
1062 295 1225 363 ὥσπερ
1269 297 1406 361 ἡλίου
1449 296 1535 360 τὴν
1580 296 1652 348 ὑπ’
1698 296 1893 362 οὐρανὸν

308 375 698 442 καταυγάζοντος,
742 376 945 444 ἀδρανὴς
990 378 1080 443 ἤδη
1117 402 1218 433 πως
1263 379 1290 443 ἡ
1333 383 1428 430 τῶν
1462 377 1675 444 ἀστέρων
1712 378 1890 430 ἀπολέ-

308 464 495 509 λειπται
545 457 839 524 λαμπρότης·
902 461 1024 511 οὕτω
1077 461 1385 528 φαιδροτερας
1433 462 1482 511 ἐν
1523 460 1632 525 ἡμῖν
1681 464 1891 511 εἶσκεκο-

306 539 538 605 μισμένης
575 541 799 606 γνώσεως
840 542 1253 608 καταργηθήσεταί
1288 566 1389 596 πως
1428 543 1455 607 ἠ
1497 543 1651 606 μείων.
1712 542 1804 610 ἔφη
1846 541 1902 593 δέ

86 637 236 667 SJoan·
263 632 398 673 ἂπου
449 624 524 673 καὶ
570 623 595 672 ὁ
644 622 858 689 Χριστὸς
908 628 1004 677 τοῖς
1056 625 1204 690 ἁγίοις
1254 623 1544 678 ἀποστόλοις
1588 632 1616 654 ‘⁴
1632 628 1797 676 Ταῦτα
1846 625 1937 682 ἐν5

85 682 151 712 xvi.
173 688 221 718 25.

89 1701 189 1731 Dent.

86 1745 187 1775 xxxii.
201 1754 212 1775 1
223 1753 248 1775 1.

90 2033 176 2066 868
192 2032 240 2066 A.

88 2083 138 2131 Cf.
154 2083 248 2113 Rom.

89 2137 142 2156 vn.
162 2135 212 2166 23.

92 2527 108 2548 ¹2
127 2519 200 2549 Cor.
219 2519 239 2551 i.

92 2571 143 2592 22.

307 710 335 733 ‘⁶
360 705 629 770 παροιμίαις
674 704 922 770 λελάληκα
967 707 1090 769 ὑμῖν·
1150 707 1333 773 ἔρχεται
1375 704 1488 773 ὥρα,
1532 706 1607 757 ὅτε
1652 705 1801 757 οὐκέτι
1847 708 1895 756 ἐν

307 792 334 815 “
360 787 627 852 παροιμίαις
678 787 886 852 λαλήσω
936 790 1057 851 ὑμῖν·
1118 787 1230 840 ἀλλ’
1277 790 1324 840 ἐν
1369 789 1613 857 παῤῥησίᾳ
1659 790 1765 855 περὶ
1810 795 1895 840 τοῦ

307 874 335 897 “
363 868 556 934 Πατρὸς
595 870 856 936 ἀπαγγελῶ
895 871 1050 934 ὑμῖν.”

384 951 573 1001 Οὐκοῦν
604 956 700 1006 τοῖς
735 952 897 1017 ἁγίοις,
933 952 977 1003 οἳ
1011 954 1086 1003 καὶ
1120 951 1316 1020 σφόδρα
1350 954 1645 1022 πεφόβηνται
1679 952 1725 1004 τὶ
1761 953 1894 1020 ὄνομα

306 1037 391 1083 τοῦ
418 1036 557 1095 Θεοῦ,
593 1037 668 1084 καὶ
701 1034 892 1098 ἁπάσης
925 1036 1090 1101 ἀρετῆς
1124 1036 1399 1099 ἐπιμεληταὶ
1425 1034 1680 1101 γεγόνασιν
1705 1035 1754 1085 ἐν
1778 1036 1894 1103 τῷδε
1920 1056 1967 1081 ιο

307 1117 374 1183 τῷ
400 1113 580 1184 κόσμῳ,
608 1115 821 1182 Χριστὸς
848 1116 1139 1184 ἀναλάμψει,
1173 1116 1384 1183 καθάπερ
1418 1139 1488 1170 τις
1514 1119 1597 1180 τῆς
1624 1113 1896 1176 δικαιοσύνης

308 1198 429 1256 ἥλιος
454 1199 538 1260 τῆς
564 1197 858 1264 τελειοτάτης
883 1199 1106 1265 γνώσεως
1132 1197 1215 1253 τὰς
1250 1198 1397 1265 αὐγὰς
1430 1200 1571 1260 ἐνιεὶς,
1597 1201 1673 1249 καὶ
1705 1197 1897 1262 ἁπάσης

268 1277 475 1332 εαύτοῦς
514 1280 839 1332 ἀπαλλάττων
877 1284 1086 1350 ψυχικῆς
1124 1282 1403 1348 ἀῤῥωστίας,
1447 1283 1523 1331 καὶ
1562 1281 1775 1348 θλίψεως
1814 1283 1897 1345 τῆς

309 1361 506 1428 ἀρχαίας
545 1363 607 1415 ὡς
645 1362 1072 1417 ἀπωτάτωττιθείς.
1137 1369 1275 1414 τοῦτο
1311 1362 1404 1429 γάρ
1445 1365 1548 1414 ἐστι
1585 1362 1638 1413 τό
1665 1362 1817 1418 ’Ἴασις
1859 1364 1896 1413 ἐν

310 1445 411 1497 ταῖς
438 1443 636 1513 πτέρυξιν
663 1446 808 1495 αὑτοῦ·
852 1443 948 1495 οἷον
975 1447 1036 1499 ὡς
1062 1446 1130 1496 ἐπ’
1159 1446 1295 1496 ἀετοῦ
1322 1447 1397 1496 καὶ
1422 1449 1621 1496 νεοττῶν
1646 1444 1894 1511 εἰρημένον,
1922 1464 1967 1501 15

310 1525 409 1575 κατ’
449 1524 593 1576 ἐκεῖνό
636 1549 729 1576 που
773 1525 959 1580 πάντως
1004 1526 1058 1578 τὸ
1103 1526 1178 1577 διὰ
1223 1531 1305 1577 τοῦ
1348 1527 1605 1594 πανσόφου
1649 1526 1896 1580 Μωυσέως

312 1606 599 1671 λελεγμένον
631 1609 736 1673 περὶ
769 1612 893 1659 Θεοῦ
929 1611 1004 1659 καὶ
1038 1613 1132 1659 τῶν
1163 1609 1219 1678 ἐξ
1250 1609 1493 1674 Αἰγύπτου
1527 1607 1895 1673 λελυτρωμένων

312 1695 339 1717 “
364 1688 449 1741 Ὠς
493 1688 624 1742 ἀετὸς
669 1690 899 1741 σκεπάσει
945 1690 1149 1741 νοσσιὰν
1190 1692 1345 1753 αὐτοῦ,
1387 1692 1494 1744 διεὶς
1536 1689 1619 1743 τὰς
1662 1689 1898 1755 πτέρυγας

312 1776 338 1799 “
364 1771 520 1833 αὑτοῦ,
556 1770 747 1840 ἐδέξατο
783 1772 994 1826 αὐτούς.”
1047 1772 1181 1823 ε”σται
1216 1773 1372 1823 τοίνυν
1407 1773 1531 1841 φησὶ
1576 1777 1652 1822 καὶ
1696 1774 1818 1826 ἴαιτις
1860 1772 1897 1822 ἐν

310 1856 410 1907 ταῖς
449 1853 646 1921 πτέρυξιν
681 1856 824 1905 αὐτοῦ.
877 1856 924 1904 ἐν
957 1853 1042 1917 μὲν
1069 1853 1162 1920 γὰρ
1195 1859 1261 1923 τῷ
1297 1857 1426 1904 αἰῶνι
1458 1852 1607 1922 τούτῳ
1640 1853 1765 1903 δεινά
1798 1875 1897 1906 πως
1919 1873 1967 1898 20

310 1936 441 1985 ε”στῖν
476 1935 525 1985 ἐν
561 1935 670 1999 ἡμῖν
700 1938 782 1999 τῆς
824 1935 1003 2001 σαρκὸς
1040 1935 1100 1986 τὰ
1140 1935 1455 2002 σκιρτήματα·
1511 1933 1764 2000 καταθήγει
1804 1933 1898 2000 γὰρ

271 2015 392 2067 ατὸν
429 2021 539 2068 νοῦν
570 2020 632 2070 εἰς
668 2015 890 2072 ἐκτόπους
930 2017 1112 2081 ἡδονὰς,
1147 2018 1372 2083 ἀγριαίνει
1408 2016 1455 2068 δὲ
1491 2019 1539 2068 ἐν
1571 2021 1666 2070 τοῖς
1701 2016 1898 2080 μέλεσιν

311 2099 442 2163 ἡμῶν
476 2101 558 2162 τῆς
598 2100 826 2166 ἁμαρτίας
865 2100 890 2150 ὁ
930 2098 1085 2163 νόμος,
1122 2103 1159 2150 εἱ
1197 2102 1272 2150 καὶ
1312 2104 1490 2150 νικᾶται
1524 2097 1668 2166 τυχὸν
1703 2096 1778 2148 διὰ
1816 2100 1898 2160 τῆς

310 2185 405 2231 τῶν
430 2181 578 2246 ἁγίων
604 2182 856 2243 ἐπιεικείας,
882 2181 1199 2244 ἐπαμύνοντος
1225 2187 1307 2232 τοῦ
1334 2185 1567 2247 Χριστοῦ.
1622 2179 1897 2243 καταμεθύει

311 2262 364 2313 δέ
399 2286 498 2316 πως
542 2264 566 2313 ὁ
610 2268 730 2325 νοῦς,
772 2265 846 2313 καὶ
891 2264 1000 2314 καθ’
1035 2263 1192 2328 ἕτερον
1225 2262 1402 2328 τρόπον
1441 2262 1768 2330 πειραζόμενος
1807 2261 1896 2313 ὑπὸ
1919 2281 1965 2318 25

309 2348 496 2395 παθῶνι
552 2344 819 2410 ἀλαζονεῖαί
858 2367 906 2396 τε
951 2343 1044 2411 γὰρ
1089 2343 1457 2409 ἐπισκήπτουσι,
1506 2347 1583 2396 καὶ
1625 2343 1898 2414 φιλοδοξίαι

312 2429 534 2488 κοσμικαὶ
560 2428 636 2477 καὶ
663 2427 799 2493 ὀργαὶ
825 2428 899 2477 καὶ
926 2425 1239 2496 φιλοκέρδειαι
1266 2429 1340 2477 καὶ
1368 2426 1426 2478 τὰ
1453 2427 1584 2492 ἕτερα
1608 2431 1702 2477 τῶν
1728 2430 1895 2477 κακῶν.

312 2506 466 2571 ἐπειδὴ
508 2507 555 2559 δὲ
597 2507 679 2558 τὸν
715 2509 969 2575 ἀῤῥαβῶνα
1008 2513 1091 2559 τοῦ
1133 2508 1405 2572 Πνεύματος
1444 2507 1519 2559 διὰ
1554 2512 1771 2574 Χριστοῦ
1805 2529 1893 2558 πε-

314 2590 660 2654 πλουτήκαμεν,
686 2591 930 2653 εἰθίσμεθα
962 2592 1037 2640 καὶ
1064 2594 1415 2655 κατευμεγεθεῖν
1439 2594 1534 2640 τῶν
1559 2593 1739 2651 παθῶν,
1766 2588 1896 2652 πλὴν

272 2674 295 2714 b
315 2673 505 2736 ἱδρῶτος
535 2672 589 2721 οὐ
621 2672 748 2738 δίχα,
780 2670 898 2722 κατὰ
925 2671 979 2721 δέ
999 2693 1053 2738 γε
1080 2670 1162 2722 τὸν
1189 2675 1333 2722 αἰῶνα
1360 2671 1442 2722 τὸν
1467 2672 1708 2735 με’λλοντα
1732 2669 1894 2735 πλήρη
1915 2693 1964 2727 30

360 2810 393 2844 3.
420 2800 454 2833 ἐν
471 2806 694 2844 assumptum
713 2811 754 2834 ex
775 2800 816 2835 B.
972 2809 1002 2845 7.
1028 2800 1121 2846 ὑμῖν]
1140 2802 1227 2845 πρὸς
1243 2801 1328 2845 ὑμᾶς
1346 2800 1438 2835 Edd.
1589 2800 1622 2834 8.
1648 2799 1832 2844 ἀπαγγελῶ
1852 2798 1895 2833 Β.

312 2845 489 2891 ἀναγγελῶ
506 2846 565 2880 iid.
690 2858 742 2882 11.
769 2849 828 2891 τῆς
844 2854 1067 2892 assumptum
1086 2860 1126 2881 ex
1149 2848 1189 2882 Β.
1314 2849 1365 2882 18.
1392 2847 1557 2882 σκεπάσει
1575 2846 1679 2880 habet
1698 2845 1740 2880 B.
1756 2845 1895 2888 (XIII.)

312 2893 431 2926 ἑαυτοῦ
450 2892 541 2926 Edd.
561 2893 710 2938 (XIII.)
885 2905 940 2928 21.
953 2896 1024 2946 ,τῆς
1041 2895 1167 2940 σαρκὸς
1184 2893 1241 2939 τὰ]
1261 2894 1302 2928 τὰ
1319 2895 1402 2928 κατὰ
1420 2895 1530 2939 σάρκα
1549 2892 1592 2927 Β.
1766 2903 1820 2936 23.
1847 2890 1892 2936 εἷ]

312 2937 330 2980 ἡ
351 2938 452 2972 Pont.
471 2937 489 2981 ἣ
508 2939 601 2973 Aub.
757 2949 812 2985 27.
838 2941 891 2975 καὶ
909 2952 1061 2986 prunum
1080 2947 1303 2986 assumptum
1320 2952 1361 2975 ex
1382 2940 1423 2976 B.
1576 2949 1632 2984 29.
1658 2937 1729 2985 καὶ]
1747 2953 1781 2973 τε
1804 2937 1894 2974 Edd.

313 2994 370 3027 30.
400 2984 516 3019 Habet
534 2985 570 3018 δέ
586 2999 625 3030 γε
646 2985 687 3020 Β.
