1997 3361
111 184 151 224 ii.
178 186 214 225 8.
486 188 557 228 IN
604 188 1028 229 ZACHARIAM.
1090 188 1243 228 TUM.
1282 187 1312 226 l.
1602 187 1682 225 :307

106 296 256 347 πάλαι
282 297 439 357 λαοὺς,
460 299 738 349 ἐνδοιάσειεν
764 299 821 349 ἂν
849 300 1007 361 οὐδεὶς,
1035 300 1076 350 εἴ
1099 322 1151 364 γε
1182 303 1288 349 νοῦν
1314 298 1409 364 ε”χοι
1436 298 1517 358 τῆς
1543 297 1680 359 α’τρε-

105 379 225 432 κειάς
258 379 340 429 τὸν
377 380 593 446 ἐραστήν.
657 386 694 432 εὶ
737 381 829 447 γὰρ
872 380 1009 435 αὐτὸς
1049 381 1106 446 ἦν
1145 381 1172 445 ἡ
1210 381 1357 445 πέτρα
1397 377 1683 445 δεδιψηκότα

104 460 223 510 κατὰ
254 461 339 524 τὴν
374 463 544 528 ἔρημον
581 463 780 530 ποτίζων
821 463 900 515 τὸν
941 463 1157 529 Ἰσραὴλ,
1196 466 1269 512 καὶ
1311 460 1448 513 αὐτός
1487 462 1617 510 ἐστιν
1657 460 1681 507 ὁ

103 541 159 592 δι’
187 542 240 592 οῦ
274 543 332 593 τὰ
364 545 519 596 πάντα
553 545 681 612 παρὰ
714 550 838 597 Θεοῦ
878 548 951 596 καὶ
994 545 1195 610 Πατρὸς,
1231 549 1329 597 πῶς
1369 546 1498 594 ἐστιν
1536 544 1720 608 ἀμφι-υ

59 643 81 681 5
101 622 314 687 βάλλειν,
343 626 412 676 ὅτι
450 629 504 677 δι’
533 629 673 679 αὐτοῦ
708 631 781 679 καὶ
816 633 951 679 πᾶσα
988 629 1224 694 λύτρωσις
1252 626 1369 677 κατὰ
1401 623 1575 690 καιρὸν,
1607 626 1681 674 καὶ

103 704 225 760 ἅπας
275 709 537 775 ἐπικουρίας
586 711 839 776 ἐπράττετο
891 710 1096 776 τρόπος;
1149 709 1278 772 πλὴν
1327 710 1374 759 ἔν
1427 731 1479 772 γε
1531 706 1681 775 τούτῳ

103 789 258 854 φαμὲν
302 795 398 844 τοῖς
447 792 493 842 ἐν
541 793 697 843 πίστει
749 793 1113 855 δεδικαιωμένοις
1164 794 1237 842 καὶ
1291 789 1590 856 ἡγιασμένοις
1635 792 1683 839 ἐν

105 871 342 935 Πνεύματι
386 879 689 942 προσφωνεῖν
733 874 891 938 αὐτὸν,
930 874 1003 925 καὶ
1041 874 1123 925 τὸν
1165 877 1247 937 τῆς
1285 871 1683 938 ε’νανθρωπήσεως

102 955 466 1018 κατασημαίνειν
500 957 691 1022 τρόπον.
760 963 900 1008 ὀπίσω
931 956 1023 1022 γὰρ
1062 953 1186 1025 δόξης
1219 953 1517 1007 ἀπεστάλθαι
1544 955 1679 1021 φησί.

35 1061 81 1086 10
101 1037 177 1085 καὶ
209 1037 574 1104 ψευδοεπήσειεν
613 1038 670 1089 ἂν
702 1040 929 1101 οὐδαμῶς.
996 1043 1033 1088 εἰ
1059 1037 1152 1103 γὰρ
1177 1039 1224 1088 ἐν
1259 1041 1422 1106 μορφῇ
1447 1042 1529 1086 τοῦ
1558 1040 1681 1086 Θεοῦ

101 1120 176 1168 καὶ
203 1120 393 1184 Πατρός
421 1120 643 1188 ὑπάρχων
670 1122 694 1170 ὁ
721 1121 777 1189 ἐξ
799 1121 940 1170 αὑτοῦ
967 1143 1016 1170 τε
1043 1123 1116 1170 καὶ
1143 1122 1190 1170 ἐν
1214 1121 1338 1188 αὐτῷ
1366 1118 1485 1171 Θεὸς
1509 1119 1680 1183 Λόγος,

1741 1203 1824 1234 Phil.
1845 1203 1878 1233 ii.

1740 1247 1769 1277 6.

102 1305 320 1348 γραπται,
362 1284 573 1335 καθίκετο
615 1283 661 1335 δὲ
701 1286 776 1335 καὶ
811 1287 874 1337 εἷς
908 1284 1081 1334 δούλου
1118 1282 1322 1351 μορφὴν,
1358 1285 1431 1332 καὶ
1470 1282 1716 1332 τεταπεί-ει
1741 1294 1898 1375 5691}

1771 1357 1791 1375 J.
1813 1354 1839 1383 7,
1881 1369 1886 1374 .

101 1206 128 1229 “
152 1201 239 1268 οὐχ
282 1201 533 1268 ἁρπαγμὸν
583 1202 797 1267 ἡγήσατο
847 1200 901 1252 τὸ
952 1199 1064 1251 εἶναι
1115 1198 1197 1251 ἶσα
1241 1201 1388 1269 Θεῴ,”
1433 1200 1554 1250 καθὰ
1595 1200 1673 1265 γε’-

102 1388 247 1416 νωκεν
277 1365 453 1429 ἑαυτὸν,
489 1364 731 1432 γενόμενος
765 1367 873 1417 καθ’
913 1366 1044 1429 ἡμᾶς,
1080 1370 1180 1420 πῶς
1218 1366 1300 1416 οὐκ
1340 1368 1480 1416 ὀπίσω
1518 1363 1680 1429 γε’γονε

36 1470 79 1507 15
101 1449 184 1510 τῆς
209 1447 279 1498 ὅτι
304 1448 519 1511 μάλιστα
544 1449 816 1515 πρεπούσης
842 1449 976 1517 ἀξίας
1005 1449 1159 1518 αύτῴς

174 1529 259 1582 Τίς
285 1531 365 1581 οὖν
390 1532 416 1581 ὁ
443 1530 584 1598 λόγος
612 1537 694 1582 τοῦ
719 1533 886 1599 χρῆναι
911 1535 1075 1581 παθεῖν
1111 1528 1251 1580 αὐτὸν
1276 1528 1360 1592 τὴν
1386 1527 1680 1595 πρόσκαιρον

100 1612 326 1680 ἀδοξίαν,
383 1614 577 1681 ἀφίκετο
622 1613 715 1680 γὰρ
763 1613 1010 1664 σκυλεύων
1059 1612 1167 1666 τοὺς
1208 1611 1562 1678 πεπορθηκότας
1603 1613 1679 1660 καὶ

98 1698 194 1747 τοῖς
232 1699 375 1764 σφῶν
421 1697 573 1747 αὐτῶν
619 1695 956 1761 ὑπενεγκόντας
997 1694 1148 1761 ζυγοῖς
1189 1693 1296 1747 τοὺς
1339 1695 1412 1744 ἐπὶ
1455 1696 1536 1756 τῆς
1575 1695 1676 1757 γῆς,

98 1776 340 1827 τουτέστιν
378 1777 510 1841 ἡμᾶς,
555 1777 633 1832 οὓς
675 1782 721 1828 αἱ
761 1781 958 1844 πονηραὶ
1002 1780 1077 1827 καὶ
1117 1777 1420 1836 ἀντικείμεναι
1464 1774 1677 1837 δυνάμεις

32 1882 81 1907 20
100 1858 312 1925 ἀσχέτως
356 1859 694 1926 κατεληίζοντο.
763 1859 1071 1910 σκυλεύονται
1121 1859 1169 1910 δὲ
1212 1862 1322 1919 νυνὶ,
1361 1863 1444 1908 τοῦ
1487 1857 1677 1908 πάντων

98 1941 229 2005 ἡμῶν
250 1945 469 2007 Σωτῆρος
494 1945 708 2007 Χριστοῦ
735 1941 1097 2008 συγκομίζοντος
1122 1942 1241 2005 ἡμᾶς
1267 1939 1342 1990 διὰ
1367 1943 1449 2003 τῆς
1472 1940 1675 1992 πίστεως
1695 1952 1721 1991 b

98 2027 160 2077 εἰς
185 2022 361 2086 ἑαυτὸν,
389 2026 463 2074 καὶ
499 2025 638 2078 ἰδίους
672 2024 891 2077 ἱστάντος
928 2022 1258 2090 προσκυνητάς
1293 2021 1399 2075 τοὺς
1432 2026 1532 2076 ταῖς
1565 2023 1672 2087 παρ’

97 2104 279 2156 ἐκείνων
303 2106 596 2174 πλεονεξίαις
626 2107 1042 2175 πεφορτισμένους,
1069 2108 1144 2156 καὶ
1169 2104 1408 2168 τοσαύτην
1434 2104 1543 2167 ἡμῖν
1569 2103 1670 2169 ὀρέ-

98 2210 264 2253 γοντος
287 2187 373 2252 τὴν
396 2189 681 2257 ἀσφάλειαν,
707 2189 830 2239 ὥστε
861 2188 943 2240 τὸν
969 2187 1191 2239 ἐθέλοντα
1215 2191 1400 2248 λυπεῖν,
1428 2187 1676 2252 μονονουχὶ

33 2290 80 2328 25
99 2271 180 2332 τῆς
224 2271 340 2323 ἰδίας
391 2267 630 2322 οἵπτεσθαι
683 2271 814 2339 κόρης·
868 2272 1188 2337 περιτρέπεται
1228 2269 1321 2335 γὰρ
1366 2268 1438 2318 ἀεί
1477 2291 1576 2320 πως
1615 2272 1677 2320 εἰς

99 2355 194 2402 πᾶν
225 2353 492 2403 τούναντίον
526 2357 619 2403 τῶν
649 2352 943 2419 πραγμάτων
982 2353 1010 2416 ἡ
1051 2352 1260 2413 ἔκβασις.
1327 2355 1421 2404 τοῖς
1454 2349 1675 2401 διώκουσι

139 2431 150 2446 x
219 2433 229 2448 ‚
255 2437 273 2452 Ἴ
447 2435 456 2450 ,
596 2434 608 2449 J
802 2434 813 2449 ‚
865 2433 883 2451 ,x
964 2436 972 2450 ‚
1012 2436 1021 2450 ‚
1070 2435 1080 2449 «
1128 2433 1140 2447 2
1315 2431 1329 2446 x
1388 2433 1397 2447 ‚
1636 2436 1655 2445 Α

100 2455 186 2496 την
235 2437 511 2498 Εκκλησιαν
549 2441 735 2500 λεγοιτο
769 2438 795 2485 δ
855 2457 913 2485 αν
951 2440 1011 2503 εφ
1060 2456 1243 2502 εκαστω
1283 2456 1337 2483 το
1375 2456 1423 2482 εν
1460 2436 1675 2500 ψαλμοις

101 2521 128 2544 “
154 2514 344 2566 Λάκκον
381 2513 531 2584 ὤρυξε
575 2520 649 2567 καὶ
686 2516 958 2585 ἀνέσκαψεν
1001 2514 1157 2573 αὐτὸν,
1198 2517 1272 2565 καὶ
1311 2516 1578 2577 ἐμπεσεῖται
1613 2518 1675 2568 εἷς
1738 2528 1862 2559 Ps.vii.

99 2603 127 2625 ‘⁶
151 2595 328 2663 βόθρον
381 2596 434 2648 ὃν
484 2596 760 2663 εἰργάσατο,
815 2597 1089 2666 ἐπιστρέψει
1153 2599 1178 2647 ὁ
1232 2595 1375 2649 πόνος
1422 2597 1562 2646 αὐτοῦ
1613 2600 1715 2656 εἱςρ
1740 2572 1788 2611 16,
1813 2583 1859 2613 I¹'

148 2775 177 2798 Ι.
203 2764 275 2807 ἔχοι
295 2763 335 2798 C.
353 2764 423 2809 ἕχει
443 2763 533 2798 Edd.
595 2764 764 2809 ἀτρεκείας
783 2763 822 2798 C.
841 2763 940 2806 ἀληθ.
960 2762 1051 2797 Edd.
1256 2775 1289 2805 4.
1313 2761 1420 2807 παρὰ]
1445 2766 1482 2802 -1-
1502 2764 1562 2796 τοῦ
1580 2762 1672 2797 Edd.

99 2810 209 2844 invito
229 2810 269 2844 C.
473 2820 506 2853 5.
533 2810 632 2856 κατὰ]
657 2816 693 2852 —†-
714 2812 821 2845 πάντα
840 2810 931 2844 Edd.
950 2810 1059 2843 invito
1078 2808 1118 2844 C.
1331 2809 1363 2842 6.
1389 2810 1424 2842 ἕν
1440 2824 1479 2854 γε
1495 2808 1619 2855 τούτῳ]
1640 2810 1675 2844 ἕν

99 2872 139 2902 γε
155 2859 254 2890 τοῦτο
272 2856 309 2902 (ο
327 2864 360 2891 et
377 2872 402 2890 ω
418 2857 508 2891 inter
526 2869 562 2891 se
579 2857 741 2902 mutatis)
760 2857 800 2891 C.
1262 2866 1314 2889 10.
1340 2856 1533 2900 ψευὸοεπὴς
1550 2854 1615 2890 εἶεν
1633 2856 1673 2891 C.

106 2913 158 2948 15.
184 2903 278 2945 ἀξίας
297 2903 337 2937 C.
355 2905 505 2939 εὐκλείας
523 2904 569 2938 D.
589 2904 680 2938 Edd.
938 2913 990 2947 17.
1016 2901 1174 2947 ἄφίκετο]
1199 2906 1235 2941 -f-
1256 2903 1317 2945 μὲν
1335 2902 1425 2936 Edd.
1445 2903 1560 2936 invitis
1581 2903 1672 2937 C.D.

102 2949 300 2985 σκυλεύει-ων
317 2950 409 2984 Edd.
427 2950 543 2984 invitis
561 2950 696 2985 iisdem.
968 2961 1022 2993 23.
1049 2949 1227 2994 ὀρέγοντος
1245 2948 1335 2982 C.D.
1354 2948 1561 2994 παρέχοντος
1579 2949 1672 2984 Edd.

105 3005 160 3039 25.
185 3010 255 3032 πως
274 2996 398 3031 B.C.b.
416 3011 480 3040 περ
499 2997 591 3031 Edd.
865 2995 898 3029 δ’
917 3007 987 3030 om.
1008 2995 1050 3030 C.
1110 2997 1168 3030 τὸν
1185 3007 1248 3040 pro
1266 2997 1304 3030 τὸ
1323 2995 1364 3030 C.

783 3008 837 3041 2,.

803 3064 914 3091 ΒΓΖ
