1997 3361
93 148 237 202 i·4‚;3·
557 152 625 192 IN
671 153 938 192 NAnlrM.
1000 151 1150 192 ΤΟΜ.
1189 151 1219 190 1.
1618 149 1666 186 15

91 258 213 321 ὀρῶν
251 258 504 322 ἐποιήσατο
542 259 729 324 μνήμην
755 264 829 310 καὶ
868 261 1023 328 χώρας
1062 257 1430 324 εὐδενδροτάτης,
1458 257 1579 321 φημὶ
1613 255 1667 318 δή

90 341 172 400 τῆς
200 339 501 399 Βοισ-ανιτιὸος,
529 341 747 406 τετήρηκε
786 348 851 410 τῷ
891 341 1022 411 λόγῳ
1060 340 1193 408 μέχρι
1228 338 1402 390 παντὸς
1440 337 1525 401 τὴν
1552 360 1660 402 τρο-

88 420 196 482 πήν·
233 421 317 484 τὴν
343 423 567 487 πιοτοῖτην
594 428 668 474 καὶ
699 424 960 492 ἐξανθσῦσαν
985 424 1074 492 ἔφη
1105 422 1212 475 τοὺς
1243 421 1270 486 ἦ
1300 421 1491 489 πλούτῳ
1525 418 1667 486 τυχὸν
1685 447 1705 469 a
1733 438 1817 470 483
1836 437 1884 470 A.

89 503 494 569 διαφανεστέρους,
522 505 549 570 ἢ
575 512 673 559 ταῖς
699 512 792 556 τῶν
818 505 1053 569 σωμάτων
1081 509 1244 557 α’λκαῖς
1273 504 1607 569 ἐμπρέποντας,
1639 501 1666 566 ἦ

47 603 69 641 5
90 586 162 634 καὶ
190 587 295 635 καθ’
324 587 478 653 ἕτερόν
504 611 605 638 τινα
632 588 807 655 τρόπον
836 591 1064 654 ὑπεροχῆς
1092 592 1185 637 τῶν
1211 587 1376 636 ἄλλων
1402 583 1642 650 ἠρμένους.

163 667 603 732 Ἀνασκοπούμενος
638 669 686 721 δέ
723 694 790 724 τις
822 670 881 720 τὰ
915 669 1044 734 παρὰ
1073 674 1166 719 τῶν
1193 668 1430 719 Ἰουδαίων
1455 671 1514 719 εἷς
1541 670 1664 732 Χρι-

88 748 207 799 στὸν
233 751 528 815 τολμήματα,
557 757 630 803 καὶ
665 752 749 817 τὴν
781 755 1108 818 ἐπενεχθεῖσαν
1135 753 1287 804 αὐτοῖς
1318 750 1553 816 ἐρήμωσιν
1592 750 1666 798 καὶ

87 830 174 895 τὴν
199 834 399 897 ὁλοτελῆ
434 834 693 902 συντριβὴν
719 837 793 885 καὶ
821 835 1073 896 ἀπώλειαν,
1100 833 1214 896 μετά
1246 856 1299 899 γε
1332 833 1384 883 τὸ
1413 834 1667 893 ἀναβιῶναι

88 917 162 965 καὶ
202 918 412 967 ἀνελθεῖν
443 921 506 971 εἷς
540 916 620 967 τὸν
655 915 865 983 οὐρανὸν,
893 916 1162 980 ἐφαρμόσαι
1201 915 1257 965 ἂν
1295 914 1479 968 εἰκότως
1515 915 1667 966 αὐτοῖς

23 1021 70 1045 10
88 999 163 1048 καὶ
196 997 322 1049 τάδε.
366 1003 601 1054 Βοιπινῖτις
636 999 719 1062 μὲν
757 997 849 1064 γὰρ
893 1003 967 1048 καὶ
1007 998 1244 1065 Κάρμηλος
1286 999 1360 1047 καὶ
1404 997 1557 1059 με’ντοι
1592 998 1711 1046 mlh

88 1082 285 1139 Λίβανος
328 1086 477 1131 νοοῖτο
521 1079 579 1131 ἂν
620 1080 803 1133 εἰκότως
847 1081 873 1143 ἡ
916 1080 1133 1130 Ἰουδαία·
1180 1082 1254 1129 καὶ
1296 1082 1531 1132 Boeo-avb&
1571 1077 1667 1141 μὲν,

88 1163 256 1212 ε’πείτοι
287 1165 361 1212 καὶ
393 1162 665 1226 ὠνόμασται
711 1166 771 1228 γῆ
812 1163 987 1230 ῥέουσα
1026 1160 1136 1225 με’λι
1169 1165 1241 1211 καὶ
1269 1160 1410 1225 γάλα,
1438 1163 1498 1226 γῆ
1532 1161 1668 1210 σίτου

88 1247 163 1295 καὶ
197 1245 354 1296 ε”λαιόυ
386 1248 460 1296 καὶ
498 1245 802 1309 ἀμπελώνων·
847 1245 1085 1315 Κάρμηλος
1120 1243 1167 1295 δὲ
1199 1249 1273 1294 καὶ
1300 1246 1494 1302 Λιβανος
1523 1244 1668 1292 διάτοι

88 1326 142 1378 τὸ
178 1329 303 1396 ὑψοῦ
337 1351 386 1379 τε
419 1327 558 1394 ἦρθαι
592 1327 712 1379 κατὰ
747 1328 831 1391 τὴν
859 1328 1016 1396 δόξαν,
1044 1326 1263 1392 γενέσθαι
1291 1348 1339 1376 τε
1366 1327 1569 1393 διαφανῆ
1594 1327 1668 1374 καὶ

22 1430 69 1469 15
88 1411 353 1476 περίοπτον,
387 1413 462 1461 καὶ
501 1409 597 1461 οἷον
635 1410 977 1475 ἀκαταλήκτοις
1015 1413 1202 1474 δρυμοῖς
1242 1413 1337 1461 τοῖς
1373 1412 1670 1458 κατοικοῦσιν

88 1492 232 1557 αὐτὴν
258 1492 583 1559 ἐπιγάνυσθαι.
648 1494 758 1543 ἀλλ’
783 1492 1056 1558 ωλιγῶσθαί
1086 1497 1238 1558 φησιν
1271 1489 1427 1554 αὐτήν
1469 1489 1668 1540 δεδαπά-

88 1597 247 1639 νηνται
278 1573 371 1642 γὰρ
405 1580 463 1643 τῇ
488 1575 734 1638 Ῥωμαίων
759 1576 891 1642 χειρὶ,
917 1575 1166 1641 μονονουχὶ
1206 1572 1253 1624 δὲ
1289 1575 1362 1623 καὶ
1401 1575 1561 1625 δεινοῖς
1592 1574 1667 1622 καὶ

87 1657 425 1721 ἀλκιμωτάτοις
451 1656 781 1723 περιπεσόντες
813 1655 1070 1722 δρυτόμοις,
1099 1660 1263 1723 φυτοῖς
1290 1658 1337 1705 ἐν
1364 1654 1455 1724 'lo-qo
1481 1655 1667 1706 πεπτώ-

87 1762 216 1790 κασι.
280 1740 360 1790 καί
386 1763 430 1790 τι
462 1746 669 1791 τοιοῦτον
697 1741 721 1790 ὁ
755 1739 980 1805 μακάριος
1016 1737 1266 1807 προφήτης
1293 1738 1501 1790 Ἠσαίας
1533 1739 1705 1788 &wat-C

19 1843 68 1868 20
88 1821 298 1884 νίττεται,
331 1822 483 1888 λέγων
525 1825 585 1876 ὡς
629 1821 747 1888 πρός
789 1845 840 1888 γε
880 1821 965 1886 τὴν
999 1819 1316 1887 Ἰερουσαλήμ
1365 1819 1666 1888 (ίΔιάνοιξον
1727 1833 1884 1865 Zach-xi.

87 1910 113 1932 ‘⁶
141 1905 166 1954 ὁ
208 1905 415 1965 Λίβανος
465 1904 549 1958 τὰς
595 1905 738 1971 θύρας
788 1927 893 1966 σου,
945 1905 1018 1953 καὶ
1072 1902 1383 1970 καταφαγέτω
1438 1907 1534 1967 πῦρ
1584 1900 1666 1954 τὰς
1732 1886 1798 1914 1'2'

87 1992 114 2015 ‘⁶
140 1984 328 2052 κέδρους
373 2010 480 2037 σου.
547 1985 830 2055 ὀλολυξοῖτω
873 1987 1023 2048 πίτυς,
1069 1984 1185 2035 διότι
1230 1985 1444 2035 πέπτωκε
1488 1984 1664 2050 κέδρος,

87 2075 114 2097 “
141 2068 210 2119 ὅτι
235 2068 452 2133 μεγάλως
484 2068 762 2134 μεγιστάνες
785 2068 1193 2134 ἐταλαιπώρησαν.
1245 2066 1507 2134 ὀλολύξατε
1535 2065 1666 2131 δρύες

89 2158 115 2180 “
137 2154 220 2215 τῆς
247 2152 570 2213 Βασανίτιδος,
596 2150 665 2201 ὅτι
701 2149 1012 2214 κατεσπάσθη
1049 2151 1072 2198 ὁ
1110 2147 1280 2215 δρυμὸς
1316 2150 1340 2198 ὁ
1371 2148 1663 2215 σύμφυτος“”

20 2256 68 2294 25
88 2232 387 2300 σαφέστερον
414 2233 460 2284 δὲ
488 2235 560 2283 καὶ
588 2233 779 2298 ἑτερωθί
808 2256 899 2284 που
925 2232 1052 2300 φησί
1084 2238 1111 2260 “
1137 2233 1228 2282 Καὶ
1260 2230 1393 2281 ε”σται
1421 2231 1445 2280 ὁ
1472 2230 1665 2283 κοπετὸς
1727 2245 1777 2276 Ib-
1796 2245 1851 2276 xii-

1730 2297 1778 2319 II.

138 2412 167 2435 1.
194 2400 450 2444 εὐδενδροτάτης
470 2399 510 2432 Β.
530 2399 784 2442 ἐνδενδροτάτης
802 2398 880 2441 (sic)
901 2398 947 2432 D.
965 2398 1221 2441 εὐδενδρότητος
1237 2396 1297 2430 iid.
1442 2406 1472 2429 2.
1491 2396 1529 2429 τὸ
1547 2397 1664 2440 σχῆμα

87 2447 187 2492 μέχρι
203 2448 326 2482 παντὸς
344 2459 405 2490 pro
423 2446 522 2489 μέχρι
538 2461 574 2480 π.
593 2446 652 2488 τὴν
668 2445 795 2488 τροπὴν
814 2445 860 2479 D.
1011 2456 1044 2489 3.
1073 2444 1169 2478 Haec
1187 2444 1246 2486 τὴν
1262 2443 1423 2485 πιοτάτην
1439 2449 1664 2476 accesserunt

87 2507 129 2528 ex
149 2495 194 2528 D.
244 2494 451 2538 ἐξανθοῦσαν
472 2494 516 2527 D.
534 2493 754 2536 ἐξανθοῦντας
772 2491 863 2525 Edd.
1079 2504 1111 2533 4.
1140 2489 1360 2534 διαφέροντας
1378 2501 1440 2533 pro
1457 2489 1594 2533 διαφαν.
1616 2489 1661 2523 D.

87 2551 121 2583 5.
148 2539 307 2585 ἧρμὲνους
323 2552 393 2574 om.
411 2540 504 2574 Aub.
628 2539 660 2572 6.
687 2538 776 2582 παρὰ
793 2545 1013 2582 assumptum
1031 2549 1072 2571 ex
1092 2537 1186 2571 B.D.
1307 2537 1339 2570 8.
1364 2536 1423 2578 τὴν
1440 2542 1662 2580 assumptum

87 2600 128 2621 ex
149 2588 190 2622 B.
240 2586 435 2631 ἀναβιῶναι]
457 2591 493 2626 -1-
514 2587 614 2620 αὒτὸν
631 2585 722 2619 Edd.
959 2596 990 2628 9.
1018 2582 1229 2628 ἐφαρμόσαι]
1250 2583 1477 2626 ἐφαρμόσειεν
1494 2581 1554 2615 lid.
1604 2583 1662 2615 αὐ-

86 2637 157 2670 τοῖς
174 2635 306 2669 εἰκότως
323 2634 459 2667 inverso
477 2633 597 2667 ordine
616 2633 661 2666 D.
765 2642 815 2664 10.
833 2632 898 2675 γὰρ
918 2638 1139 2674 assumptum
1159 2643 1199 2663 ex
1221 2630 1312 2663 B.D.
1414 2640 1465 2662 11.
1484 2630 1593 2662 νοοῖτο
1615 2629 1659 2663 D.

87 2680 186 2715 νοοῖτ’
205 2680 297 2715 Edd.
576 2691 627 2713 12.
653 2678 777 2712 ἐπείτοι
796 2679 845 2710 καὶ
865 2690 934 2711 om.
955 2678 1000 2711 D.
1050 2679 1139 2722 γάλα
1156 2678 1208 2709 καὶ
1225 2675 1302 2719 μέλι
1320 2676 1457 2709 inverso
1474 2675 1595 2709 ordine
1614 2675 1661 2710 D.

90 2739 144 2770 14.
171 2726 333 2772 διαφανῆ]
353 2728 527 2770 καταφανῆ
548 2726 595 2760 D.
723 2734 775 2769 15.
801 2724 1047 2767 ἀκαταλήπτοις
1066 2724 1111 2757 D.
1251 2722 1301 2756 16.
1329 2723 1429 2765 αὐτὴν
1446 2723 1503 2756 alt.
1523 2734 1592 2756 om.
1614 2722 1659 2755 D.

89 2775 215 2809 Statim
234 2775 473 2816 δεδαπάνηνται
494 2773 534 2807 Β.
554 2773 775 2815 δεδαπάνηται
795 2771 841 2804 D.
862 2771 952 2805 Edd.
1112 2780 1164 2814 17.
1190 2770 1370 2813 μονονουχὶ
1389 2770 1423 2802 δέ
1441 2775 1662 2802 accesserunt

87 2833 129 2855 ex
149 2821 241 2855 B.D.
294 2820 419 2854 Statim
438 2821 491 2854 καὶ
508 2832 578 2854 om.
599 2820 644 2854 D.
829 2817 881 2850 18.
908 2815 1100 2861 δρυτόμοις]
1120 2817 1340 2858 δρυμοτόμοις
1358 2816 1449 2849 Edd.
1498 2830 1662 2859 περιπεπ-

86 2870 213 2901 τώκασι
230 2867 289 2902 iid.
307 2867 424 2901 invitis
443 2867 536 2900 B.D.
741 2876 792 2909 19.
821 2866 838 2897 ὁ
855 2865 1013 2906 μακάριος
1028 2863 1206 2907 προφήτης
1222 2862 1367 2897 “Ησαιάς
1386 2862 1477 2896 B.D.
1496 2862 1663 2907 Ζαχαρίας

87 2914 179 2949 Edd.
323 2925 378 2948 22.
404 2914 593 2956 ὁλολυζέτω
613 2913 658 2947 D.
812 2922 867 2955 23.
893 2911 1035 2954 μεγάλοι
1054 2909 1145 2944 Edd.
1290 2920 1344 2952 24.
1370 2909 1562 2953 κατεπάσθη
1582 2909 1661 2952 (sic)

87 2961 147 2994 iid.
338 2970 393 3005 25.
420 2961 472 2994 καὶ
490 2962 587 3005 prius
606 2964 826 3003 assumptum
845 2969 885 2991 ex
907 2957 999 2990 B.D.
