2007 3366
315 179 370 218 28
702 180 750 219 B.
795 177 1075 219 CYRILLI
1127 178 1507 219 ALEXANDR.
1782 177 1807 217 i.
1833 190 1892 227 14.

314 287 582 354 ρουσαλὴμ,
623 287 1024 355 προκαταδῃώσας
1070 286 1189 351 ὅλην
1235 286 1320 352 τὴν
1360 289 1590 339 Ἰουδαίαν
1632 288 1656 338 ὁ
1693 290 1888 346 Ναβου·

315 369 590 437 χοδονόσορ,
630 369 727 421 εἶτα
765 368 884 420 κατὰ
919 366 1088 434 κράτος
1120 368 1242 419 ἑλὼν
1278 370 1364 434 τὴν
1407 371 1546 435 ἁγίαν
1586 369 1741 431 πόλιν,
1778 392 1893 419 κατ-

316 452 564 517 εμπρήσας
596 452 643 503 δὲ
678 454 752 503 καὶ
787 452 868 502 τὸν
910 452 1160 515 διαβόητον
1196 453 1366 502 ἐκεῖνον
1401 453 1525 513 ναὸν,
1565 450 1776 522 ἀπῴκισε
1815 450 1898 501 τὸν

315 534 498 585 Ἰούδαν
529 537 603 586 καὶ
638 533 941 601 προστέθεικε
977 538 1072 587 τοῖς
1111 535 1160 584 ἐκ
1196 535 1458 599 Σαμαρείας
1483 534 1558 585 διὰ
1582 541 1664 585 τοῦ
1693 539 1898 600 Σεναχη-

94 627 178 662 491
198 626 249 662 A·
280 636 303 661 a
317 618 421 683 ρεὶμ
463 616 864 682 ἀπενηνεγμένοις.
933 614 1003 682 ἆρ’
1045 617 1125 667 οὖν
1169 616 1467 685 διαψεύδεται
1506 616 1590 681 τὴν
1637 616 1942 682 ὑπόσχεσιν5

95 1624 109 1665 ι1
134 1617 241 1648 Maec.

94 1670 114 1691 1.
135 1669 186 1699 30.

318 700 343 749 ὁ
383 704 475 749 τῶν
515 699 640 749 ὅλων
668 698 789 752 Θεὸς
828 697 901 748 διὰ
937 704 1019 749 τοῦ
1061 697 1321 766 Προφήτου
1360 702 1516 764 λέγων
1551 698 1668 766 πρὸς
1707 698 1812 752 τοὺς
1847 698 1903 766 ἐξ

317 781 512 844 αἵματος
535 779 737 847 Ἰσραήλ
765 785 834 831 Οὐ
862 784 1137 850 σπαρήσεται
1167 783 1215 832 ἐκ
1243 783 1313 832 τοῦ
1341 782 1541 849 ὀνόματός
1570 806 1646 832 σου
1672 781 1761 841 ἕτις
1803 778 1900 831 εἶτα

315 870 416 919 πῶς
440 866 522 915 οὐκ
549 864 737 928 ἀμαθὲς,
766 870 957 928 μᾶλλον
988 866 1035 917 δὲ
1071 868 1145 916 καὶ
1181 871 1242 921 εἷς
1283 868 1423 935 λῆξιν
1450 864 1505 916 ἂν
1532 867 1589 917 ’ίοι
1616 871 1699 917 τοῦ
1723 864 1900 919 παντὸς

315 948 404 1011 ἤδη
443 953 600 1010 κακοῦ,
636 948 690 998 τὸ
731 951 1010 1016 ψευδοεπεῖν
1049 949 1230 1000 οἴεσθαι
1275 949 1356 1000 τὸν
1403 949 1561 1009 Θεόνς
1613 946 1900 1014 ἁμαρτοεπὲς

318 1028 411 1095 γὰρ
450 1031 548 1080 οὕτι
587 1054 678 1082 που
714 1030 766 1081 τὸ
807 1035 941 1092 θεῖον,
987 1038 1175 1082 πολλοῦ
1213 1055 1266 1097 γε
1306 1033 1379 1082 καὶ
1420 1034 1502 1082 δεῖ·
1559 1031 1810 1095 ἀληθεύσει
1854 1029 1900 1080 δὲ

316 1115 477 1166 οὕτως.
542 1113 869 1177 μνημονεύσας
907 1113 1000 1179 γὰρ
1034 1113 1261 1181 πρότερον
1292 1117 1373 1177 τῆς
1407 1115 1622 1182 ἀφέσεως
1652 1116 1734 1176 τῆς
1761 1113 1897 1178 γεγέ-

317 1196 513 1260 νημένης
542 1195 662 1246 κατὰ
684 1195 883 1261 καιροὺς,
904 1197 1063 1262 Κύρου
1089 1203 1170 1247 τοῦ
1196 1202 1290 1248 τῶν
1314 1201 1518 1263 Περσῶν
1537 1196 1822 1265 ἀνῃρηκότος
1847 1194 1901 1246 τὸ

316 1276 500 1343 κροίτος,
528 1278 632 1329 τότε
669 1283 833 1347 φησιν,
862 1281 922 1333 ὡς
959 1280 1041 1330 οὐκ
1081 1277 1137 1329 ἂν
1175 1279 1351 1343 ἀλήτης
1391 1279 1570 1345 γε’νοιτο
1608 1277 1725 1343 μετὰ
1763 1284 1901 1329 τοῦτο

272 1367 298 1408 b
318 1360 383 1411 ε”τι
427 1363 502 1411 καὶ
537 1361 714 1429 ε”ξοικος
747 1363 771 1411 ὁ
797 1361 1014 1426 Ἰσραήλ.
1083 1362 1446 1425 ἀνακεκλημένοι
1474 1360 1565 1428 γὰρ
1592 1364 1653 1415 εἷς
1691 1361 1751 1412 τὰ
1790 1362 1897 1411 ἑαυ-

316 1446 411 1493 τῶν
462 1446 537 1494 καὶ
589 1443 1002 1509 ὑπονοστήσαντες
1051 1449 1112 1498 εἷς
1159 1443 1244 1508 τὴν
1287 1443 1528 1507 Ἰουδαίαν,
1573 1443 1902 1514 κατῳκήκασιν

317 1526 570 1593 ἀσφαλῶς.
637 1529 711 1576 καὶ
753 1528 1011 1591 κεκίνηνται
1049 1525 1130 1591 μὲν
1168 1526 1366 1590 πόλεμοι
1401 1528 1497 1577 κατ’
1537 1528 1689 1577 αὐτῶν
1725 1527 1813 1578 ὑπό
1852 1549 1903 1577 τε

317 1606 565 1675 Ἀντιόχου
599 1607 652 1658 τὸ
684 1610 879 1673 ἐπίκλην
905 1608 1209 1677 Ἐπιφανοῦς,
1240 1611 1313 1660 καὶ
1340 1609 1506 1675 ἑτέρων
1533 1607 1582 1659 δὲ
1608 1610 1704 1672 μετ’
1732 1609 1903 1660 ἐκεῖνόν

316 1709 467 1741 τινων·
518 1690 647 1755 πλὴν
692 1692 775 1742 οὐκ
818 1690 1067 1761 ἀπῴχοντο
1109 1691 1226 1758 πρὸς
1269 1693 1616 1759 αἰχμαλωσίαν·
1671 1693 1796 1755 ἀλλ’,
1841 1695 1902 1746 ὡς

318 1772 450 1841 ἔφην,
478 1773 777 1843 κατῳκήκασι
802 1773 887 1838 τὴν
913 1777 1196 1840 ἐνεγκοῦσαν
1222 1777 1471 1843 ἀσφαλῶς.

394 1856 535 1906 Οὕτω
570 1856 656 1920 μὲν
688 1857 769 1907 οὖν
802 1858 875 1908 ἐπὶ
909 1863 992 1908 τοῦ
1031 1858 1149 1907 κατὰ
1187 1855 1345 1923 σάρκα
1382 1856 1584 1923 Ἰσραὴλ
1623 1856 1806 1921 νοηθείη
1845 1853 1902 1906 ἂν

319 1937 372 1988 τό
411 1942 480 1989 Οὐ
520 1941 798 2008 σπαρήσεται
839 1941 888 1990 ἐκ
927 1941 999 1990 τοῦ
1043 1938 1251 2006 ὀνόματός
1290 1963 1367 1990 σου
1407 1938 1482 1989 ἔτι·
1540 1939 1791 1989 ἀκούσεται
1830 1937 1898 2001 δὲ,

319 2022 395 2071 καὶ
432 2019 564 2083 μάλα
603 2020 808 2083 εἰκότως,
840 2022 864 2071 ὁ
897 2019 1060 2085 νοητὸς
1085 2019 1300 2087 Ἰσραὴλ,
1326 2021 1581 2084 τουτέστιν,
1608 2024 1649 2072 οἱ
1689 2026 1783 2075 τοῖς
1821 2024 1902 2085 τῆς

319 2104 521 2157 διανοίας
556 2104 767 2167 ὄμμασιν
799 2105 996 2170 ὁρῶντες
1023 2102 1147 2154 Θεὸν
1180 2105 1253 2154 καὶ
1284 2102 1369 2167 τὴν
1397 2103 1543 2172 δόξαν
1574 2109 1656 2154 τοῦ
1686 2108 1902 2170 Μονογε-

319 2191 424 2239 νοῦς
457 2185 826 2250 κατατεθηπότες
853 2190 921 2237 Οὐ
954 2190 1232 2254 σπαρήσεται
1267 2187 1316 2237 ἐκ
1356 2188 1427 2237 τοῦ
1466 2188 1674 2253 ὀνόματός
1710 2210 1785 2236 σου
1822 2186 1895 2237 ἔτι.

318 2266 545 2332 γεγόνασι
589 2268 674 2332 μὲν
715 2267 808 2334 γὰρ
849 2266 941 2334 πρὸ
986 2270 1068 2331 τῆς
1116 2269 1321 2321 πίστεως
1366 2267 1455 2319 ὑπὸ
1498 2273 1654 2335 χεῖρας
1705 2269 1899 2335 ἐχθρῶν,

320 2349 652 2420 ὑποζεύξαντες
686 2350 767 2401 τὸν
798 2353 880 2414 τῆς
912 2352 1111 2403 διανοίας
1153 2350 1324 2418 αὐχένα
1362 2352 1428 2420 τῷ
1465 2354 1652 2420 σατανᾷ
1689 2352 1763 2401 καὶ
1802 2356 1900 2404 ταῖς

318 2431 410 2483 σὺν
435 2434 559 2502 αὐτῷ
599 2432 823 2496 δυνάμεσι
862 2437 1101 2498 πονηραῖς,
1127 2435 1201 2483 καὶ
1232 2438 1327 2487 τοῖς
1358 2438 1512 2486 κακοῖς
1546 2436 1628 2496 τῆς
1653 2437 1894 2501 φιλοσαρ-

369 2578 398 2600 ῐ.
423 2566 726 2613 προκαταδῃώσας]
746 2582 872 2611 προσκ.
894 2567 934 2601 Β.
954 2567 1070 2601 invitis
1091 2567 1136 2601 D.
1157 2567 1249 2602 Edd.
1544 2577 1574 2601 2.
1601 2566 1900 2612 τὴνἽερουσαλὴμ

318 2613 415 2658 ἁγίαν
431 2616 532 2648 πόλιν
550 2615 630 2657 (Sic)
650 2615 697 2648 D.
842 2626 876 2660 3.
901 2613 1052 2661 ἀπῴκισε
1072 2615 1117 2649 D.
1138 2614 1228 2648 Edd.
1247 2615 1405 2649 ἀπώλεσε
1426 2614 1467 2648 Β.
1519 2614 1645 2648 Statim
1662 2614 1721 2658 τὴν
1737 2614 1901 2648 Ἰουδαίαν

319 2672 381 2705 pro
399 2662 456 2694 τὸν
472 2661 602 2695 Ἰούδαν
622 2661 666 2695 D.
975 2661 1008 2696 6.
1033 2663 1118 2707 πρὸς
1134 2661 1227 2707 τοὺς]
1248 2664 1316 2698 τοῖς
1335 2660 1425 2696 Edd.
1741 2662 1774 2695 8.
1800 2660 1832 2704 ’ίῃ
1852 2661 1899 2696 D.

323 2717 376 2740 10.
401 2709 534 2742 πολλοῦ
551 2723 589 2753 γε
607 2709 659 2742 καὶ
677 2708 729 2742 δεῖ
745 2708 840 2742 deest
857 2709 893 2742 in
914 2708 959 2742 D.
1257 2719 1309 2743 12.
1336 2706 1434 2752 κατὰ]
1456 2711 1492 2747 -f-
1514 2707 1591 2742 τοὺς
1611 2707 1651 2741 Β.
1721 2708 1816 2742 Haec
1834 2712 1901 2742 τῶν

319 2757 465 2797 Περσῶν
483 2753 610 2789 desunt
626 2755 661 2789 in
681 2755 773 2789 Edd.
792 2759 857 2789 τῶν
875 2767 945 2789 om.
968 2755 1011 2789 D.
1162 2767 1214 2800 13.
1240 2753 1381 2799 ἀλήτης]
1402 2754 1490 2797 ῐίλλη
1508 2768 1558 2789 τις
1574 2754 1790 2798 αι’χμαλωσία
1806 2754 1900 2790 Edd.

323 2811 376 2841 14.
403 2800 531 2842 ἕξοικος
548 2803 565 2833 ὁ
587 2802 630 2835 D.
650 2802 686 2845 ἐξ
705 2801 797 2836 οἵκου
815 2802 874 2837 iid.
924 2803 965 2836 τὰ
986 2803 1031 2835 D.
1050 2802 1110 2844 τὴν
1127 2802 1186 2837 iid.
1289 2812 1340 2846 17.
1367 2802 1405 2834 τὸ
1426 2801 1467 2835 Β.
1486 2803 1545 2835 τοῦ
1564 2801 1610 2835 D.
1630 2800 1721 2835 Edd.
1773 2801 1899 2836 Statim

319 2847 460 2889 ἐπίκλην
476 2858 544 2880 om.
566 2848 610 2881 D.
660 2848 730 2892 μετ’
749 2849 881 2883 ἐκείνων
896 2851 1037 2883 πολλῶν
1055 2861 1116 2893 pro
1132 2848 1201 2894 μετ’
1217 2849 1342 2883 ἐκεῖνόν
1358 2862 1455 2882 τινων
1474 2847 1520 2881 Ι).
1714 2848 1766 2882 18.
1793 2862 1899 2893 κατῳ-

320 2892 460 2936 κήκασιν
477 2894 520 2929 ὡς
537 2894 624 2939 ἕφην
641 2896 779 2930 inverso
797 2895 918 2930 ordine
939 2896 985 2930 D.
1210 2907 1264 2930 20.
1290 2894 1489 2938 νοηθὴσεται
1505 2893 1545 2928 ἂν
1563 2906 1625 2939 pro
1644 2894 1774 2938 νοηθείη
1791 2893 1832 2928 ἂν
1851 2895 1898 2929 D.

322 2951 376 2974 22.
402 2942 472 2976 τοῖς
489 2939 583 2974 deest
600 2941 635 2975 in
655 2941 746 2977 Edd.
938 2953 993 2985 24.
1020 2943 1058 2977 οὐ
1076 2942 1386 2987 σπαρήσεται-ἔτι
1403 2953 1473 2975 om.
1494 2941 1540 2974 D.
1747 2952 1802 2987 27.
1829 2944 1899 2977 τοῖς

319 2988 432 3022 κακοῖς
448 2985 522 3032 τῆς]
542 2988 600 3030 τῆς
617 2989 775 3033 κακίστης
795 2989 886 3024 Edd.
904 2991 1015 3025 κακοῖς
1033 2994 1112 3035 post
1130 2988 1334 3032 ἐνδεδεμένοι
1353 2995 1483 3032 transp.
1505 2988 1550 3021 D.

1925 1052 1972 1077 10

1923 1875 1973 1899 20

1922 2289 1972 2328 25
