2001 3361
310 177 385 212 736

363 297 439 332 614
458 307 477 329 c
491 293 535 337 d3
559 294 634 328 615
649 303 689 335 c;
712 291 915 326 daemonas
936 289 1069 337 dejecit

363 362 439 396 615
462 359 504 403 d3
533 369 599 404 per
621 355 795 391 Exodum
816 355 861 390 ab
881 354 1068 402 Aegypto,

361 424 517 470 ideoque
552 433 618 468 per
657 419 930 468 Scenopegiam
966 431 1068 467 prae-

362 491 570 523 monstrata
618 487 695 521 810
746 497 785 530 c;
843 490 983 525 nostra,
1032 484 1069 518 in

361 551 513 587 Christo
553 555 609 586 est
646 552 723 586 810
764 549 808 594 d;
857 561 923 596 per
957 548 1067 584 fidem

355 616 645 664 justificatorum
667 614 736 650 erit
758 616 831 650 811
857 626 890 649 a.

308 682 559 721 Retractores‚
600 692 622 715 a
659 679 732 715 fide
772 678 926 719 Christi,
962 678 1068 713 invisi

360 746 445 782 Deo
468 748 544 782 534
565 744 600 780 b.

306 810 534 853 Retribuffio,
555 808 705 850 Divina,
734 821 801 856 par
830 808 909 856 pari
938 820 1067 855 pecca-

359 876 504 912 toribus
525 878 743 921 compensat
766 874 842 909 360
865 885 893 908 c.

306 940 512 980 Revelatio,
528 951 600 986 quo
622 938 734 974 modo
758 937 952 985 Prophetis
972 936 1069 972 facta

359 1005 473 1041 fuerit
495 1006 542 1040 10
565 1016 596 1039 e.
655 1000 768 1053 [Vide
790 998 1030 1051 Prophetae]

306 1071 387 1106 Rex
436 1068 596 1109 Israelis,
637 1068 797 1115 primum
846 1066 924 1114 ipse
967 1067 1068 1102 Deus

358 1135 441 1177 fuit,
459 1133 648 1183 judicibus
670 1133 749 1168 Deo
772 1131 1069 1167 ministrantibus

361 1203 434 1237 431
474 1200 519 1244 b;
561 1197 695 1234 deinde
735 1196 836 1241 Saul,
873 1209 894 1232 a
931 1195 1069 1243 populo

359 1266 500 1302 electus
523 1267 596 1300 431
623 1276 653 1299 e.

307 1331 497 1371 Rhaason‚
518 1329 601 1364 vide
624 1327 751 1363 Rasin.

307 1396 531 1434 Rhemman,
553 1393 681 1434 Mons,
706 1392 915 1433 Armeniae,
935 1391 1066 1426 lsrael-

360 1461 422 1495 itis
442 1458 543 1494 exilii
564 1457 671 1493 sedes
694 1458 769 1493 288
792 1469 821 1491 e.

307 1525 461 1565 Rhesin‚
482 1523 565 1559 vide
586 1522 713 1558 Rasin.

307 1589 553 1636 Rhomphaea
614 1586 851 1626 Sanctorum,

361 1653 513 1689 Domini
544 1654 619 1688 439
641 1664 681 1695 e;
717 1650 895 1698 Assyrios
924 1651 1069 1685 victura

360 1718 585 1767 praedicitur
613 1720 689 1753 440
712 1716 761 1766 b3
787 1715 892 1762 jussa
912 1727 1065 1750 consur-

362 1797 450 1831 gere
498 1788 630 1818 contra
680 1782 826 1817 Bonum
875 1781 1067 1816 Pastorem

362 1851 433 1885 79]
469 1861 510 1889 ἱὶ;

360 1913 474 1949 sionis
494 1911 697 1960 praedictio
720 1912 794 1947 792
818 1911 889 1946 ab.

913 1585 1068 1620 verbum

559 1847 690 1882 Crucis
725 1845 865 1881 Christi
904 1852 940 1881 et
981 1845 1064 1881 Pas-

307 1979 419 2014 Risus
441 1978 646 2013 vicinarum
669 1976 839 2023 gentium
860 1975 965 2022 quasi
986 1975 1064 2022 pul-

360 2044 414 2079 vis
435 2054 607 2090 aspersus
630 2044 701 2077 401
727 2053 759 2077 a.

307 2109 490 2149 Roboam,
531 2105 750 2142 crudelitate

360 2173 463 2210 dedit
529 2170 742 2207 rebellionis
810 2169 1066 2205 Hieroboamo

364 2239 437 2274 148
460 2237 504 2282 d;
540 2237 585 2272 ab
614 2235 815 2283 Aegyptiis
844 2234 976 2275 victus,
1000 2233 1065 2268 tri-

359 2303 492 2338 butum
523 2301 586 2336 dat
617 2302 694 2336 200
715 2300 759 2343 b;
796 2305 914 2335 semet
942 2298 1064 2334 humi-

360 2367 467 2407 lians,
490 2365 612 2401 Deum
634 2365 807 2401 conciliat
829 2367 906 2400 410
927 2364 961 2399 b.

799 2117 867 2140 sua
917 2116 1066 2139 GaUSam

307 2433 535 2471 Robustum,
571 2430 617 2466 de
652 2442 778 2465 amore
813 2429 881 2464 Dei
921 2427 1066 2464 infinito

361 2496 501 2531 dictum
525 2498 600 2531 557
622 2495 659 2530 b.

307 2561 479 2601 Romani,
517 2565 693 2607 quantam
727 2557 885 2594 ‚Iudaeis
919 2557 1063 2592 desola-

360 2626 499 2661 tionem
537 2623 730 2660 intulerint
763 2625 812 2659 24
841 2635 881 2667 e;
916 2623 991 2658 208
1019 2621 1064 2666 b;

363 2692 437 2725 337
461 2702 500 2733 e;
525 2691 599 2725 342
621 2701 661 2733 cg
686 2690 761 2724 783
784 2699 824 2732 e;
852 2699 921 2722 nec
941 2692 1065 2722 tamen

361 2766 425 2789 eos
444 2754 638 2789 universos
658 2753 946 2800 absumpserunt
967 2753 1016 2787 26
1031 2763 1064 2795 cg

361 2818 618 2853 Romanorum
649 2823 816 2865 potestas
846 2816 1066 2851 universalis

360 2881 534 2918 laudatur
573 2884 649 2918 428
685 2894 729 2927 a;
773 2881 844 2917 toti
882 2886 1066 2916 terrarum

362 2946 441 2981 orbi
462 2958 591 2994 pacem
613 2947 751 2982 dabant
772 2948 817 2981 51
844 2958 886 2987 ἃς
916 2947 992 2982 428
1015 2945 1037 2980 b
1058 2957 1064 2985 ;

842 170 1053 205 INDEX
1113 169 1362 207 RERUM.

1614 181 1898 206 RESURRECTIO.

1192 288 1360 326 Judaeae
1394 290 1553 325 victores
1588 289 1708 324 ultimi
1742 291 1815 325 201
1850 301 1895 334 a3

1191 354 1343 390 locustis
1364 353 1567 402 comparati
1584 355 1661 390 215
1676 366 1709 398 e;
1730 353 1897 389 Judaeos

1192 419 1362 460 latentes,
1395 419 1483 454 urbe
1517 424 1636 466 capta,
1667 418 1713 454 ad
1744 417 1897 453 caedem

1192 484 1436 531 exquirebant
1467 486 1543 520 589
1565 496 1586 519 a
1603 496 1612 529 3
1642 483 1766 519 colore
1796 482 1898 518 vario

1191 548 1377 596 designati
1412 551 1484 584 701
1519 560 1565 593 e3
1610 548 1710 596 quali
1745 547 1897 595 ingenio

1190 613 1328 649 fuerint
1359 616 1434 650 702
1467 626 1507 658 a;
1545 618 1683 660 quanta
1712 612 1832 660 gloria
1861 618 1898 648 et

1191 678 1328 726 pietate
1351 681 1425 715 703
1449 678 1492 723 d;
1524 677 1603 713 aliis
1628 677 1795 725 benigni,
1817 676 1898 712 aliis

1193 742 1443 790 implacabiles
1474 745 1545 779 731
1570 742 1614 787 b3
1647 754 1739 789 quae
1765 741 1895 777 Hiero-

1192 808 1356 856 solymae
1385 813 1514 855 captae
1541 806 1743 842 inflixerint
1763 805 1897 841 saevis-

1192 872 1285 908 sima
1315 874 1390 909 795
1419 872 1501 913 de;
1542 884 1644 907 arma
1672 869 1899 918 projicienti—

1191 938 1272 980 bus,
1308 943 1345 972 et
1384 949 1465 972 sese
1499 936 1733 972 tradentibus
1771 947 1897 983 parce-

1191 1002 1282 1038 bant
1303 1004 1379 1038 796
1400 1001 1436 1037 b.

1138 1067 1227 1108 Ros,
1272 1067 1488 1107 matutinus,
1536 1066 1660 1101 Judae
1708 1064 1899 1100 montibus

1191 1132 1328 1180 ubique
1367 1131 1709 1167 abundantissimus
1744 1132 1819 1166 214
1856 1141 1896 1173 e;

1191 1197 1354 1232 hostium
1369 1196 1642 1232 imminentium
1656 1197 1851 1243 typus215
1861 1206 1896 1238 a;

1191 1262 1391 1297 Ministerii
1422 1261 1552 1301 sancti,
1577 1266 1614 1296 et
1638 1258 1756 1296 Verbi
1785 1258 1898 1294 divini

1191 1326 1314 1375 figura
1353 1329 1426 1362 441
1465 1339 1486 1361 a
1515 1325 1559 1371 b3
1608 1337 1676 1372 pro
1715 1323 1898 1372 spirituali

1190 1391 1446 1427 consolatione
1474 1390 1626 1430 dictum,
1653 1389 1696 1424 iis
1723 1394 1895 1436 negatur,

1191 1456 1252 1503 qui
1273 1456 1452 1503 templum
1474 1456 1651 1491 deserunt
1678 1456 1754 1490 635
1776 1453 1798 1489 b
1815 1453 1838 1488 d
1854 1466 1894 1497 e;

1192 1523 1263 1556 721
1290 1521 1322 1556 d.

1138 1585 1283 1626 Ruben,
1305 1585 1437 1620 incesti
1458 1585 1651 1620 convictus
1674 1585 1748 1620 268
1770 1595 1800 1618 c.

1139 1650 1303 1697 Rubigo,
1326 1649 1411 1685 belli
1437 1649 1685 1685 desolationes
1710 1648 1896 1695 significat

1193 1716 1242 1750 85
1265 1727 1304 1759 e;
1337 1716 1384 1750 87
1407 1727 1449 1759 a;
1489 1714 1562 1749 urit
1590 1726 1701 1760 agros
1727 1718 1762 1748 et
1791 1712 1895 1759 quasi

1193 1780 1228 1815 in
1249 1779 1408 1815 cinerem
1432 1779 1541 1814 vertit
1562 1780 1638 1814 206
1660 1790 1691 1814 e.

1139 1845 1307 1881 Rubrum
1361 1856 1472 1884 mare,
1523 1843 1610 1890 quid
1657 1841 1894 1889 spiritualiter

1191 1909 1376 1957 significet
1398 1911 1472 1944 753
1495 1920 1535 1953 e3
1570 1910 1645 1943 754
1667 1919 1700 1943 a.

1137 1974 1271 2016 Rufus,
1302 1973 1405 2009 color
1434 1973 1673 2020 sanguineus,
1704 1972 1794 2006 iram
1826 1971 1895 2006 Dei

1191 2039 1375 2087 significat
1423 2040 1499 2074 659
1540 2050 1580 2081 a3

1189 2103 1362 2151 exprimit
1386 2105 1457 2139 701
1484 2114 1516 2139 c.

1138 2169 1301 2217 Rugitus
1357 2168 1520 2209 leonum,
1571 2166 1657 2214 quid

1192 2236 1267 2270 757
1290 2233 1326 2268 b.

1137 2298 1271 2338 Ruina,
1303 2298 1575 2345 jumentorum,
1612 2294 1699 2342 quid
1733 2296 1781 2330 sit
1817 2297 1893 2331 808

1191 2362 1214 2398 d
1234 2375 1265 2398 e.

1137 2428 1318 2475 Ruptum,
1340 2438 1361 2461 a
1380 2425 1543 2461 fractura
1562 2424 1738 2459 distincta
1759 2425 1835 2460 320
1852 2435 1884 2459 e.

1138 2491 1292 2532 Rustici,
1324 2490 1415 2531 aliis,
1447 2502 1521 2525 non
1553 2488 1636 2530 sibi,
1666 2488 1888 2530 laborantes,

1192 2555 1339 2592 Israelis
1358 2560 1471 2602 typus
1491 2555 1567 2590 634
1590 2566 1618 2589 a.

1637 2036 1895 2085 sanguinarios

1710 2165 1895 2214 significet

1500 2724 1526 2761 S

1137 2814 1337 2855 SABBATA‚
1362 2812 1591 2849 ,Iudaeorum
1619 2816 1641 2828 “
1658 2809 1779 2845 falsa''
1805 2810 1893 2858 quid

1189 2878 1302 2914 velint
1326 2880 1401 2913 314
1424 2889 1464 2922 e3
1495 2887 1562 2923 pro
1582 2880 1672 2922 typo
1693 2880 1798 2910 erant
1818 2875 1891 2922 spi-

1190 2943 1332 2979 ritualis
1361 2941 1425 2977 otii
1457 2942 1532 2976 315
1554 2951 1598 2983 a;
1633 2944 1723 2975 tunc
1752 2939 1891 2987 optime
