2001 3361
231 174 306 209 692

285 305 425 341 poenas
455 293 517 329 dat
548 294 622 330 135
645 293 688 339 d;
724 295 797 330 136
820 305 860 339 c;
900 293 990 329 item

284 363 454 406 tempore
472 357 648 394 Amasiae
674 363 710 393 et
730 356 837 399 Joae,
857 369 989 405 regum

289 423 362 458 136
393 422 437 466 d;
483 421 528 457 ab
558 422 736 470 Aegypto
770 428 807 458 et
841 422 990 458 deserto

283 485 510 533 redemptus
532 486 578 522 ad
605 486 696 522 Baal
722 492 848 523 tamen
875 487 987 523 decli-

282 549 385 585 navit
409 551 483 586 136
505 563 546 596 e;
581 551 711 586 avibus
738 558 988 599 comparatus,

285 614 361 649 sive
388 615 664 663 effugientibus,
689 616 765 652 sive
795 616 990 665 migranti-

283 679 352 715 bus
386 682 460 716 137
482 692 522 725 c;
562 679 793 728 gloriabatur
821 681 988 717 multitu-

285 743 371 780 dine
420 744 547 791 populi
599 747 672 781 137
719 746 766 790 d;

284 821 442 844 numero
459 809 690 856 superbiens,
707 810 867 846 orbitate
883 811 988 858 puni-

829 746 989 781 filiorum

286 880 346 909 tus
375 876 447 910 138
471 874 514 919 b;
555 874 633 922 ipse
663 874 717 910 sui
748 875 850 911 exitii
882 888 992 911 causa

289 941 362 975 139
379 939 424 984 b;
457 939 652 975 sterilitate
669 940 864 975 mulierum
885 940 990 988 puni-

285 1010 344 1040 tus
370 1006 442 1040 139
464 1016 506 1049 e;
539 1005 635 1040 sicut
662 1004 805 1040 aridum
832 1004 991 1053 lignum,

286 1068 560 1104 exscindendus
581 1071 650 1105 141
669 1081 710 1114 e;
742 1070 872 1106 vineae
891 1070 992 1106 fron-

286 1133 398 1169 dosae
412 1140 648 1181 comparatus
667 1136 740 1170 142
757 1147 790 1180 θ;
817 1135 993 1183 gentibus

286 1198 526 1234 admirandus
546 1198 667 1234 fuerat
686 1201 758 1236 143
774 1212 795 1234 a
808 1199 854 1241 b;
885 1200 994 1235 idolis

288 1263 452 1298 confisus
501 1263 678 1311 deceptus
727 1270 783 1300 est
834 1267 907 1301 144
946 1264 992 1309 b;

287 1327 404 1363 vitulo
437 1341 550 1364 aureo
580 1328 798 1376 Babyloniis
828 1329 929 1370 dato,
958 1335 994 1364 et

286 1392 453 1439 lugebat,
485 1399 522 1428 et
553 1392 714 1429 laetatus
749 1400 805 1429 est
839 1396 912 1429 145
944 1393 992 1435 d;

292 1458 366 1493 146
394 1469 435 1502 a;
479 1457 654 1493 credebat
684 1470 722 1493 se
752 1458 916 1505 periisse,
947 1459 994 1494 ob

288 1521 503 1568 neglectum
534 1522 719 1559 idolorum
747 1523 888 1560 cultum
920 1526 993 1559 149

289 1586 311 1621 b
332 1587 376 1631 d;
417 1586 561 1622 duobus
591 1587 712 1623 causis
742 1587 863 1635 periit,
895 1588 994 1636 quod

289 1650 411 1686 Deum
459 1651 677 1691 deseruerit,
725 1658 762 1688 et
808 1652 877 1688 sibi
925 1653 994 1700 ipsi

287 1721 423 1763 puteos
466 1716 636 1752 effoderit
678 1719 752 1753 150
787 1730 827 1762 a;
875 1717 994 1766 magis

289 1793 400 1828 quam
437 1779 557 1817 Judas
597 1781 793 1817 idololatra
836 1785 910 1819 150
949 1782 993 1827 d3

289 1844 397 1881 citius
413 1858 433 1880 a
449 1844 531 1881 Deo
552 1846 704 1893 punitur
721 1849 795 1882 150
810 1859 849 1891 e;
881 1847 995 1894 impio

290 1910 448 1951 silentio,
465 1911 644 1958 impietati
661 1911 809 1947 favebat
830 1914 902 1948 153
918 1924 937 1947 c
951 1912 993 1957 d;

290 1975 458 2010 curribus
472 1975 610 2010 frustra
623 1976 785 2011 confisus
802 1982 858 2011 est
876 1978 994 2021 153e;

294 2041 368 2075 154
399 2051 440 2080 a;
486 2052 507 2074 a
537 2039 755 2077 Madianitis
785 2053 995 2088 oppressus,

289 2116 356 2151 per
391 2103 600 2140 Gideonem
633 2104 812 2140 liberatur
845 2107 919 2142 154
949 2105 994 2150 d;

295 2171 368 2205 155
408 2181 455 2214 a3
518 2181 636 2211 mane,
685 2169 709 2205 i.
732 2182 764 2206 e.
814 2169 994 2211 celeriter,

292 2234 432 2281 ejectus
452 2239 510 2269 est
529 2235 602 2270 156
619 2246 661 2274 a;
693 2234 862 2270 universe
878 2247 899 2270 a
914 2234 996 2270 Deo

294 2298 446 2338 clectus,
476 2299 648 2334 universe
677 2312 698 2334 a
727 2298 810 2334 Deo
845 2298 997 2334 deflexit

297 2366 369 2399 157
405 2363 491 2404 ad;
548 2376 568 2398 a
611 2363 694 2399 Deo
739 2363 835 2399 sicut
874 2363 996 2398 infans

291 2427 455 2464 nutritus
476 2430 548 2465 158
564 2440 603 2472 e;
630 2430 703 2464 159
718 2440 760 2473 a;
790 2440 864 2463 non
882 2428 998 2463 sensit

292 2498 460 2528 servatus
481 2493 570 2540 ipse,
588 2493 667 2528 aliis
687 2492 840 2540 perditis
865 2495 939 2529 159
955 2493 995 2533 b;

293 2556 430 2604 ingrati
467 2556 580 2592 animi
617 2557 809 2592 convictus
848 2560 921 2593 159
954 2569 995 2599 c;

293 2621 421 2668 alapis,
439 2634 506 2657 ceu
526 2634 618 2668 puer
637 2621 840 2669 castigatus
861 2624 934 2658 159
953 2622 995 2665 d;

295 2686 337 2720 fit
375 2698 515 2727 servus,
551 2686 636 2733 quia
674 2686 841 2722 converti
879 2686 998 2722 noluit

299 2752 371 2786 160
393 2750 436 2795 d;
468 2750 689 2798 supplicium
716 2751 861 2795 meruit,
891 2751 998 2786 mise-

295 2815 490 2850 ricordiam
529 2820 704 2862 expertus
743 2821 800 2851 est
842 2817 915 2851 163
950 2815 995 2859 b;

296 2878 402 2913 idolis
458 2879 589 2919 fidens,
640 2879 776 2926 impius
828 2879 998 2926 arguitur

300 2944 373 2978 164
405 2943 447 2987 h:
489 2943 664 2991 pietatem
700 2949 811 2980 vovet
849 2946 923 2980 164
954 2956 994 2981 θ;
1036 2987 1038 2989 .

761 173 978 209 INDEX
1036 175 1287 211 RERUM.

1661 188 1814 212 ISRAEL.

1114 308 1136 331 a
1165 294 1248 331 Deo
1280 294 1427 338 defecit,
1462 307 1590 343 regem
1625 295 1818 342 postulans

1119 361 1193 396 176
1215 372 1234 395 θ
1247 372 1256 404 ;
1290 359 1373 395 Deo
1399 365 1595 408 regnante,
1616 365 1720 396 tutus
1740 365 1820 395 erat

1117 428 1190 461 177
1207 425 1250 469 b;
1282 424 1329 460 ad
1347 425 1627 472 proportionem
1648 423 1820 471 blasphe-

1114 490 1209 525 miae
1256 489 1356 537 regis
1405 489 1636 524 Hieroboam
1680 500 1819 536 poenas

1114 554 1226 589 dabat
1259 554 1332 589 178
1364 565 1406 595 e3
1449 565 1541 601 quae
1576 553 1706 588 Moses
1737 551 1820 588 Deo

1115 617 1230 654 Sacra
1251 618 1474 658 instituerat,
1492 618 1599 654 idolis
1620 616 1820 653 transfere-

1114 684 1177 719 bat
1198 685 1271 719 179
1289 683 1332 728 b;
1364 682 1433 718 sibi
1454 682 1647 730 proposuit
1667 694 1821 730 peccare

1119 751 1192 784 179
1224 748 1306 792 cd;
1355 753 1393 783 et
1430 747 1597 782 initiatus
1636 746 1822 794 mysteriis

1117 812 1358 860 Baalphegor
1384 812 1429 847 ad
1462 811 1579 847 Setim
1609 813 1683 848 179
1705 823 1745 856 e;
1785 818 1823 846 et

1116 877 1272 913 vitulum
1302 877 1442 912 faciens
1476 878 1549 912 180
1580 889 1621 921 a;
1661 882 1698 912 et
1727 875 1823 911 filios

1116 955 1204 978 suos
1219 941 1461 977 daemonibus
1478 940 1676 976 immolans
1694 942 1767 976 180
1782 952 1821 985 ος

1117 1013 1341 1047 creaturam,
1362 1018 1438 1041 non
1460 1006 1693 1048 Creatorem,
1715 1004 1824 1040 ador-

1117 1085 1196 1112 ans,
1218 1071 1504 1119 reprehenditur
1528 1072 1599 1106 181
1625 1083 1644 1105 c
1661 1069 1706 1115 d3
1742 1082 1822 1104 om-

1118 1137 1219 1172 nium
1265 1134 1542 1184 ingratissimus
1585 1136 1658 1171 182
1698 1135 1745 1179 b;
1803 1147 1825 1170 a

1120 1202 1224 1249 Rege
1248 1200 1479 1236 Hieroboam
1502 1200 1678 1236 seductus
1699 1202 1772 1236 182
1788 1212 1823 1245 c;

1119 1272 1156 1302 et
1194 1265 1317 1301 Exodi
1358 1265 1496 1300 oblitus
1535 1270 1604 1306 est,
1644 1270 1682 1300 et
1719 1264 1825 1312 panis

1120 1330 1364 1379 Angelorum,
1374 1331 1410 1365 in
1424 1330 1573 1365 deserto
1587 1330 1662 1365 dati
1675 1331 1747 1365 182
1758 1329 1823 1374 de;

1119 1403 1155 1432 et
1194 1403 1315 1432 terrae
1358 1394 1564 1442 promissae
1608 1393 1825 1430 deliciarum

1123 1463 1195 1497 183
1226 1460 1271 1505 b;
1310 1459 1402 1495 luxu
1437 1465 1636 1506 corruptus
1673 1460 1747 1495 183
1778 1458 1823 1503 d;

1118 1531 1271 1573 propter
1290 1525 1475 1560 feritatem
1503 1536 1620 1564 suam,
1641 1535 1708 1570 per
1726 1523 1824 1558 feras

1118 1590 1323 1637 castigatus
1343 1591 1415 1625 184
1430 1600 1471 1629 c;
1504 1588 1617 1623 etiam
1637 1587 1674 1622 in
1696 1587 1824 1635 Capti·

1118 1655 1234 1690 vitate
1264 1666 1461 1702 perversus
1501 1655 1573 1689 185
1605 1665 1649 1694 a;
1695 1664 1824 1700 regem

1118 1719 1323 1755 humanum
1352 1718 1433 1753 Deo
1463 1717 1658 1765 anteponit
1682 1719 1755 1753 185
1776 1717 1822 1762 b;

1119 1796 1257 1832 magno
1288 1795 1373 1819 cum
1404 1783 1542 1818 damno
1572 1795 1639 1817 suo
1673 1784 1746 1818 185
1777 1794 1823 1827 e3

1119 1848 1295 1896 Aegypto
1342 1847 1436 1888 fidit,
1481 1847 1619 1882 frustra
1664 1848 1738 1883 186
1778 1859 1823 1888 θ;

1119 1913 1271 1961 gratias,
1288 1925 1363 1947 non
1385 1911 1565 1948 sacrificia
1585 1911 1670 1947 Deo
1691 1911 1825 1948 offerre

1114 1978 1267 2026 jubetur
1300 1980 1369 2013 191
1404 1989 1444 2021 c;
1495 1976 1673 2012 auxilium
1713 1988 1826 2024 quae-

1119 2043 1223 2078 rebat
1250 2042 1296 2078 ab
1323 2041 1522 2089 Aegyptiis
1551 2046 1682 2076 contra
1707 2041 1825 2089 Assy-

1120 2107 1206 2148 rios,
1224 2107 1269 2142 ab
1286 2106 1447 2154 Assyriis
1469 2111 1600 2142 contra
1619 2104 1826 2153 Aegyptios

1124 2174 1193 2208 191
1220 2171 1263 2213 d;
1296 2183 1368 2219 quo
1397 2183 1508 2206 sensu
1537 2170 1728 2218 orphanus
1758 2169 1827 2205 Dei

1124 2238 1196 2272 192
1212 2236 1251 2277 b;
1274 2248 1339 2283 per
1352 2235 1464 2271 fidem
1479 2235 1678 2271 salvandus
1695 2236 1768 2271 192
1783 2233 1823 2275 d;

1119 2301 1276 2341 fructus,
1294 2300 1460 2341 odorem,
1475 2306 1512 2335 et
1528 2300 1651 2341 flores,
1669 2299 1825 2346 gratiae,

1121 2365 1310 2400 exhibebit
1344 2367 1417 2400 193
1449 2377 1490 2405 a;
1531 2363 1642 2400 finem
1672 2368 1826 2411 peccato

1121 2429 1300 2476 imponet,
1336 2429 1373 2464 in
1410 2429 1620 2465 Ecclesiam
1654 2434 1826 2476 receptus

1124 2497 1197 2530 193
1238 2494 1261 2530 d
1289 2506 1330 2539 e;
1386 2494 1422 2529 in
1474 2494 1589 2529 vitam
1636 2499 1826 2529 aeternam

1124 2561 1197 2595 194
1220 2571 1263 2600 a;
1295 2558 1510 2594 memoriale
1533 2557 1662 2593 habuit
1689 2556 1824 2604 sempi-

1120 2629 1269 2658 ternum
1307 2622 1405 2670 apud
1442 2623 1563 2658 Deum
1607 2624 1680 2658 194
1714 2633 1756 2665 e;
1804 2633 1826 2657 a

1119 2687 1227 2723 Joele
1292 2687 1480 2734 Propheta
1544 2684 1825 2733 impoenitentia

1121 2751 1318 2787 damnatus
1360 2753 1434 2788 198
1473 2751 1497 2786 b
1514 2765 1533 2794 3>
1580 2763 1602 2785 a
1645 2749 1824 2792 finitimis,

1120 2816 1214 2851 sicut
1235 2828 1255 2851 a
1274 2815 1440 2859 locustis,
1462 2815 1661 2850 devoratus
1683 2816 1759 2850 200
1780 2826 1822 2856 c;

1120 2879 1350 2915 calamitates
1367 2879 1514 2920 multas,
1528 2878 1593 2914 sed
1609 2878 1825 2926 praecipuas

1120 2949 1278 2992 quatuor
1304 2943 1453 2992 pertulit
1481 2945 1557 2980 200
1579 2955 1619 2987 e;
1655 2943 1701 2978 ad
1726 2948 1821 2979 tem-
