2018 3387
138 182 162 222 i.
194 196 254 237 13.
516 186 588 226 IN
637 187 1070 227 MALACHIAM.
1132 187 1284 227 TOM.
1321 187 1353 226 Ι.
1646 188 1727 227 567

138 293 447 362 ὀφειλόμενον
471 296 633 357 σέβας,
661 297 714 347 δι’
740 299 890 347 αὐτῶν
916 295 980 346 ὧν
1006 296 1268 361 πράττουσι
1293 295 1491 360 λέγουσι
1512 294 1729 364 Τροίπεζα
1750 316 1769 337 a
1807 306 1885 340 831
1902 305 1952 339 A·

141 377 289 443 Κυρίου
313 376 580 443 ἧλισγημένη
607 378 713 429 ἐστί.

214 458 537 523 Παραιτητεόν
586 459 642 523 δὴ
693 461 773 510 οὖν
820 459 872 509 τὸ
922 458 1136 527 ῥᾴθυμον
1188 461 1261 510 ἐπὶ
1309 457 1504 511 τούτοις·
1569 459 1641 507 καὶ
1693 460 1729 507 εἰ

136 539 201 603 μή
229 561 295 592 τις
327 539 483 589 ἕλοιτο
510 547 647 591 τοῦτο
681 543 814 606 δρᾶν,
845 541 1096 591 ἀκούσεται
1129 540 1316 593 πάντως
1349 545 1473 591 Θεοῦ
1509 538 1730 604 λέγοντος

96 632 118 670 5
137 628 164 649 “
192 621 297 671 Οὐκ
332 621 434 672 ε”στι
469 645 547 685 μοι
581 622 766 685 θέλημα
801 624 850 673 ἐν
877 624 995 685 ὑμῖν,
1024 625 1098 672 καὶ
1128 623 1297 673 θυσίαν
1325 623 1377 672 οὐ
1403 620 1729 688 προσδε’ξομαι
1792 638 1899 677 Supra

137 709 164 732 ‘⁶
189 705 238 753 ἐκ
277 707 371 753 τῶν
409 708 577 770 χειρῶν
616 704 785 766 ὑμῶν.”
844 704 1088 754 πάνδεινον
1128 704 1174 754 δὲ
1215 704 1285 754 ὅτι
1324 703 1377 754 τὸ
1416 703 1728 768 προσκρούειν
1791 689 1929 711 msto.

138 787 262 852 Θεῷ,
295 789 396 837 πῶς
434 785 490 835 ἀν
525 785 780 836 ἐνδοιάσειέ
812 809 896 844 τις,
942 786 1066 851 εἴπερ
1106 787 1236 836 ἐστὶν
1276 787 1322 836 ἐν
1362 789 1494 853 καλῷ
1533 786 1607 835 καὶ
1647 789 1728 835 νοῦ

137 867 212 916 καὶ
239 866 409 934 φρενός
428 887 439 926 ;

140 1105 214 1146 Καὶ
256 1102 407 1147 εἷ’Πατε
444 1106 586 1147 Ταῦτα
629 1107 676 1147 ὲκ
720 1107 1009 1148 κακοπαθείας
1048 1107 1149 1148 ἐστι’.
1211 1108 1278 1147 καὶ
1317 1107 1563 1161 εξεφύσΗοα
1603 1106 1725 1157 αὐτὰ,
1752 1120 1795 1154 ¹3

69 1200 117 1227 10
204 1192 315 1237 λέγει
367 1191 516 1246 Κύριος
565 1192 899 1248 Παντοκράτωρ.
968 1191 1034 1231 καὶ
1091 1189 1315 1247 εἰσφερετε
1365 1190 1414 1231 τὰ
1465 1188 1771 1245 ‹ipsuis-umal)

205 1272 273 1313 καὶ
316 1273 366 1314 τὰ
418 1274 535 1328 χωλὰ
580 1274 648 1314 καί
691 1275 741 1314 τα
791 1274 1091 1329 ἐνοχλούμενοι·
1155 1274 1223 1314 καὶ
1272 1274 1565 1329 Προσεφὲρετε
1616 1272 1721 1312 αὐτὰ

204 1354 364 1406 Θυσίαν,
412 1355 446 1396 εἰ
497 1356 785 1412 Προοὸἐέομαι
835 1356 941 1397 αὐτὰ
991 1357 1038 1398 ἐκ
1089 1356 1175 1396 τῶν
1225 1356 1378 1411 χειρῶν
1428 1355 1558 1404 ὑμῶν,
1610 1355 1722 1401 λεΤει

206 1438 353 1495 Κύριος
391 1440 726 1496 Παντοκράτωρ,

210 1601 479 1664 Κατῃτιᾶτο
519 1598 626 1648 λίαν
660 1596 765 1650 τοὺς
806 1595 1086 1664 ἱερουργοῦς,
1127 1599 1189 1651 ὡς
1228 1596 1400 1660 ἥκιστα
1439 1594 1523 1658 μὲν
1561 1617 1722 1659 μωμο-

67 1691 113 1730 15
134 1684 330 1730 σκοπεῖν
368 1679 615 1742 ἑλομένους
656 1678 714 1729 τὰ
758 1679 1102 1744 προσαγόμενα
1146 1682 1239 1728 τῶν
1286 1677 1520 1739 θυμάτων,
1568 1699 1723 1743 προσ-

134 1760 408 1828 δεχομένους
444 1760 491 1812 δὲ
530 1765 720 1824 μᾶλλον
752 1760 972 1828 ῥαθύμως
1007 1783 1057 1811 τε
1096 1763 1171 1810 καὶ
1211 1759 1550 1819 ἀβασανίστως
1584 1757 1721 1825 χωλά

134 1844 208 1893 καὶ
236 1841 399 1911 τυφλὰ
425 1844 499 1892 καὶ
526 1842 764 1909 ἅῤῥωστα,
791 1842 937 1892 καίτοι
964 1847 1046 1891 τοῦ
1081 1841 1226 1904 νόμου
1251 1844 1423 1908 σαφῶς
1449 1838 1509 1889 τὰ
1535 1839 1720 1905 ε”μπηρα

133 1928 228 1973 τῶν
267 1923 488 1987 θυμάτων
526 1923 781 1987 ἀπόβλητα
819 1926 912 1973 δεῖν
949 1927 1188 1973 ποιεῖσθαι
1225 1919 1623 1988 προστεταχότος.
1684 1924 1760 1971 εἷο

134 2003 182 2055 δὲ
218 2004 368 2068 δήπου
402 2027 472 2059 τις
506 2009 601 2055 τῶν
636 2004 791 2070 ἱερέων
823 2003 1064 2067 ἀπεσόβει,
1098 2009 1180 2055 τοῦ
1216 2002 1359 2067 νόμου
1395 2002 1717 2069 ἀντεχόμενος,

65 2105 115 2130 20
133 2086 216 2137 τὸν
249 2085 559 2152 προσάγοντα
596 2091 657 2139 εἰς
694 2085 839 2137 θυσίαν
874 2085 928 2136 τὸ
966 2087 1165 2153 ἀχρεῖον,
1198 2084 1417 2148 ἐπέμενον
1450 2087 1492 2134 οἱ
1531 2083 1716 2148 προσοί-

131 2190 308 2233 γοντες,
351 2168 447 2219 ἄνω
490 2191 540 2219 τε
586 2170 661 2219 καὶ
703 2167 829 2219 κάτω
874 2167 959 2231 τὴν
1000 2166 1333 2235 αἰχμαλωσίαν
1377 2164 1716 2231 προτείνοντες,

133 2250 523 2316 διϊσχυριζόμενοί
544 2273 611 2313 τε,
641 2252 716 2301 καὶ
750 2248 883 2312 μάλα
910 2254 1138 2311 νεανικῶς,
1163 2253 1328 2316 φαῦλα
1360 2246 1444 2310 μὲν
1472 2247 1555 2297 οὐκ
1582 2243 1716 2304 εἶναι,

133 2335 464 2394 κακοπαθῆσαι
509 2331 557 2383 δὲ
607 2337 797 2394 μᾶλλον
846 2330 965 2382 κατὰ
1015 2330 1100 2394 τὴν
1151 2330 1274 2392 ὁδὸν,
1328 2328 1717 2379 ὑπονοστούντων

133 2413 287 2462 αὐτῶν
330 2414 380 2463 ἐκ
425 2417 714 2474 Βαβυλῶνος
759 2418 820 2467 εὶς
860 2413 946 2477 τὴν
983 2411 1226 2463 Ἰουδαίαν.
1289 2408 1629 2476 προσεκόμιζον
1668 2407 1716 2459 δὲ

65 2512 113 2551 25
133 2492 192 2544 τοὶ
230 2493 529 2563 ἁρπάγματα,
569 2500 646 2546 καὶ
686 2493 745 2546 τοὶ
782 2495 1053 2558 χωλεύοντα
1095 2500 1172 2545 καὶ
1213 2494 1517 2558 ἐνοχλούμενοι.
1580 2493 1716 2555 θῆρες

130 2574 215 2639 μὲν
249 2575 341 2642 γάρ
380 2575 584 2630 ἐπιόντες
623 2575 729 2627 ἔσθ’
763 2576 839 2626 ὅτε
878 2575 1209 2627 κατασίνονται
1247 2578 1346 2627 ταῖς
1385 2573 1590 2637 ἀγέλαις,
1630 2570 1716 2622 κάν
1735 2579 1762 2620 d

182 2763 212 2785 1.
237 2750 444 2797 πράττουσι]
465 2751 626 2785 διωκουσι
644 2750 736 2785 Edd.
872 2761 905 2795 3.
932 2749 1040 2796 ἐπὶ]’
1023 2766 1058 2784 εν
1075 2750 1136 2784 iid.
1267 2758 1300 2792 5.
1325 2764 1389 2792 μου
1406 2748 1466 2783 iid.
1598 2760 1650 2784 10.
1675 2750 1716 2784 τὰ

131 2804 356 2842 assumptum
374 2810 414 2832 ex
434 2798 476 2831 Β.
496 2797 615 2842 (Alex.
628 2797 713 2831 VII.
719 2797 734 2841 )
753 2797 796 2831 cf.
815 2797 905 2830 infra
923 2803 955 2830 et
973 2804 1093 2831 contra
1109 2797 1183 2830 Jul.
1202 2809 1235 2829 x.
1254 2808 1288 2840 p.
1303 2807 1370 2841 349
1383 2808 1411 2829 e.
1583 2807 1635 2830 11.
1663 2797 1717 2830 καὶ

131 2844 369 2889 προσεφέρετε
394 2845 476 2879 αὐτὰ
497 2845 538 2877 B.
556 2843 632 2887 (51.
652 2845 695 2877 al.
700 2843 716 2888 )
735 2844 788 2877 καὶ
806 2844 863 2877 ἐὰν
880 2843 1064 2887 εἷο-φέρητε
1084 2843 1120 2876 F.
1140 2843 1192 2876 καὶ
1211 2843 1267 2876 ἐὰν
1284 2842 1412 2886 φέρητε
1430 2841 1523 2876 Edd.
1541 2842 1643 2887 (Vat.
1662 2842 1715 2887 κ).

135 2889 262 2924 Ξῖᾶίῑὶῐη
279 2891 318 2934 τὴ
322 2905 339 2924 ν
355 2890 435 2924 add.
455 2890 546 2924 Edd.
566 2889 629 2934 (A.
632 2890 677 2924 V.
695 2889 748 2933 Ν.)
930 2900 985 2924 20.
1011 2890 1230 2934 προσάγοντα
1247 2889 1293 2924 εἷς
1310 2889 1432 2923 θυσίαν
1448 2888 1514 2923 hoc
1532 2888 1654 2922 ordine
1672 2889 1716 2924 Β.

136 2946 191 2977 24.
217 2935 270 2980 ἐκ]
295 2940 331 2976 -l-
352 2938 410 2980 τῆς
429 2935 520 2970 Edd.
586 2936 640 2981 δὲ]
665 2940 701 2976 -Ι-
723 2950 775 2970 και
794 2935 888 2970 Aub.
1196 2944 1251 2980 25.
1276 2934 1487 2980 χωλεύοντα]
1507 2937 1605 2981 χωλὰ
1623 2934 1715 2970 Edd.

135 2981 188 3015 καὶ
205 2981 283 3026 alt]
310 2986 344 3022 -4-
365 2983 405 3016 τὰ
424 2982 518 3016 Aub.
