2053 3382
271 197 349 232 658

273 315 522 355 Confidentia,
550 313 708 349 carnalis
737 312 1034 360 reprehenditur,

328 379 528 429 spiritualis
561 378 734 414 laudatur
765 379 838 413 511
877 377 922 422 d;
960 378 1036 413 513

328 458 347 481 c
362 445 406 489 d;
446 443 618 479 fidelibus
656 442 829 478 omnibus
864 441 1039 477 convenit

331 512 406 546 723
429 520 470 554 a3
504 509 579 544 724
601 507 637 543 b.

276 572 500 614 Conflatilia‚
512 585 584 620 quo
599 584 710 608 sensu
724 571 841 607 instar
855 569 1041 618 sepulchri

331 637 553 685 quibusdam
575 636 714 672 fuerint
734 636 856 684 posita
877 637 954 672 492
978 635 1011 671 d.

278 702 566 742 Conflatorium‚
612 701 657 737 de
705 701 876 736 Ecclesia
923 706 1042 736 meta-

331 766 484 815 phorice
511 766 651 802 dictum
682 768 756 802 767
779 778 820 811 c;
852 765 897 800 de
924 763 1045 813 gratia

334 831 408 867 Dei
428 830 647 879 purgatoria
668 830 808 866 dictum
831 831 906 866 852
929 830 951 865 b
965 842 997 865 c.

279 896 550 944 Congregatio,
578 908 646 943 pro
675 895 876 930 concordia
902 893 1044 930 animo-

333 973 415 996 rum
438 960 579 996 dictum
602 961 678 996 414
701 972 731 995 e.

279 1024 682 1075 Congregationes,i.e.
694 1024 916 1060 daemonum
933 1023 1048 1059 malo-

334 1104 431 1132 rum,
456 1103 522 1138 per
548 1089 877 1126 Resurrectionem
906 1088 1047 1124 Christi

336 1155 537 1203 dissipatae
560 1157 637 1191 615
660 1155 695 1190 d.

282 1220 526 1268 Coniugium,
550 1220 634 1256 vide
657 1219 955 1255 Matrimonium.

283 1285 538 1326 Connubium.
579 1284 783 1333 spirituale,
819 1284 1047 1332 descriptum

339 1353 388 1387 52
411 1350 445 1386 b.

286 1416 562 1451 Consecramur
605 1415 699 1456 Deo,
745 1426 911 1450 amorem
960 1425 1050 1461 erga

341 1480 452 1516 Illum
491 1480 707 1515 excolentes
746 1484 783 1514 et
816 1478 1049 1514 voluntatem

342 1545 446 1580 Illius
465 1544 588 1580 facere
608 1549 831 1591 exoptantes
853 1545 929 1579 853
952 1555 980 1578 c.

287 1609 543 1650 Consecratio,
565 1621 651 1644 vera
683 1608 883 1656 spiritualis
914 1606 1050 1643 descri-

343 1674 443 1710 bitur
463 1676 540 1710 853
563 1686 594 1709 c.

290 1739 520 1782 Consolatio,
542 1738 643 1773 nulla
672 1750 747 1773 non
772 1737 936 1773 Domino
966 1743 1055 1772 nota

351 1805 423 1839 188
464 1803 513 1848 b;
904 1801 1056 1837 Christo

352 1870 424 1905 188
448 1881 477 1904 c.

296 1933 579 1975 Constantinus,
596 1932 804 1980 Imperator
817 1945 925 1980 quem
939 1932 1059 1967 hono-

349 2011 428 2034 rem
454 1998 566 2033 Cruci
591 1997 735 2033 dederit
757 1999 833 2034 812
856 2010 896 2042 e;
931 1996 1058 2033 lauda-

349 2070 411 2099 tur
453 2069 607 2111 propter
649 2062 829 2111 pietatem
873 2062 1059 2110 insignem

354 2130 430 2164 813
454 2128 486 2164 b.

298 2192 595 2235 Consummatio,
617 2205 685 2240 pro
709 2192 918 2228 calamitate
946 2191 1060 2227 inevi-

352 2257 456 2293 tabili
478 2260 554 2294 479
575 2257 620 2301 b;
652 2269 719 2304 pro
741 2257 879 2292 diluvio
900 2256 1061 2297 Noachi‚

354 2324 431 2359 479
462 2334 502 2367 c3
540 2334 606 2370 pro
632 2321 892 2357 Incarnatione
922 2320 1063 2357 Christi

568 1815 665 1844 vera,
714 1808 772 1838 est
819 1802 855 1837 in

356 2389 432 2423 479
479 2399 520 2431 e;
569 2399 637 2434 pro
682 2386 855 2422 universa
902 2385 1063 2433 pernicie

356 2452 496 2487 dictum
519 2453 595 2487 592
619 2451 652 2486 d.

303 2516 582 2552 Contaminatio
622 2516 782 2557 Israelis,
819 2515 1065 2551 matrimoniis

358 2581 493 2617 illicitis
513 2580 709 2616 ascribitur
729 2582 805 2616 842
828 2593 867 2626 e;
897 2583 973 2617 843
996 2580 1063 2616 ab.

305 2648 607 2693 (soriteniptores,
663 2645 744 2686 Dei,
793 2658 869 2681 non
916 2646 1066 2693 impune

360 2711 520 2746 evadent
545 2713 618 2747 139
641 2711 685 2754 d;
711 2710 793 2752 Dei,
811 2716 848 2746 et
864 2710 1065 2754 Ecclesiae,

355 2775 547 2821 judicandi
569 2775 831 2822 praedicuntur
850 2777 927 2811 618
949 2787 968 2810 e
981 2774 1015 2810 d.

307 2839 494 2880 Contrita,
510 2851 643 2887 nempe
664 2840 735 2876 filia
759 2839 895 2881 Sionis,
918 2839 1066 2875 demum

364 2903 577 2950 accipienda
599 2906 674 2940 429
697 2916 738 2949 e;
771 2907 848 2940 430
869 2904 904 2940 b.

312 2967 509 3009 sonti-itio,
533 2969 665 3009 cordis,
689 2981 759 3003 non
791 2968 960 3011 vestium,
985 2968 1067 3003 Deo

804 191 1017 227 INDEX
1075 191 1322 229 RERUM.

1584 204 1869 228 CONFxDENTlA.

1162 317 1271 360 grata
1301 314 1378 349 219
1400 311 1445 357 d;
1476 311 1603 348 robori
1632 312 1873 360 praeponitur

1163 389 1290 413 coram
1310 377 1405 421 Deo,
1424 378 1501 414 299
1519 389 1560 422 e;
1585 378 1657 414 301
1678 388 1719 422 a;
1742 376 1874 424 quibus

1163 441 1280 490 signis
1297 441 1550 490 distinguatur
1566 443 1640 478 501
1658 442 1698 488 d;
1720 441 1875 477 Ninevi-

1163 512 1286 542 tarum
1308 506 1494 554 descripta
1512 508 1586 543 501
1606 519 1625 542 e
1632 519 1641 552 3
1663 505 1876 554 perfugium

1165 571 1297 607 melius
1313 584 1423 619 quam
1443 577 1591 608 montes
1608 571 1666 608 vel
1682 570 1876 608 celsissimi

1168 638 1244 672 587
1266 648 1298 672 c.

1114 700 1363 736 Conturbatio
1401 700 1560 743 animae,
1600 701 1745 749 peccati
1789 713 1875 749 sup-

1168 765 1318 813 plicium
1341 767 1417 801 552
1440 777 1476 807 c;
1499 765 1537 801 in
1558 764 1711 802 Christo
1733 766 1879 802 sublata

1172 832 1248 866 553
1270 830 1340 865 ab.

1118 894 1339 935 Conversio,
1361 900 1397 930 et
1428 894 1589 935 Israelis.
1618 900 1655 931 et
1685 894 1878 938 Gentium,

1171 959 1433 1007 praenuntiata
1469 961 1542 995 192
1581 959 1603 995 d
1617 972 1658 1002 e;
1699 973 1787 996 vera
1823 965 1882 996 est

1172 1036 1228 1065 ea,
1270 1030 1424 1071 peccata
1461 1024 1663 1072 praeterita
1699 1025 1881 1073 projicere

1174 1090 1249 1126 218
1269 1101 1305 1130 e;
1328 1089 1539 1136 linguarum
1557 1089 1603 1125 ad
1618 1089 1880 1134 Pentecosten,

1171 1153 1363 1201 praedicta
1385 1155 1461 1189 616
1483 1166 1559 1196 ae;
1590 1155 1678 1190 item
1703 1154 1882 1190 Gentium

1173 1218 1429 1254 universarum
1446 1218 1483 1253 in
1501 1219 1708 1255 Ecclesiam
1723 1221 1799 1256 617
1814 1219 1881 1264 ad;

1174 1283 1388 1330 spiritualis,
1421 1283 1631 1331 Prophetae
1661 1283 1774 1319 animi
1807 1283 1881 1320 ela-

1174 1348 1315 1384 tionem
1337 1348 1553 1396 significans
1575 1350 1652 1385 694
1674 1361 1715 1394 e;
1739 1351 1816 1385 700
1837 1360 1880 1390 a;

1175 1413 1296 1449 cordis
1336 1413 1383 1448 ad
1420 1413 1554 1455 Deum,
1594 1413 1664 1449 Dei
1697 1413 1882 1462 justitiam

1176 1478 1351 1526 patefacit
1373 1479 1449 1514 864
1471 1491 1504 1514 a.

1123 1542 1304 1578 Convivia
1340 1541 1661 1578 Samaritanorum
1700 1542 1885 1591 descripta

1178 1610 1254 1644 315
1276 1620 1305 1643 e.

1120 1671 1213 1715 Cor,
1232 1672 1312 1707 Deo
1332 1671 1570 1719 aperiendum
1589 1674 1665 1708 219
1684 1671 1706 1707 (1
1722 1686 1729 1713 ;
1762 1671 1887 1707 divina

1181 1737 1311 1772 Gratia
1357 1736 1564 1784 irrigatum,
1614 1749 1719 1785 agro,
1760 1736 1884 1778 horto,

1179 1802 1319 1843 vineae,
1350 1806 1587 1848 comparatur
1618 1803 1694 1837 222
1717 1813 1759 1842 c;
1795 1812 1886 1836 con-

1179 1866 1310 1902 tritum
1358 1878 1378 1900 a
1436 1865 1647 1912 diruptione
1704 1864 1887 1900 montium

1181 1931 1471 1979 praefiguratum
1491 1932 1566 1967 798
1585 1930 1607 1966 b
1621 1942 1662 1973 c;
1695 1930 1775 1966 Deo
1796 1930 1887 1966 dan-

1182 1997 1270 2032 dum
1294 1997 1370 2031 819
1393 1995 1462 2030 ad.

1129 2060 1328 2101 Corinthii,
1347 2072 1367 2095 a
1387 2059 1649 2096 traditionibus
1665 2059 1768 2095 Pauli
1789 2071 1890 2095 rece-

1184 2127 1314 2162 dentes
1334 2125 1550 2174 reprehensi
1572 2127 1647 2161 314
1669 2137 1700 2160 a.

1131 2191 1271 2234 Cornu,
1288 2191 1414 2226 Divini
1430 2189 1567 2225 Judicii
1585 2189 1794 2237 symbolum
1812 2190 1889 2225 433

1184 2257 1230 2298 b;
1264 2255 1453 2304 potentiae
1482 2255 1560 2290 sive
1590 2254 1696 2302 regni
1727 2254 1890 2302 signum,

1186 2334 1295 2369 saepe
1315 2321 1427 2357 etiam
1449 2319 1653 2367 superbiae,
1675 2320 1751 2355 664
1774 2318 1808 2354 d.

1133 2386 1294 2431 Cornua,
1316 2398 1383 2433 pro
1408 2384 1627 2420 fortitudine
1652 2384 1791 2419 dictum
1814 2385 1887 2420 321

1187 2464 1206 2487 e
1224 2466 1231 2491 ;
1281 2450 1517 2499 generaliter,
1559 2449 1646 2496 quid
1680 2448 1893 2496 significent

1189 2517 1265 2552 556
1287 2515 1333 2557 b;
1370 2515 1415 2550 de
1445 2515 1526 2550 Deo
1556 2514 1666 2554 dicta,
1697 2513 1784 2561 quid
1815 2514 1891 2549 556

1189 2593 1230 2621 c;
1262 2580 1307 2616 de
1338 2579 1487 2621 Satana,
1509 2578 1597 2626 quid
1625 2579 1700 2614 556
1723 2577 1771 2618 d;
1803 2576 1890 2612 item

1189 2645 1234 2680 de
1269 2644 1433 2687 Christo,
1465 2643 1551 2691 quid
1583 2645 1660 2679 557
1693 2655 1737 2682 a;
1769 2653 1790 2676 a
1820 2641 1891 2676 Za-

1189 2709 1314 2745 charia
1349 2708 1438 2751 visa,
1473 2713 1535 2743 aut
1575 2712 1732 2754 quatuor
1765 2705 1894 2741 mundi

1190 2773 1351 2821 Imperia
1390 2772 1602 2821 significant
1633 2772 1708 2806 644
1741 2782 1760 2805 e
1778 2784 1785 2810 ;
1831 2775 1895 2805 aut

1190 2844 1349 2886 quatuor
1385 2837 1612 2873 Judaeorum
1654 2846 1894 2881 oppressores

1192 2905 1268 2939 645
1290 2915 1338 2947 a3
1369 2913 1499 2938 acuere
1525 2899 1612 2947 quid
1640 2898 1686 2934 sit
1712 2900 1788 2935 665
1810 2911 1830 2935 c
1846 2899 1893 2941 d;

1193 2969 1268 3003 666
1291 2966 1323 3002 d.
