2018 3387
103 173 142 213 ii.
174 187 236 229 13.
479 174 552 214 IN
594 173 1030 216 MALACHIAM.
1093 174 1241 214 TOM.
1278 174 1310 212 1.
1607 174 1687 211 587

102 285 264 350 φωνῆς
308 285 459 351 ὀρθῶς
503 285 742 350 εἰρημένον
787 290 883 338 τοῖς
935 284 1270 350 συναγείρουσι
1322 280 1404 334 τὰς
1457 281 1687 332 διακονίας

102 372 129 394 “
160 365 246 429 Μὴ
285 368 334 417 ἐκ
379 367 549 430 λύπης,
591 366 620 431 ἦ
659 367 715 436 ἐξ
751 366 969 432 ἀνάγκης,
1010 365 1175 431 ἱλαρὸν
1214 364 1307 431 γὰρ
1348 362 1488 427 δότην
1528 365 1692 430 ἀγαπᾷ

103 453 130 476 “
158 448 183 496 ὁ
211 448 374 501 Θεός.”

179 529 368 580 Οὐκοῦν
392 534 427 580 εἰ
455 531 643 593 θύοιμεν
669 534 859 595 ἱλαρῶς,
886 529 1163 580 ἐποπτεύσει
1194 552 1242 580 τε
1276 528 1349 579 καὶ
1382 527 1692 595 παραδέξεται

62 627 83 665 5
104 611 179 661 καὶ
207 611 439 662 ἐπαινέσει
467 611 601 674 Θεὸς,
626 610 1010 679 παραδεξάμενος
1038 611 1083 662 δὲ
1110 610 1297 675 τιμήσει
1325 614 1398 661 καὶ
1426 609 1692 674 εὐλογήσει.

104 692 218 744 εἶναι
254 694 308 744 δέ
338 699 460 762 φημι
495 698 590 744 τῶν
627 693 893 759 ἀναγκαίων
927 697 988 746 εἰς
1023 692 1189 757 ὄνησιν
1215 693 1268 743 τὸ
1304 695 1378 743 καὶ
1414 692 1573 758 ἑτέραν
1599 696 1695 743 τοῖς

103 775 420 841 προκειμένοις
446 774 717 843 ἐφαρμόσαι
744 774 964 826 διάνοιαν.
1008 773 1241 841 ἐπάρατον
1262 774 1347 837 μὲν
1367 774 1460 840 γὰρ
1484 775 1694 834 ἐποιεῖτο,

1756 379 1770 399 2
1790 370 1863 401 (Ὃν.

1755 414 1796 443 ix.
1817 423 1843 453 7.

165 859 179 875 Χ
273 857 284 870 Ι
505 858 515 873 Ι
638 859 648 872 Ι
737 861 757 870 Α
827 857 848 873 ΓΙ
1060 855 1072 871 N
1174 856 1185 870 Χ
1454 862 1472 869 Α
1643 859 1662 867 Α
1772 868 1777 876 ,

104 879 180 907 και
219 864 351 920 μαλα
389 861 588 919 δικαιως,
629 881 654 908 ο
695 880 789 908 των
824 865 952 907 ολων
984 860 1105 910 Geor
1141 879 1222 907 τον
1260 861 1562 920 βεβηλουντα
1601 878 1694 905 των
1715 866 1741 907 d
1757 868 1864 907 snpra

103 938 319 1005 πατέρων
345 938 429 1004 τὴν
456 938 698 1004 διαθήκην,
735 938 811 989 διὰ
847 939 902 989 δέ
929 961 983 1004 γε
1017 944 1100 989 τοῦ
1135 939 1332 992 ὀθνείαις
1366 937 1693 988 συνάπτεσθαι

39 1043 87 1068 10
106 1021 332 1090 γυναιξὶν,
372 1021 676 1090 ἐξωσθεισῶν
712 1025 805 1072 τῶν
845 1023 894 1071 ἐκ
932 1019 1093 1085 γένους
1132 1022 1207 1070 καὶ
1245 1021 1313 1071 ἐπ’
1346 1021 1536 1087 οὐδεμιᾷ
1574 1026 1695 1069 πολ-

105 1102 241 1157 λάκις
282 1104 405 1172 αἰτίᾳ
446 1103 856 1169 κατεγνωσμένων.
921 1104 1083 1170 ᾐτιᾶτο
1129 1103 1176 1153 δὲ
1221 1102 1338 1168 πρὸς
1379 1102 1558 1155 τούτοις
1602 1106 1696 1151 τῶν

106 1186 263 1252 ἱερέων
302 1186 443 1248 τινὰς,
482 1188 544 1239 ὡς
589 1184 922 1249 λαμβάνοντας
967 1184 1208 1251 πρόσωπα
1253 1187 1300 1235 ἐν
1339 1183 1480 1253 νόμῳ,
1521 1185 1595 1234 καὶ
1640 1182 1696 1246 δὴ

106 1270 180 1319 καὶ
213 1268 423 1336 ἔφασκεν
449 1275 475 1297 “
494 1267 859 1336 Ἐξολοθρεύσει
886 1267 1059 1333 Κύριος
1092 1266 1175 1318 τὸν
1210 1266 1460 1332 ἄνθρωπον
1486 1264 1568 1315 τὸν
1593 1287 1697 1316 ποι-

106 1357 135 1379 “
161 1356 304 1401 οῦντα
341 1355 502 1412 ταῦτα,
534 1349 619 1403 ἕως
657 1352 732 1400 καὶ
766 1352 1031 1417 ταπεινωθῇ
1070 1350 1119 1400 ἐκ
1158 1347 1483 1412 σκηνωμάτων
1509 1345 1696 1407 Ἰακὼβ,

41 1453 87 1492 15
107 1439 135 1462 “
161 1434 236 1483 καὶ
276 1434 324 1483 ἐκ
362 1431 711 1496 προσαγόντων
745 1431 917 1482 θυσίαν
959 1431 1118 1500 Κυρίῳ
1156 1430 1544 1497 παντοκράτορι.”
1599 1426 1697 1479 εἶτα

106 1513 288 1567 τούτοις
321 1512 614 1579 προσέθηκεν
649 1512 781 1566 εὐθύς
814 1512 1125 1564 Ἐκαλόπτετε
1161 1510 1346 1579 δάκρυσι
1382 1513 1427 1564 τὶ
1463 1511 1694 1570 θυσιαστή-

107 1620 185 1665 ριον
230 1597 377 1665 Κυρίου
422 1601 498 1646 καὶ
549 1593 768 1665 κλαυθμῷ
815 1601 892 1646 καὶ
940 1601 1185 1665 στεναγμῷ
1227 1596 1277 1646 ἐκ
1324 1596 1481 1646 κόπων.
1547 1593 1600 1644 τὸ
1647 1592 1737 1642 δέθ

106 1676 432 1739 Ἐκαλόπτετε,
478 1677 665 1740 νοητεόν
704 1678 806 1727 ἀντὶ
845 1682 927 1727 τοῦ
969 1680 1286 1742 Πληροῦσθαι
1330 1675 1696 1741 παρεσκευάζετε

108 1758 294 1824 θρήνων
325 1760 399 1809 καὶ
435 1761 642 1824 οἰμωγῆς
679 1757 732 1809 τὸ
767 1762 891 1809 θεῖον
918 1758 1275 1823 θυσιαστήριον.
1333 1756 1502 1823 γύναιά
1527 1779 1575 1807 τε
1605 1755 1698 1821 γὰρ

41 1864 90 1890 20
109 1841 168 1891 τὰ
212 1839 501 1906 παραλόγως
547 1839 806 1908 ἐξωσμένα,
851 1842 927 1890 καὶ
972 1843 1013 1890 οἱ
1058 1841 1215 1906 κρίσιν
1258 1840 1418 1890 ἄδικον
1458 1838 1544 1902 τὴν
1587 1838 1695 1902 παρ’

110 1923 239 1986 ὑμῶν
277 1926 372 1972 τῶν
411 1921 566 1987 ἱερέων
605 1920 812 1974 ἐκτόπως
857 1921 1252 1985 ὑπομεμενηκότες
1289 1920 1612 1987 περιίστανται
1652 1921 1697 1970 τὸ

110 2002 411 2071 θυσιαστήριον,
447 2002 554 2056 τοὺς
593 2005 674 2066 τῆς
712 2004 890 2056 ἀδικίας
929 2002 1259 2068 ἀνοιμώζοντες
1293 2003 1494 2068 τρόπους
1534 2005 1608 2052 καὶ
1649 2002 1699 2052 ἐκ

112 2085 255 2136 κόπων
293 2089 388 2134 τῶν
430 2085 582 2138 αὐτοῖς
626 2085 1000 2149 ἐπενηνεγμένων
1039 2087 1427 2152 δακρυῤῥοοῦντες
1471 2084 1698 2150 ἀσχέτως.

109 2165 207 2217 εἶτα
244 2170 344 2220 πῶς
383 2166 500 2235 ἄξιον
538 2162 805 2237 ἐπιβλέψαι
845 2168 997 2235 φησὶν
1031 2172 1089 2221 εἰς
1124 2166 1270 2217 θυσίαν
1302 2191 1323 2225 η
1357 2168 1518 2225 λαβεῖν
1552 2163 1698 2216 &mlv
1719 2186 1739 2210 a

43 2266 90 2304 25
112 2249 162 2299 ἐκ
196 2248 274 2299 τῶν
310 2248 456 2318 χειρῶν
492 2248 636 2316 ὑμῶνς
677 2248 840 2315 ὥσπερ
871 2248 965 2314 γάρ
1000 2250 1130 2299 ἐστιν
1165 2247 1334 2312 ἀληθὲς
1370 2248 1423 2298 τὸ
1458 2249 1505 2298 ἐν
1536 2248 1697 2317 ,Βίβλῳ

110 2333 204 2380 τῶν
231 2334 491 2393 παροιμιῶν
517 2331 840 2395 γεγραμμένον
868 2338 894 2359 “
912 2331 1020 2398 Οὐχ
1047 2331 1185 2396 ἁγναὶ
1219 2331 1347 2397 εὐχαὶ
1382 2329 1475 2380 ἀπὸ
1511 2329 1695 2391 μισθώ-

114 2418 140 2441 “
166 2434 313 2474 ματος
347 2411 575 2476 ἑταίρας·”
623 2413 769 2464 οὕτως
804 2412 886 2462 οὐκ
925 2410 982 2462 ἂν
1017 2413 1264 2477 λογισθείη
1303 2410 1506 2477 καθαρός
1538 2434 1587 2462 τε
1623 2413 1699 2461 καὶ

113 2492 304 2555 ἄμωμος
332 2490 489 2557 ἱερεὺς,
519 2495 555 2542 εὶ
590 2497 686 2546 τοῖς
720 2492 856 2546 θειόις
891 2493 1221 2554 θεσπίσμασιν
1253 2495 1488 2559 ε’ῤῥῶσθαι
1523 2515 1694 2555 μονον-

113 2576 216 2641 ουχὶ
262 2572 468 2642 φράσας,
515 2576 590 2623 καὶ
637 2572 719 2624 τὸν
762 2573 1003 2639 πρέποντα
1048 2577 1130 2638 τῆς
1175 2576 1432 2640 ἱερουργίας
1478 2574 1699 2637 πατήσας

160 2711 194 2745 3.
220 2701 238 2734 ὁ
257 2701 355 2744 Θεός]
377 2699 501 2744 Κύριος
518 2699 611 2734 Edd.
737 2699 770 2733 6.
797 2699 902 2744 φημι]
922 2700 1011 2744 φησι
1030 2699 1089 2734 iid.
1213 2712 1246 2745 9.
1272 2698 1446 2744 διαθήκην]
1467 2699 1619 2734 διάθεσιν
1636 2699 1696 2733 iid.

113 2746 191 2792 τοῦ]
216 2751 253 2787 -†-
274 2747 343 2780 δεῖν
360 2746 419 2780 iid.
694 2756 746 2780 10.
773 2746 1006 2789 ἐξωθηθεισῶν
1024 2746 1084 2780 iid.
1356 2757 1408 2779 12.
1433 2748 1618 2789 πρόσωπον
1636 2745 1696 2780 iid.

118 2804 171 2835 14.
197 2792 335 2838 Ἰακὼβ]
354 2793 496 2838 Ἰσραὴλ
513 2791 572 2826 iid.
749 2802 801 2833 15.
828 2791 966 2837 θυσίαν]
991 2796 1028 2833 -ί-
1049 2795 1096 2839 τῷ
1115 2791 1206 2826 Edd.
1225 2791 1346 2836 (vat.)
1514 2793 1567 2826 18.
1593 2806 1696 2836 παρε-

116 2840 322 2881 σκευάζεσθε
340 2839 399 2873 iid.
649 2849 701 2882 19.
728 2839 819 2872 θεῖον
836 2850 905 2872 om.
925 2838 967 2872 B.
1214 2849 1269 2872 20.
1295 2840 1335 2871 τὰ
1353 2841 1575 2882 assumptum
1593 2850 1634 2871 ex
1655 2838 1697 2872 B.

116 2885 309 2928 ἔξεωσμένα
328 2885 419 2919 Edd.
630 2896 684 2919 21,
711 2883 928 2927 περιΐσταντο
947 2883 1006 2918 iid.
1191 2884 1245 2918 26.
1272 2888 1338 2918 τῶν
1355 2891 1576 2928 assumptum
1594 2896 1635 2918 ex
1655 2885 1698 2919 B.

118 2932 174 2965 28.
199 2931 349 2976 ἄμωμος]
374 2932 551 2974 ἀμώμητος
576 2930 668 2965 Edd.
742 2930 910 2975 ε’ῤῥῶσθαι
935 2930 1133 2976 μονονουχὶ]
1160 2931 1340 2976 μονονουχὶ
1366 2932 1419 2964 καὶ
1445 2931 1613 2976 ἐρρῶσθαι
1640 2930 1698 2966 iid.

120 2987 175 3021 29.
201 2980 272 3014 ταῖς
291 2978 471 3023 ἶερουγίαις
488 2977 548 3012 iid.

852 3044 967 3083 4F2

1759 921 1826 941 ver.
1846 919 1892 941 10.

1761 1201 1810 1232 Ib.
1832 1211 1862 1242 9.

1760 1278 1812 1308 ΙΙ).
1834 1286 1881 1308 12.

1770 2177 1855 2211 845
1871 2175 1920 2209 A.

1762 2343 1858 2373 Prov.

1761 2386 1828 2417 xix.
1851 2394 1896 2424 13.
