2053 3382
270 216 345 250 678

324 334 539 371 saevissima
556 334 631 369 292
647 344 683 376 a;
710 330 865 366 Judaeis
879 329 1031 367 Christo

326 399 516 436 Crucifixo
548 396 715 432 immissa
746 398 822 432 339
843 395 888 441 b3
924 394 1030 442 spiri-

324 464 448 505 malis,
465 461 618 497 Judaeis
634 460 671 495 in
688 459 911 508 supplicium
927 471 1033 506 prae-

326 528 461 563 dicitur
482 528 558 562 452
577 538 619 566 a;
654 526 730 561 576
748 537 788 570 c;
817 524 955 560 malum
976 529 1033 559 est

325 590 587 640 gravissimum
611 591 687 626 576
708 589 742 624 d.

273 657 458 697 Felicitas,
480 667 605 691 rerum
626 654 873 702 publicarum,
895 653 932 688 in
953 652 1033 701 qui-

326 722 397 757 bus
416 721 527 756 rebus
548 720 729 755 consistat
750 720 825 754 584
844 730 875 754 e.

276 785 445 827 Femina,
467 785 551 820 vide
572 783 720 819 Mulier.

275 850 531 890 Fermentum,

275 979 476 1023 Fertilitas,
517 978 594 1013 sive
631 977 762 1013 vineae
800 977 877 1012 sive
916 987 1034 1017 areae,

589 848 782 896 spirituale
841 847 929 895 quid
988 847 1035 882 sit

329 1043 466 1080 amoris
487 1042 614 1078 Divini
634 1042 812 1078 indicium
835 1043 910 1077 648
932 1053 952 1076 a
966 1053 997 1076 c.

277 1108 501 1148 Festinatio,
524 1107 570 1143 de
593 1107 731 1143 Divino
757 1106 905 1142 Judicio
932 1118 1035 1154 prae-

330 1172 467 1209 dicitur
488 1174 564 1208 592
587 1172 620 1207 d.

278 1237 528 1278 Festivitates,
585 1236 832 1278 Judaeorum,
880 1248 1037 1277 annuae,

330 1302 439 1337 idolis
458 1302 663 1338 translatae
682 1303 758 1337 290
777 1314 796 1336 c
812 1315 820 1343 ;
850 1300 1039 1337 Samariae

332 1367 369 1402 in
396 1367 538 1402 luctum
568 1366 768 1401 mutandae
791 1368 867 1402 336
888 1365 936 1406 b;
972 1365 1041 1401 Ju-

332 1431 523 1475 daeorum‚
550 1431 653 1466 brevi
682 1430 869 1477 periturae
893 1429 1037 1477 praedi-

333 1501 471 1532 cuntur
491 1498 567 1531 494
587 1508 607 1530 a
621 1495 664 1539 d;
694 1495 730 1529 in
753 1494 904 1529 Christo
925 1494 1041 1529 fiden-

333 1561 432 1596 tibus
453 1559 705 1595 sanctificatae
727 1564 833 1594 erant
856 1561 931 1595 494
955 1571 985 1594 e.

283 1625 409 1666 Ficus,
438 1623 643 1660 dulcedinis
671 1623 869 1670 spiritualis
890 1622 1039 1670 symbo-

334 1691 411 1726 lum
427 1691 503 1725 428
524 1689 568 1733 d;
599 1690 671 1724 681
693 1700 733 1733 a;
764 1693 919 1729 matura,
936 1687 1041 1722 facile

336 1755 508 1795 decussa,
530 1758 641 1801 typus
663 1752 829 1787 Nineves
856 1751 1042 1799 periturae

340 1821 416 1855 510
452 1831 471 1854 e
491 1831 500 1864 3
545 1818 635 1853 item
674 1817 818 1852 animae
856 1815 1042 1863 periturae

339 1884 412 1920 511
429 1883 452 1919 b
467 1896 475 1928 ;
504 1882 650 1927 sterilis,
666 1880 892 1929 Synagogae
905 1879 1044 1916 Judae-

338 1961 446 1985 orum
475 1953 586 1996 typus
615 1948 691 1983 575
716 1946 765 1991 b3
800 1945 837 1980 in
865 1944 1045 1980 Parabola

339 2012 493 2052 Christi,
530 2012 775 2059 Synagogam
813 2009 1043 2046 Judaeorum

339 2077 526 2125 significat
554 2078 631 2112 660
661 2088 701 2120 c3
737 2075 885 2116 florem,
914 2073 1044 2109 Eccle-

341 2142 415 2177 siae
435 2141 602 2176 fiorentis
623 2140 833 2188 symbolum
857 2141 930 2174 681
951 2138 984 2174 b.

287 2206 436 2248 Fidelis,
465 2204 718 2252 unusquisque
745 2203 940 2251 templum,
971 2202 1046 2238 sive

342 2270 468 2311 altare,
491 2269 563 2305 Dei
585 2274 642 2305 est
664 2271 739 2304 342
762 2280 795 2304 e.

289 2334 413 2375 Fides,
453 2346 562 2381 quam
602 2333 650 2369 sit
683 2332 892 2368 necessaria
926 2333 974 2367 54
1005 2343 1045 2375 c;

341 2398 572 2434 Judaeorum
593 2397 782 2445 praedicta
799 2400 847 2433 54
865 2409 884 2432 e
900 2409 910 2442 3
940 2398 989 2431 65
1006 2407 1046 2439 c;

344 2475 447 2510 spem
463 2462 586 2510 gignit
604 2463 653 2497 56
670 2474 711 2507 a3
737 2461 773 2496 in
788 2460 924 2501 Deum,
938 2461 1050 2496 bene·

345 2527 455 2567 dicta,
502 2526 538 2561 in
585 2525 777 2561 hominem
819 2525 1051 2560 maledicitur

347 2593 397 2629 92
426 2590 471 2636 d;
514 2589 793 2638 justificationis
824 2590 862 2626 in
897 2589 1050 2625 Christo

347 2654 511 2690 conditio
551 2656 600 2691 99
636 2655 681 2699 b;
730 2654 826 2690 filios
859 2653 931 2689 Dei
964 2654 1051 2689 facit

353 2721 423 2755 101
443 2731 484 2765 a;
515 2719 551 2754 in
579 2718 662 2755 Deo
689 2718 911 2760 adhibenda,
939 2719 1048 2754 etiam

347 2788 495 2830 praeter
514 2783 697 2819 rationem
717 2782 885 2830 operanti
907 2785 984 2820 376
1006 2783 1051 2828 d3

349 2848 493 2894 peccati
510 2860 605 2884 onus
620 2847 719 2884 valet
734 2852 908 2884 excutere
926 2850 1001 2884 406
1015 2860 1050 2892 c;

351 2912 428 2948 sine
442 2913 614 2960 operibus
627 2912 840 2960 approbatis
853 2912 944 2947 nihil
955 2912 1054 2948 valet

354 2978 428 3012 423
443 2988 484 3017 e;
512 2977 809 3013 Christianorum
827 2990 901 3013 una
918 2979 989 3013 491
1008 2977 1052 3023 d;

806 208 1021 245 INDEX
1081 206 1326 242 RERUM.

1717 214 1857 238 FAMES.

1155 328 1212 364 lex
1225 325 1510 363 Justificationis
1525 327 1600 361 533
1614 324 1638 360 b
1652 336 1696 370 c3
1725 326 1800 360 534
1816 324 1859 368 b;

1157 392 1297 429 Salutis
1326 391 1490 427 conditio
1518 392 1594 426 470
1622 401 1662 433 c;
1703 388 1860 424 Sancto-

1156 470 1238 493 rum
1267 457 1485 493 alimentum
1514 458 1589 492 573
1613 467 1654 499 a3
1690 453 1735 489 ad
1757 454 1861 501 agni-

1156 522 1298 558 tionem
1326 521 1493 557 veritatis
1520 520 1621 556 ducit
1644 521 1721 555 600
1743 531 1790 563 c3
1825 517 1862 552 in

1157 587 1316 635 pecunia
1334 592 1414 622 tum
1440 584 1663 633 quaerenda,
1685 590 1765 619 tum
1787 582 1863 618 col-

1157 652 1314 688 locanda
1344 651 1520 686 laudatur
1549 651 1622 686 631
1661 661 1706 694 e3

1159 717 1242 753 culo
1280 721 1495 764 comparata
1535 716 1609 751 718
1644 726 1691 759 c3
1739 725 1760 748 a
1787 725 1864 747 non

1750 646 1864 683 verri-

1158 781 1383 817 habentibus
1404 786 1543 816 rectam
1568 777 1863 814 subtrahendum

1160 852 1216 883 est
1237 847 1313 882 842
1332 858 1377 892 e3
1412 844 1491 880 sine
1515 843 1689 891 operibus
1718 847 1866 877 mortua

1161 914 1237 948 865
1261 911 1296 947 d.

1107 977 1200 1018 Filii,
1235 975 1517 1024 Apostolorum,
1552 972 1763 1022 spirituales
1799 983 1868 1021 per

1162 1040 1409 1089 Evangelium
1423 1039 1591 1088 generati
1606 1041 1655 1075 25
1670 1051 1711 1083 a;
1731 1040 1806 1073 750
1822 1037 1842 1072 d
1858 1049 1865 1081 ;

1164 1108 1238 1143 752
1253 1105 1298 1151 b;
1315 1104 1572 1141 fornicationis
1585 1103 1646 1151 qui
1661 1103 1747 1143 sint,
1761 1101 1869 1142 lucis,

1163 1176 1200 1207 et
1221 1170 1291 1206 diei
1314 1172 1360 1206 51
1385 1169 1433 1215 b3
1464 1169 1598 1209 Judae,
1620 1167 1738 1203 sancti
1766 1171 1866 1207 sunt,

1164 1236 1227 1271 filii
1258 1234 1503 1271 confessionis
1534 1235 1610 1270 245
1640 1232 1688 1277 b;
1733 1243 1870 1267 corona

1164 1313 1294 1336 senum
1319 1302 1393 1336 752
1417 1312 1447 1335 c.

1111 1367 1226 1402 Filius
1255 1365 1339 1406 Dei,
1367 1377 1433 1412 per
1460 1363 1606 1400 Jezreel
1636 1361 1870 1410 significatus

1167 1434 1215 1467 56
1239 1443 1282 1475 c3
1314 1430 1350 1465 in
1373 1429 1484 1465 Patre
1511 1428 1614 1463 visus
1639 1429 1687 1463 57
1710 1439 1750 1467 c;
1783 1437 1870 1461 cum

1166 1495 1276 1531 Patre
1296 1507 1395 1530 unus
1416 1493 1589 1539 idemque
1611 1494 1659 1528 98
1682 1503 1723 1532 c;
1757 1493 1806 1527 99
1824 1501 1869 1534 35

1170 1563 1243 1596 100
1276 1559 1325 1603 b3
1369 1557 1590 1605 Coaequalis
1625 1555 1739 1598 Patri,
1776 1554 1868 1590 Uni-

1166 1625 1317 1672 genitus
1350 1625 1425 1659 472
1459 1634 1499 1667 c3
1542 1626 1681 1668 quanta
1711 1619 1870 1655 admira-

1167 1690 1268 1725 tione
1296 1688 1343 1723 sit
1370 1688 1505 1734 dignus
1528 1688 1603 1722 548
1626 1698 1667 1725 c;
1704 1697 1769 1732 per
1790 1697 1870 1719 om·

1167 1753 1228 1789 nia
1261 1751 1425 1799 aequalis
1460 1750 1561 1786 Patri
1592 1752 1668 1786 548
1700 1761 1744 1794 03
1785 1761 1873 1784 cum

1169 1817 1279 1853 Patre
1306 1823 1343 1852 ct
1369 1815 1510 1863 Spiritu
1536 1815 1675 1850 Sancto
1697 1814 1873 1850 Coaeter-

1168 1895 1239 1918 nus
1262 1884 1338 1918 549
1361 1893 1402 1927 e;
1433 1880 1504 1915 nisi
1524 1884 1659 1915 natura
1679 1890 1747 1913 sua
1767 1877 1873 1913 Deus

1170 1948 1231 1989 sit,
1252 1946 1377 1982 idolon
1405 1951 1461 1981 est
1483 1947 1558 1981 593
1581 1957 1623 1985 a;
1656 1943 1761 1979 Deus
1780 1942 1872 1990 ipse,

1171 2011 1288 2048 nostri
1305 2017 1429 2046 tamen
1447 2009 1576 2045 similis
1590 2010 1666 2045 600
1682 2008 1728 2052 b,·
1760 2019 1874 2054 quare

1170 2075 1242 2112 Dei
1257 2074 1493 2123 signaculum
1506 2073 1734 2114 nominetur,
1745 2073 1821 2108 650
1836 2084 1873 2117 e;

1169 2153 1261 2176 voce
1278 2139 1415 2175 Divina
1434 2139 1480 2175 ad
1499 2139 1655 2174 fluvium
1670 2138 1690 2173 J
1697 2137 1876 2172 ordanem

1171 2206 1451 2241 demonstratus
1468 2205 1542 2240 651
1562 2216 1603 2247 a;
1635 2203 1725 2250 ipse,
1743 2208 1878 2237 natura

1172 2282 1251 2310 sua,
1273 2269 1432 2310 Lumen,
1454 2281 1529 2303 non
1556 2267 1706 2303 aliunde
1733 2266 1875 2302 deriva-

1172 2340 1252 2369 tum
1275 2335 1350 2369 683
1372 2333 1416 2377 d;
1452 2332 1551 2380 [vide
1573 2331 1782 2378 Christus].

1120 2398 1283 2435 Fimbria
1307 2397 1420 2433 vestis
1444 2396 1636 2437 Judaicae,
1655 2395 1745 2443 quid
1769 2393 1877 2430 vellet

1177 2465 1250 2499 728
1273 2476 1293 2498 a
1308 2475 1341 2498 e.

1121 2527 1234 2569 Finis,
1269 2527 1438 2562 laborum
1478 2525 1597 2573 gloria
1631 2530 1667 2560 et
1705 2523 1877 2570 voluptas

1176 2594 1248 2628 401
1284 2604 1324 2636 c;
1367 2590 1486 2638 qualis
1517 2589 1564 2625 sit
1595 2589 1757 2630 futurus,
1790 2599 1875 2622 cum

1174 2656 1355 2697 hostibus,
1376 2661 1455 2690 tum
1476 2654 1592 2690 servis
1613 2653 1684 2689 Dei
1706 2654 1781 2689 864
1802 2651 1826 2687 b
1843 2664 1875 2687 e.

1122 2719 1298 2763 Finitimi,
1339 2718 1364 2755 J
1371 2719 1572 2755 udaeorum
1614 2716 1767 2753 Judaeis
1810 2728 1875 2762 op-

1175 2784 1312 2832 pressis
1350 2783 1547 2819 irridentes
1585 2794 1607 2817 a
1643 2780 1726 2816 Deo
1767 2779 1878 2815 minis

1176 2853 1361 2896 urgentur
1391 2849 1467 2884 236
1495 2847 1542 2890 b;
1582 2845 1618 2880 in
1648 2845 1781 2880 vallem
1809 2844 1879 2880 Ju-

1178 2912 1261 2948 dicii
1306 2917 1488 2948 vocantur
1535 2911 1611 2947 239
1659 2922 1678 2945 c
1703 2922 1711 2954 ;
1776 2909 1877 2955 [vide

1179 2976 1334 3023 Vicini].
