2053 3382
311 190 395 229 538
702 190 753 231 Β.
795 188 1080 230 CYRILLI
1122 188 1507 230 ALEXANDR.
1637 189 1809 240 xiv.18,
1832 203 1892 244 19.

309 297 570 360 ἑλομένους,
602 299 877 359 καταδηλοῖ,
912 295 980 350 οἷς
1018 295 1152 348 ε”σται
1190 296 1314 361 δεινὴ
1353 298 1428 347 καὶ
1467 295 1750 366 ἀδιάφυκτος
1789 298 1893 362 δίκη

309 381 382 428 καὶ
410 379 609 444 ὀλέθρου
634 377 861 446 πρόξενος
895 377 951 429 τὸ
983 377 1048 442 μὴ
1083 378 1277 430 ἑλέσθαι
1303 383 1442 442 τιμᾶν
1468 381 1550 442 τῆς
1576 378 1651 429 διὰ
1676 382 1893 444 Χριστοῦ

308 461 544 524 σωτηρίας
578 458 663 523 τὴν
692 459 985 528 ἀξιόληπτον
1015 460 1168 528 χάριν.
1224 459 1369 524 μόνον
1399 460 1494 527 γὰρ
1531 461 1634 528 οὐχὶ
1673 462 1893 528 φονευταὶ

267 559 289 586 c
307 545 401 591 τῶν
431 541 559 591 ἰδίων
590 541 836 607 γεγονότες
874 544 1047 611 ψυχῶν
1079 543 1237 593 ἁλοῖεν
1268 541 1339 605 ἂν,
1371 542 1498 608 ε’ίπερ
1533 543 1663 593 ἐστὶν
1695 541 1888 606 ἀληθὲς,

306 624 367 675 ὡς
405 622 545 682 μετὸν
584 623 738 677 αὐτοῖς
777 623 1123 693 ἐπιδράξασθαι
1161 626 1244 687 τῆς
1283 624 1467 675 αἰωνίου
1505 624 1620 690 ζωῆς
1660 625 1736 675 καὶ
1776 647 1891 690 προ·
1911 644 1933 681 5

304 704 512 768 κειμένης
547 708 609 759 εἷς
643 705 830 774 μέθεξιν
859 710 955 760 τοῖς
989 708 1111 757 ἑλεῖν
1143 704 1359 757 ἐθέλουσι
1392 708 1474 770 τῆς
1510 705 1688 757 ἄνωθεν
1722 705 1887 772 ἡμερό-

302 808 454 849 τητος,
500 788 575 837 καὶ
624 786 718 850 μὴν
769 790 845 839 καὶ
894 788 1320 857 ἀποφορτίσασθαι
1372 787 1457 851 τὴν
1500 788 1743 854 ἁμαρτίαν,
1789 792 1889 842 ταῖς

302 869 477 919 ἑαυτῶν
503 868 806 934 ἐντεθνήκασι
839 869 1058 931 πλάναις,
1086 872 1160 921 καὶ
1196 868 1514 921 ἀναπόνιπτον
1538 869 1773 936 ἐσχήκασι
1804 868 1890 933 τήν

301 972 350 1000 τε
398 951 448 1001 ἐκ
498 956 581 1002 τοῦ
631 955 911 1002 πλανᾶσθαι
960 954 1130 1015 κηλῖδα
1177 953 1251 1003 καὶ
1301 954 1385 1015 τῆς
1434 952 1761 1016 πλημμελείας
1805 950 1889 1002 τὸν

299 1031 567 1096 μολυσμὸν,
599 1032 946 1085 διατετελέκασι
982 1033 1030 1085 δὲ
1066 1035 1142 1084 καὶ
1174 1035 1221 1085 ἐν
1245 1033 1422 1102 πλάνῃ·
1467 1034 1615 1084 καίτοι
1649 1038 1731 1084 τοῦ
1765 1033 1889 1084 θείου
1913 1056 1960 1081 10

301 1113 461 1182 φωτὸς
485 1113 546 1166 τὰ
579 1113 733 1167 πάντα
764 1114 1251 1181 περιαστράπτοντος,
1282 1119 1357 1165 καὶ
1392 1119 1648 1168 καλοῦντος
1682 1118 1743 1167 εἰς
1777 1114 1888 1164 ἀνά-

300 1199 484 1264 βλεψιν
521 1196 628 1251 τοὺς
671 1198 720 1248 ἐν
760 1198 909 1265 ἀχλύϊ
947 1199 1023 1248 καὶ
1068 1195 1245 1248 σκότω.
1299 1197 1445 1265 φαίην
1485 1197 1527 1247 δ’
1569 1195 1626 1247 ἂν
1664 1198 1740 1246 καὶ
1783 1198 1887 1261 περὶ

79 1279 168 1309 ΕΜ
186 1290 227 1311 V¹
255 1277 503 1330 (Ιὲκάστου
541 1283 636 1330 τῶν
673 1280 896 1330 τοιούτων
930 1286 957 1309 “
976 1278 1188 1345 Ἀγαθον
1227 1278 1342 1374 ὑπερ
1380 1278 1521 1329 αὐτον
1559 1276 1613 1329 τὸ
1652 1277 1881 1343 ε’κτρωμα·

79 1332 156 1362 34·

74 1448 235 1498 S.M·att}1.

76 1503 165 1525 xxvi.
185 1502 234 1533 ²4·

300 1366 327 1388 ‘⁴
352 1359 423 1411 ότι
461 1383 510 1411 εν
547 1362 822 1425 ματαιότητι
861 1360 992 1425 ἠλθε,
1032 1384 1107 1412 και
1147 1363 1194 1412 ἐν
1232 1360 1392 1412 σκότει
1429 1382 1685 1427 πορευεται,
1725 1361 1799 1410 καὶ
1838 1360 1887 1409 ἐν

316 1441 514 1493 ςσκότει
556 1441 704 1506 ὄνομα
753 1444 894 1494 αὐτοῦ
940 1443 1446 1510 κατακαλυφθήσεται.’
1437 1444 1460 1459 ”
1531 1450 1558 1471 “
1581 1441 1748 1493 Καλὸν
1792 1463 1886 1507 γαρ
1910 1463 1955 1501 15

299 1530 326 1552 ‘⁶
353 1524 506 1577 αὐτοῖς
533 1527 570 1574 εὶ
599 1522 664 1588 μὴ
690 1524 1050 1591 ἐγεννήθησαν,”
1080 1524 1198 1575 κατὰ
1224 1523 1310 1588 τὴν
1334 1530 1417 1575 τοῦ
1446 1526 1665 1590 Σωτῆρος
1701 1523 1880 1591 φωνήν.

298 1604 369 1656 ὅτι
404 1605 451 1656 δὲ
487 1607 540 1657 οὐ
574 1606 693 1657 κατὰ
727 1605 873 1669 μόνον
904 1611 1000 1657 τῶν
1027 1607 1292 1672 Αἰγυπτίων
1328 1608 1353 1657 ὁ
1391 1606 1549 1672 λόγος,
1584 1605 1685 1674 ἥξει
1722 1604 1770 1656 δὲ
1809 1608 1884 1656 καὶ

297 1686 416 1737 κατὰ
455 1687 627 1739 πάντων
660 1687 740 1739 τῶν
780 1687 907 1751 ἐθνῶν,
949 1687 979 1739 ἂ
1019 1688 1172 1751 πάντη
1213 1711 1262 1739 τε
1303 1690 1377 1738 καὶ
1417 1688 1603 1741 πάντως
1641 1687 1885 1751 κολασθή-

297 1790 481 1827 σονται,
508 1772 591 1833 τῆς
626 1768 701 1820 διὰ
736 1773 953 1835 Χριστοῦ
992 1771 1229 1834 σωτηρίας
1267 1767 1566 1837 ἠφειδηκότα,
1597 1772 1671 1819 καὶ
1701 1768 1786 1832 τὴν
1812 1770 1882 1820 ἐπ’

297 1851 422 1920 αὐτῷ
471 1850 735 1917 πανήγυριν
779 1852 834 1902 οῦ
883 1851 1177 1915 τετιμηκότα,
1227 1850 1522 1902 πιστώσεται
1571 1850 1727 1916 λέγων
1768 1851 1883 1911 Αὕτη
1905 1873 1954 1897 20

258 1931 425 1984 ρὲσ-ται
465 1936 486 1993 ἦ
525 1933 729 2003 ἁμαρτία,
762 1933 991 1999 Αἰγύπτου
1033 1938 1110 1984 καὶ
1151 1935 1172 1993 ἡ
1210 1934 1415 2000 ἁμαρτίαι
1454 1931 1626 1983 πάντων
1659 1932 1738 1983 τῶν
1772 1932 1884 1985 ἐθνῶν

296 2014 382 2066 ’ἑο-οι
421 2013 473 2067 οἳν
511 2039 572 2083 μη
612 2016 760 2087 οὶνοιβῇ
800 2016 870 2066 τοῦ
912 2014 1118 2082 ἑορτάσαι
1164 2013 1233 2074 τὴν
1272 2013 1406 2083 ἑορτὴν
1444 2013 1520 2074 τῆς
1562 2018 1882 2080 σκηνοπηγίας.

295 2095 388 2161 πρὸ
423 2096 508 2160 μὲν
539 2096 632 2163 γὰρ
670 2099 752 2160 τῆς
787 2101 870 2147 τοῦ
905 2099 1124 2161 Σωτῆρος
1159 2096 1402 2160 ἐπιδημίας
1436 2095 1559 2163 τάχα
1592 2119 1692 2149 πως
1729 2095 1787 2159 ἧν
1817 2096 1883 2147 ε”τι

295 2179 370 2228 καὶ
409 2178 504 2229 ἀπὸ
542 2178 710 2244 μέρους
748 2178 1014 2246 εῦάφορμος
1052 2182 1145 2228 τῶν
1185 2179 1331 2228 ἐθνῶν
1370 2178 1397 2241 ἡ
1435 2177 1732 2243 παραίτησις,
1771 2178 1881 2244 παρ’

294 2260 479 2313 οὐδενὸς
518 2262 779 2323 κεκλῆσθαι
818 2258 1072 2324 λεγόντων·
1117 2259 1356 2327 διεκήρυξε
1394 2258 1488 2324 γὰρ
1526 2259 1681 2313 αὐτοῖς
1719 2259 1878 2312 οὐδείς.
1904 2282 1951 2320 25

293 2340 532 2406 τοιγάρτοι
574 2343 649 2392 καὶ
695 2341 721 2391 ὁ
767 2339 935 2406 Σωτὴρ
979 2341 1028 2390 ἐν
1069 2340 1393 2406 εῦαγγελικαῖς
1437 2340 1547 2404 ἡμῖν
1583 2345 1883 2407 παραβολαῖς

293 2421 407 2473 αὐτὸ
442 2428 581 2474 τοῦτο
615 2422 967 2484 καταδεικνύων,
1003 2421 1110 2475 τοὺς
1146 2421 1345 2488 ἐργάτας
1383 2421 1474 2491 ἔφη
1513 2420 1620 2476 τοῦς
1657 2424 1762 2489 περὶ
1796 2422 1882 2486 τὴν

342 2583 373 2607 2.
399 2587 466 2617 πρ(
459 2574 563 2618 ξενος
591 2574 637 2608 D.
667 2573 759 2608 Edd.
794 2574 958 2618 πρόξενιοι
984 2585 1002 2607 e
1029 2572 1255 2617 castigatione
1285 2584 1411 2607 manus
1443 2578 1481 2607 ut
1510 2572 1648 2607 videtur
1675 2572 1806 2617 primae
1837 2574 1879 2609 C.

293 2628 326 2661 5.
352 2634 596 2664 προσκειμενης
613 2621 711 2665 prius
731 2621 772 2654 C.
792 2636 815 2654 σ
835 2627 953 2663 poste]
971 2632 1080 2655 eraso.
1098 2635 1164 2664 πρ(
1168 2635 1335 2662 κειμενους
1356 2620 1431 2663 Mig
1435 2632 1488 2653 ne.
1761 2628 1794 2663 7.
1821 2620 1880 2662 τὴν

291 2664 457 2710 ἁμαρτίαν
476 2666 517 2700 C.
535 2682 594 2702 τας
610 2667 772 2710 ἁμαρτίας
791 2665 1428 2709 Ε(Ῑ(1.8.ε“ντεθνήκασι
1450 2665 1489 2699 C.
1496 2665 1542 2699 D.
1561 2665 1766 2699 ἐντεθείκασι
1785 2666 1877 2701 Edd.

292 2724 325 2754 9.
351 2727 387 2745 τε
405 2720 627 2757 assumptum
646 2726 686 2747 ex
706 2713 746 2748 C.
929 2724 980 2747 10.
1006 2713 1041 2746 δέ
1062 2712 1102 2746 C.
1122 2727 1157 2746 τε
1176 2712 1234 2746 iid.
1415 2723 1466 2745 12.
1494 2713 1604 2756 σκότῳ
1624 2711 1665 2745 C.
1684 2713 1798 2746 σκότει
1815 2713 1879 2747 iid.

296 2768 349 2801 13.
375 2759 511 2803 αγαθῶν
530 2760 558 2793 C
576 2772 683 2794 lnanu
703 2771 824 2804 pruna.
1059 2759 1110 2794 16.
1137 2760 1249 2793 αὐτοῖς
1267 2759 1295 2792 εἷ
1311 2774 1355 2802 μη
1375 2757 1602 2803 ἐγεννήθησαν
1619 2758 1660 2792 C.
1679 2758 1768 2803 αὐτῷ
1787 2759 1815 2792 εἷ
1831 2760 1876 2803 μὴ

291 2804 430 2848 ἐγενήθη
452 2805 628 2851 [ἐγεννήθη
647 2807 797 2840 correxit
816 2805 957 2851 Migne]
978 2805 1037 2839 iid.
1098 2808 1157 2839 τοῦ
1177 2806 1453 2849 suprascriptum
1473 2816 1578 2838 manu
1597 2804 1686 2838 forte
1705 2806 1815 2848 prima
1834 2806 1876 2840 C.

296 2859 348 2894 17.
376 2853 478 2892 μόνον
497 2852 537 2886 C.
556 2855 666 2897 μόνων
684 2852 743 2887 iid.
872 2863 939 2887 20—
943 2863 998 2887 22.
1028 2852 1123 2886 Haec
1142 2858 1180 2885 ut
1198 2852 1303 2908 verlga
1323 2851 1513 2894 Piophetae
1531 2851 1701 2884 collocant
1721 2851 1762 2885 B.
1783 2851 1875 2886 Edd.

290 2896 448 2931 scholion
469 2910 537 2933 nov
541 2911 601 2933 um
620 2899 838 2944 incipientes.
1000 2909 1055 2932 21.
1081 2899 1179 2932 ἕσται
1199 2898 1239 2931 C.
1258 2898 1353 2932 ἐστὶν
1372 2896 1462 2930 Edd.
1483 2897 1616 2941 (Alex.)
1636 2898 1679 2932 cf.
1700 2897 1737 2931 F.
1757 2910 1874 2943 supra.

292 2951 346 2975 22.
373 2942 409 2977 ὃς
427 2943 468 2977 C.
490 2945 537 2988 (V
541 2951 585 2979 at.
592 2945 603 2987 )
832 2956 886 2988 ²4·
913 2946 1106 2991 εἰιιφορμος
1126 2945 1166 2980 C
1186 2945 1356 2989 εὔμορφος
1375 2942 1466 2977 Edd.
1692 2952 1747 2989 27.
1775 2959 1874 2979 κατα-

290 2986 444 3023 δεικνυων
464 2990 504 3024 Β.
511 2991 551 3026 C.
571 2991 727 3026 δεικνιων
746 2992 836 3026 Edd.
