2018 3387
109 178 177 219 xii.
210 193 362 232 11—14.
496 183 566 222 IN
610 183 1030 223 ZACHARIAM.
1092 183 1244 222 TUM.
1273 182 1320 220 Y.
1616 180 1694 217 495

175 290 346 343 ἑαυτήν,
374 294 442 334 καὶ
469 292 509 335 αἱ
539 292 730 340 Γυναῖκες
767 295 908 336 αὐτῶν
939 295 1027 335 καθ’
1061 296 1230 335 ἑαυτάς·
1275 293 1388 348 φυλὴ
1417 293 1489 332 τοῦ
1514 289 1693 337 Συμεὼν

175 375 265 415 καθ’
310 376 480 427 ἑαυτὴν,
519 377 587 417 καὶ
625 375 666 418 αἱ
706 375 897 425 Γυναῖκες
936 378 1078 418 αὐτῶν
1118 376 1210 417 καθ’
1255 375 1424 416 ἑαυτάς.
1485 376 1613 413 micon
1652 369 1692 411 αἱ
1721 383 1760 415 ¹4

173 458 304 511 φυλαὶ
343 457 384 499 αἱ
423 461 796 511 ὑπολελειμμέναι,
832 462 945 515 φυλή
987 460 1078 501 καθ’
1115 459 1286 510 ἑαυτὴν,
1315 459 1382 499 καὶ
1421 455 1461 498 αἱ
1501 453 1692 504 Γυναῖκες

173 539 314 581 αὐτῶν
354 542 445 582 καθ’
485 542 654 584 ἑαυτάς.

65 743 88 782 5
185 733 578 800 Καταδῃουμένης
618 732 810 797 ἁπάσης
849 736 931 797 τῆς
961 733 1188 786 Ἰουδαίας
1226 731 1344 783 κατὰ
1380 730 1565 797 καιροὺς
1600 728 1742 781 <brba

106 815 190 877 τῆς
228 818 322 864 τῶν
348 815 595 879 Ῥωμαίων
627 816 890 881 στρατείας,
919 819 993 866 καὶ
1030 817 1171 877 αὐτῆς
1211 813 1259 865 δὲ
1298 813 1698 879 πολιορκουμένης

106 898 189 959 τῆς
213 896 544 962 Ἰερουσαλὴμ,
571 903 780 948 τοιοῦτον
811 897 1013 948 ἔσεσθαί
1048 902 1172 964 φησι
1210 896 1339 962 παρὰ
1378 900 1472 947 τῶν
1503 896 1551 945 ἐν
1582 895 1698 962 αὐτῇ

105 976 188 1029 τὸν
229 979 424 1042 κσπετὶν,
463 981 624 1030 ὁποῖον
663 978 721 1029 ἂν
759 979 1013 1043 ποιήσαιτο
1052 977 1257 1044 γηπόνος
1297 978 1437 1048 pedm
1477 978 1696 1028 ἐκκεπτσ-

105 1059 248 1128 μένου.
316 1060 502 1115 εὐανθὲς
544 1061 628 1124 μὲν
670 1062 764 1127 γὰρ
808 1060 861 1112 τὸ
905 1059 1069 1129 φυτὸν,
1111 1063 1186 1111 καὶ
1232 1059 1436 1128 συχνοὺς
1480 1060 1532 1109 ἐκ
1576 1058 1700 1125 ῥίζης

41 1162 89 1188 10
107 1141 266 1206 ἀνιήσι
292 1142 477 1196 κλωνάς
502 1142 669 1209 ὀρθοὺς
696 1145 770 1193 καὶ
798 1142 1186 1207 εὐμηκεστάτους.
1223 1146 1259 1193 εἷ
1286 1143 1332 1193 δέ
1361 1140 1417 1205 δὴ
1446 1143 1521 1191 καὶ
1546 1142 1701 1193 αὐτοῖς

108 1223 401 1292 ἐξωραῖζοιτο
441 1230 535 1279 τοῖς
579 1229 786 1291 καρποῖς,
827 1224 931 1275 τότε
976 1223 1031 1287 δὴ
1071 1223 1287 1287 μάλιστα
1327 1227 1402 1273 καὶ
1441 1224 1489 1272 ἐν
1527 1227 1701 1291 πολλῷ

109 1309 253 1356 κεῖται
306 1306 522 1370 θαύματι.
589 1309 750 1375 χρῆμα
801 1305 895 1372 γὰρ
945 1305 1228 1374 ἀξιέραστον
1270 1306 1297 1367 ἡ
1346 1303 1465 1372 ῥοιὰ,
1511 1309 1700 1373 φυσικῷ

109 1387 437 1454 διαπρέπουσα
472 1388 639 1439 κάλλει
673 1390 748 1439 καὶ
783 1392 877 1438 τῶν
903 1386 1124 1453 ὀρπήκων
1151 1385 1467 1452 ἀπηρτημὲνη,
1495 1389 1569 1435 καὶ
1604 1391 1700 1438 τοῖς

110 1468 207 1519 ε”σω
233 1467 414 1523 κόκκοις
439 1468 902 1537 συμπεφοινιγμένον
927 1468 1105 1537 ἔχουσα
1130 1473 1224 1519 τῶν
1251 1468 1460 1534 ἐλύτρων
1487 1466 1541 1518 τὸ
1566 1464 1697 1521 εἶδος.
1718 1490 1740 1515 ο

42 1567 90 1606 15
111 1549 358 1602 πάνδεινον
384 1550 446 1614 δὲ,
473 1554 534 1605 ὡς
567 1551 698 1620 ἔφην,
727 1554 802 1602 καὶ
829 1550 1033 1618 ἀνιαρὸν,
1060 1552 1178 1615 ὁμοῦ
1214 1555 1310 1603 τοῖς
1344 1555 1540 1616 καρποῖς
1573 1551 1694 1600 ἀπο-

109 1633 346 1699 κείρεσθαι
370 1633 424 1684 τὸ
451 1633 614 1701 φυτόν.
665 1633 776 1684 ἀλλ’
804 1632 862 1697 ἧν
888 1656 933 1684 τι
963 1639 1172 1684 τοιοῦτον
1200 1635 1311 1684 ἰδεῖν
1337 1637 1432 1685 τοῖς
1457 1631 1698 1684 Ἰουδαίοις

108 1719 392 1778 συμβαῖνον.
461 1715 578 1766 ὅσον
622 1713 705 1778 μὲν
746 1715 839 1781 γὰρ
884 1715 994 1780 ἧκεν
1035 1720 1097 1769 εἷς
1139 1714 1222 1768 τὰς
1264 1716 1313 1765 ἐκ
1357 1713 1502 1777 νόμου
1545 1712 1696 1775 τιμὰς,

109 1797 255 1863 ῥοιαῖς
287 1796 532 1863 εὐκάρποις
562 1796 910 1863 παρεικάζοιντο
946 1795 1005 1847 ἂν
1037 1795 1222 1850 εἰκότως
1255 1799 1295 1846 οἱ
1330 1796 1615 1861 προῦχοντες
1650 1795 1698 1844 ἐν

110 1879 281 1935 αὐτοῖς·
324 1882 366 1930 οἱ
392 1878 477 1943 μὲν
500 1879 594 1945 γὰρ
620 1881 669 1929 ἐκ
695 1882 777 1942 τῆς
803 1878 957 1930 Ἰούδα
990 1881 1159 1946 φυλῆς,
1188 1877 1294 1930 τοὺς
1330 1880 1413 1940 τῆς
1448 1876 1698 1937 βασιλείας

42 1984 92 2008 20
111 1959 345 2013 διέποντες
371 1959 566 2026 θρόνους
599 1964 660 2013 εἷς
696 1960 836 2029 λῆξιν
861 1961 1069 2013 εὐκλείας
1095 1959 1297 2010 τέθειντο
1322 1957 1431 2024 παρ’
1460 1959 1627 2019 αὐτοῖς,
1655 1960 1697 2007 οὶ

109 2040 159 2092 δὲ
185 2043 236 2092 ἐκ
260 2045 342 2105 τῆς
370 2045 527 2111 φυλῆς
550 2043 661 2092 Λευὶ
685 2047 781 2095 τοῖς
807 2044 890 2105 τῆς
913 2041 1167 2108 ἱερωσύνης
1193 2039 1464 2107 αὐχήμασιν
1491 2039 1539 2088 εὖ
1564 2037 1696 2101 μάλα
1713 2060 1735 2085 a
1763 2053 1846 2087 785
1869 2051 1922 2086 A.

108 2123 486 2188 κατεστεμμένοι,
525 2125 742 2190 λαμπροί
783 2146 832 2174 τε
879 2122 1005 2188 ἦσαν
1043 2125 1119 2174 καὶ
1159 2121 1416 2186 διαβόητοι·
1471 2121 1518 2171 τί
1554 2120 1597 2170 δ’
1640 2119 1697 2170 ἂν

108 2204 292 2270 λέγοιμι
319 2205 479 2272 κριτάς
516 2229 565 2256 τε
599 2207 673 2256 καὶ
709 2204 924 2268 νομικοὺς
960 2207 1035 2256 καὶ
1067 2202 1175 2258 τοὺς
1210 2209 1310 2257 ταῖς
1345 2202 1518 2268 ἑτέραις
1544 2207 1697 2265 τιμαῖς

108 2287 580 2353 κατηγλαϊσμένους;
639 2286 794 2352 ἐπειδὴ
836 2286 884 2338 δὲ
923 2285 1321 2357 πεπαριρνήκασιν
1359 2287 1421 2338 εἷς
1459 2282 1694 2349 Χριστὸν,

42 2381 90 2420 25
112 2370 319 2420 δέδονται
346 2374 441 2422 τοῖς
467 2370 664 2435 ἐχθροῖς,
682 2369 1039 2437 καταδῃούντων
1066 2369 1220 2421 αὐτοῖς
1246 2367 1332 2431 τὴν
1358 2365 1516 2434 χώραν
1534 2366 1694 2415 Οὐεσ-

111 2456 348 2503 πασιανοῦ
374 2473 422 2501 τε
454 2452 529 2501 καὶ
556 2450 714 2513 Τίτου,
741 2451 1138 2517 πολιορκουμένης
1172 2472 1222 2501 τε
1257 2452 1337 2513 τῆς
1363 2446 1696 2513 Ἰερουσαλὴμ,

161 2639 191 2663 1.
217 2631 276 2662 τοῦ
294 2633 517 2672 assumptum
536 2638 577 2660 ex
597 2626 637 2660 C.
656 2625 752 2660 deest
770 2627 806 2660 in
825 2626 862 2660 F.
882 2625 989 2671 (Co.)
1214 2626 1247 2660 6.
1273 2628 1338 2659 τῶν
1355 2630 1577 2668 assumptum
1595 2635 1637 2657 ex
1657 2623 1697 2658 C.

111 2676 290 2720 στρατείας
309 2674 350 2709 C.
370 2676 531 2719 στρατιᾶς
550 2672 641 2707 Edd.
1148 2683 1160 2706 1
1172 2684 1201 2707 Ι.
1228 2671 1265 2706 εὖ
1282 2668 1457 2717 ὦραΐζοιτο
1476 2670 1516 2703 C.
1535 2670 1643 2703 invito
1660 2670 1696 2704 b.

114 2733 168 2766 13.
195 2722 247 2756 καὶ
264 2722 362 2766 prius
380 2726 603 2765 assumptum
623 2731 663 2753 ex
684 2718 763 2753 C.b.
828 2719 977 2763 ὀρπίκων
996 2717 1074 2753 C.b.
1369 2730 1419 2759 14.
1446 2716 1597 2760 ἐλύτρων
1615 2716 1695 2750 C.b.

143 2771 162 2793 λ

111 2800 262 2845 ἐλύτρων
281 2801 323 2835 Β.
342 2800 519 2846 ἐλύστρων
537 2799 630 2834 Edd.
1042 2809 1095 2840 15.
1121 2796 1377 2842 ἀποκείρεσθαι]
1399 2796 1572 2840 ἀποκεῖραι
1591 2796 1643 2829 καὶ
1661 2795 1696 2830 b.

116 2856 169 2892 17.
196 2848 264 2891 ἥκει
283 2847 376 2881 Edd.
685 2846 738 2880 IS.
765 2845 942 2889 εὐκάρποις
961 2844 1002 2878 C.
1020 2844 1200 2889 ἐγκάρποις
1220 2844 1260 2877 Β.
1279 2844 1338 2877 iid.
1403 2844 1636 2888 παρεικάζοιτο
1655 2842 1697 2876 C.

116 2905 169 2938 19.
194 2894 260 2938 γὰρ
278 2905 348 2927 om.
368 2893 408 2928 C.
428 2905 549 2928 rasura
567 2893 672 2927 trium
692 2893 761 2926 fere
780 2893 845 2926 litt.
895 2891 999 2924 habet
1018 2891 1065 2926 D.
1172 2901 1228 2924 20.
1253 2891 1391 2933 τέθηντο
1407 2890 1446 2923 C.
1561 2900 1615 2923 21.
1640 2890 1699 2931 τῆς

113 2941 210 2984 prius
229 2946 452 2985 assumptum
469 2953 509 2974 ex
530 2940 571 2974 C.
766 2949 821 2972 22.
847 2936 900 2982 τε]
921 2938 956 2971 δὲ
976 2937 1017 2971 C.
1218 2946 1272 2982 25.
1300 2935 1452 2982 ἐχθροῖς]
1477 2941 1513 2977 ÷
1535 2937 1587 2970 καὶ
1608 2935 1699 2969 Edd.

114 2986 230 3021 invitis
251 2986 338 3021 B.C.
