1997 3361
108 146 148 186 ii.
176 161 234 199 ¹4-
561 149 633 190 IN
676 151 952 191 ABACUC.
1013 149 1164 189 '1¹0st
1204 149 1232 189 Ι.
1605 149 1678 188 107

113 257 270 320 Κύρου
303 261 376 309 καὶ
411 263 503 310 τῶν
529 259 619 311 σὺν
645 263 782 330 αὐτῷ,
811 265 883 312 καὶ
911 263 937 324 ἡ
963 261 1111 312 πάλαι
1147 257 1268 322 δεινὴ
1297 260 1370 308 καὶ
1397 257 1678 321 ἄθραυστος,

109 340 182 387 καὶ
221 339 511 404 δυσάντητον
535 348 628 395 τοῖς
667 343 833 396 ἄλλοις
872 346 938 393 αἐὶ
979 340 1359 408 κατεξανιστᾶσα
1397 338 1482 402 τὴν
1518 341 1679 401 ἑαυτῆς

109 419 327 484 ὠμότητα
358 425 576 490 φαίνηται
611 424 780 476 λοιπὸν
811 425 971 490 οἰκτρά
1008 448 1055 474 τε
1096 426 1169 474 καὶ
1209 423 1418 481 ἄναλκις,
1448 424 1522 470 καὶ
1563 423 1674 470 ὁλο-

108 503 290 567 τρόπως
316 504 592 569 ήρημωμένη
613 509 685 557 καὶ
713 506 800 557 ὑπὸ
821 507 965 560 πόδας
986 508 1181 574 ἐχθρῶν,
1205 504 1307 555 τότε
1333 502 1389 566 δὴ
1416 503 1518 553 τότε
1545 508 1679 552 πᾶσα
1698 523 1719 549 e

66 601 87 639 5
109 585 328 650 λοιπὸνὴ
362 586 435 638 ὑπ’
464 588 658 654 οὐρανὸν
689 589 758 649 Thu
797 590 922 640 θείαν
959 587 1157 652 συνήσει
1196 585 1323 656 δοξαν
1362 586 1454 649 ὅση
1494 585 1547 635 τέ
1578 587 1680 634 ἐστι

108 668 183 716 καὶ
231 667 383 732 ἡλίκη,
427 671 886 731 κατεμπλησθηζσεται
930 670 977 721 δὲ
1020 674 1102 733 τῆς
1156 674 1217 723 εἷς
1268 674 1404 719 τοῦτο
1455 667 1675 732 γνώσεως.

106 748 282 813 ἐκράτει
319 751 403 813 μὲν
441 752 533 818 γὰρ
570 753 597 816 ἡ
634 753 888 804 Χαλδαίων
913 751 1048 819 ἀρχὴ,
1075 755 1148 801 καὶ
1186 751 1241 815 ἦν
1273 752 1393 800 οὕτω
1418 750 1679 815 περίοπτος,

107 830 229 895 δεινή
265 855 313 883 τε
352 836 425 883 καὶ
465 835 659 902 ἄμαχος,
686 836 1064 903 ἀνεξικακοῦντος
1093 838 1217 884 Θεοῦ
1256 835 1330 882 καὶ
1369 832 1528 884 δόντος
1564 832 1680 898 αὐτῇ

107 911 160 962 τὸ
196 916 269 964 καὶ
296 916 437 978 αὐτῆς
471 920 699 982 κρατῆσαι
726 921 807 980 τῆς
832 915 1068 977 Ἰουδαίας,
1096 916 1261 980 μυρίας
1288 937 1335 964 τε
1364 914 1482 966 ὅσας
1508 913 1675 981 ἐξανα-

40 1021 87 1046 10
106 998 286 1059 στῆσαι
323 997 499 1052 πόλεις.
561 999 714 1063 ἐπειδὴ
742 999 789 1049 δὲ
815 1004 910 1052 τοῖς
936 1000 1051 1065 αὐτῇ
1089 997 1322 1062 πρέπουσι
1353 1001 1507 1048 κακοῖς
1545 1018 1675 1060 περι-

104 1082 271 1136 βαλεῖν
295 1080 546 1146 ἐσκέψατο,
575 1083 856 1144 κατεσείσθη
882 1083 956 1131 καὶ
988 1080 1197 1131 πέπτωκε
1238 1081 1312 1129 καὶ
1347 1077 1527 1127 δέδοται
1564 1076 1680 1142 πρὸς

104 1160 356 1225 ἐρήμωσιν.
423 1162 631 1214 τοιοῦτόν
654 1186 697 1213 τι
734 1166 855 1232 φησὶ
891 1164 964 1213 καὶ
994 1164 1018 1213 ὁ
1044 1160 1290 1228 προφήτης
1317 1160 1538 1224 Ἱερεμίας
1576 1162 1680 1224 περὶ
1699 1183 1720 1206 a
1745 1175 1829 1208 542
1852 1173 1901 1207 A.

105 1243 246 1306 αὐτῆς
285 1250 311 1273 ‘⁶
331 1247 443 1297 Πῶς
482 1244 694 1309 ἐκλάσθη
733 1248 807 1295 καὶ
841 1245 1094 1310 συνετρίβη
1130 1244 1158 1307 ἡ
1197 1242 1363 1310 σφύρα
1400 1240 1560 1304 πάσης
1599 1244 1680 1305 τῆς
1742 1244 1836 1317 {2¹33

107 1331 134 1354 “
156 1328 272 1391 γῆςς
322 1331 422 1380 πῶς
460 1326 654 1392 ἐγενήθη
693 1331 753 1381 εἷς
792 1325 1065 1396 ἀφανισμὸν
1105 1324 1341 1385 Βαβυλὼν
1378 1325 1427 1374 ἐν
1464 1323 1678 1383 ε”θνεσινς
1746 1330 1861 1370 23-26·

40 1428 86 1465 15
108 1414 134 1437 “
156 1408 463 1472 ἐπιθήσονταί
506 1433 597 1472 σοι,
645 1412 719 1461 καὶ
771 1411 940 1477 ἁλώσῃ
986 1407 1221 1469 Βαβυλὼν
1268 1409 1340 1457 καὶ
1392 1407 1446 1456 οὐ
1495 1404 1678 1472 γνώσῃ·

105 1497 134 1520 “
160 1491 348 1556 εὑρέθης
395 1495 470 1542 καὶ
517 1492 742 1561 ἐλήφθης,
792 1491 861 1543 ὅτι
910 1495 975 1561 τῷ
1023 1490 1181 1559 Κυρίῳ
1226 1487 1464 1551 ἀντέστης.
1528 1487 1682 1556 ἤνοιξε

105 1579 133 1602 “
162 1573 333 1639 Κύριος
366 1573 448 1624 τὸν
486 1574 724 1640 θησαυρὸν
758 1576 899 1624 αὐτοῦ
940 1575 1015 1625 καὶ
1056 1572 1274 1641 ἐξήνεγκε
1314 1570 1373 1620 τὰ
1418 1569 1563 1633 σκεύη
1601 1572 1683 1632 τῆς

106 1657 303 1722 “ὀργῆς
339 1657 494 1715 αὐτοῦ,
529 1656 599 1707 ὅτι
636 1656 772 1722 ἔργον
807 1659 872 1706 τῶ
902 1656 1060 1724 Κυρίῳ
1087 1658 1195 1723 Θεῷ
1233 1655 1280 1704 ἐν
1319 1657 1382 1720 γῇ
1409 1651 1683 1720 Χαλδαίων,

108 1744 135 1767 “
160 1737 231 1788 ὅτι
255 1738 548 1803 ἐληλύθασιν
573 1742 614 1789 οἱ
643 1761 789 1804 καιροι
818 1739 974 1802 αυτῆς.

38 1839 88 1864 20
178 1820 359 1871 ΗΙστεον
400 1821 462 1882 δε,
503 1820 572 1871 ὅτι
615 1844 732 1882 μετα
772 1820 856 1884 τὴν
899 1824 993 1871 τῶν
1032 1817 1381 1885 Ιεροσολύμων
1422 1816 1679 1883 πόρθησιν,

106 1902 474 1971 μεταπεφοιτηκε
517 1902 601 1965 μὲν
638 1904 712 1953 ἐπι
754 1926 813 1952 τα
850 1901 958 1966 εθνη
1003 1900 1230 1967 Χριστὸς,
1274 1924 1393 1966 εγνω
1445 1899 1494 1950 δε
1545 1921 1682 1950 πασα
1700 1909 1726 1949 b

107 1982 276 2034 λοιπον
325 1984 353 2047 ἡ
406 1985 479 2035 ὑπ’
520 1985 716 2049 οὐρανὸν
753 2009 822 2043 την
872 1989 955 2034 τοῦ
1004 1987 1129 2034 Θεοῦ
1172 1984 1246 2033 καὶ
1298 1981 1487 2046 Πατρὸς
1539 1977 1682 2050 δοξαν,

106 2088 365 2124 τουτεστιν,
408 2065 549 2115 αὑτὸν
586 2069 755 2117 ὡσανεὶ
789 2065 1041 2134 χειμαῤῥου
1082 2065 1166 2129 τὴν
1204 2067 1293 2128 γῆν
1337 2063 1678 2129 ἐπικλύζοντος.

105 2153 319 2210 ποταμοῦ
366 2147 459 2213 γὰρ
509 2148 639 2211 δίκην
690 2149 931 2216 ἐξενευσεν
982 2148 1050 2199 ἐπ’
1097 2146 1262 2200 αὐτούς
1305 2146 1329 2196 ὁ
1380 2142 1604 2209 Χριστος,
1656 2145 1681 2193 ὁ

1081 2232 1099 2241 a.

40 2252 88 2289 25
107 2252 181 2280 και
214 2228 364 2280 παλαι
394 2229 545 2294 λεγων
580 2229 654 2280 διὰ
684 2229 932 2298 προφήτου
967 2234 1126 2298 φωνης
1160 2236 1187 2258 “
1205 2227 1327 2278 Ἰδου
1361 2226 1453 2292 ἐγω
1486 2226 1681 2276 ἐκκλινω
1743 2242 1895 2273 Es.1xvi.

1746 2296 1793 2317 12.

108 2318 134 2341 “
160 2311 229 2362 ἐπ’
272 2312 436 2365 αὐτοὺς
475 2314 536 2365 ὡς
578 2310 786 2374 ποταμὸς
821 2311 1015 2377 εἰρήνης,
1050 2314 1124 2361 καὶ
1163 2313 1225 2363 ὡς
1262 2308 1538 2377 χειμάῤῥους
1576 2309 1676 2358 ἐπι-

108 2401 135 2422 “
162 2393 343 2460 κλύζων
381 2394 526 2463 δόξαν
563 2394 754 2444 ἐθνῶν.”
795 2392 1258 2461 μεμοσχοποιηκότος
1289 2391 1380 2457 γάρ
1412 2413 1527 2442 ποτε
1563 2389 1683 2441 κατὰ

156 2593 188 2617 2.
215 2582 488 2626 κατεξανιστῶσα
507 2581 599 2617 Edd.
657 2581 756 2624 αὐτῆς
775 2581 820 2614 D.
1071 2593 1103 2623 4.
1130 2580 1315 2614 ὑποπόδιον
1332 2578 1424 2612 Edd.
1478 2579 1553 2612 τότε
1570 2579 1628 2612 alt.
1648 2585 1681 2613 et

106 2630 229 2663 λοιπὸν
245 2641 313 2662 om.
335 2629 380 2662 D.
630 2639 681 2662 ΙΙ.
709 2643 761 2661 και
778 2627 930 2662 πέπτωκε
947 2639 1014 2660 om.
1036 2627 1081 2660 D.
1321 2637 1373 2659 12.
1400 2626 1451 2658 καὶ
1470 2627 1487 2658 ὁ
1504 2625 1681 2670 προφήτης

108 2683 288 2720 assumpta
304 2688 346 2709 ex
365 2676 410 2710 D.
457 2675 521 2720 Ἰερ
527 2675 553 2721 .]
574 2680 610 2716 -ξ-
632 2689 684 2708 και
704 2675 745 2708 Β.
891 2675 944 2708 16.
970 2672 1037 2718 οτι]
1058 2672 1144 2707 ούτω
1165 2674 1209 2707 D.
1367 2683 1419 2716 17.
1448 2673 1618 2716 θησαυρὸν
1634 2673 1679 2706 D.

108 2723 288 2767 ὀφθαλμὸν
306 2722 348 2756 Β.
363 2722 454 2756 Edd.
473 2723 515 2757 ab
536 2723 694 2757 Holmes.
714 2727 746 2755 et
761 2721 855 2754 Pars.
873 2721 940 2754 hoc
958 2733 997 2754 ex
1017 2732 1087 2754 uno
1104 2722 1180 2754 loco
1198 2718 1678 2764 cit.18.y27]

107 2772 148 2812 τῇ
168 2769 258 2803 Edd.
371 2780 426 2803 20.
452 2770 488 2803 δὲ
506 2775 726 2814 assumptum
744 2780 785 2801 ex
806 2768 846 2801 B.
896 2771 962 2801 τῶν
978 2779 1047 2800 om.
1068 2767 1113 2800 D.
1227 2776 1280 2798 22.
1306 2765 1428 2798 λοιπὸν
1444 2772 1523 2810 post
1541 2766 1681 2809 οὐρανὸν

108 2822 240 2860 transp.
255 2816 300 2850 D.
400 2827 454 2860 23.
472 2817 572 2850 αὐτον
591 2816 631 2849 Β.
639 2816 682 2849 D.
687 2816 720 2849 b.
735 2815 836 2848 αὐτοῦ
855 2813 945 2847 Edd.
995 2811 1459 2858 χειμάῤῥου-ἐπικλυζοντος
1480 2813 1522 2845 D.
1541 2811 1679 2857 χειμάρ-

107 2861 353 2905 ῥοῦν-ἐπικλιι
356 2864 452 2904 ζοντα
472 2863 512 2897 Β.
531 2860 1002 2907 χειμάρρου-κιιτακλυοζοντ
985 2875 1021 2894 05
1040 2861 1067 2893 E
1071 2860 1129 2893 dd.
1236 2871 1288 2901 24.
1316 2859 1434 2893 ουτ-οὺς
1455 2858 1494 2892 Β.
1513 2860 1613 2902 αὐτὴν
1635 2860 1678 2892 D.

110 2909 201 2942 Edd.
250 2909 267 2942 ὃ
286 2908 338 2943 καὶ
354 2911 490 2943 πάλαι
477 2910 647 2953 υπέσχετο
665 2909 738 2952 λεγ.
760 2907 849 2941 Edd.
868 2920 937 2941 ΠΝ.
960 2907 1050 2939 BD.
1224 2917 1277 2950 Ξῖ
1304 2920 1439 2949 μεμοσχ
1442 2908 1680 2948 οπεποιηκότος

110 2956 201 2989 Edd.
250 2958 314 2999 γάρ
331 2971 412 2990 ποτε
433 2956 472 2989 Β.
492 2957 526 2990 δέ
545 2959 619 2989 τότε
642 2957 684 2989 D.
704 2956 739 2989 δέ
761 2954 849 2987 Edd.

859 3024 880 3049 P
906 3023 926 3052 2
