2018 3387
152 191 235 232 xiv.
261 192 299 242 8,
323 207 361 247 9.
519 193 584 233 IN
634 192 1057 233 ZACHARIAM.
1119 193 1269 232 TUM.
1299 192 1370 231 Vl.
1659 189 1732 226 521

145 297 294 351 πάλιν
333 299 388 350 τὸ
428 300 504 351 διὰ
540 305 755 366 Χριστοῦ
796 302 868 350 καὶ
910 300 1242 368 καταστράψει
1281 299 1366 363 τὴν
1407 299 1479 348 ὑπ’
1523 295 1736 361 οὐρανὸν,

144 381 434 447 ἀνῃρημένου
485 386 730 436 παντελῶς
780 387 861 432 τοῦ
912 382 1128 444 σκότους,
1178 384 1252 431 καὶ
1303 385 1398 433 τοῖς
1451 383 1544 429 τῶν
1591 377 1739 441 ἁγίων

144 462 412 530 ὀφθαλμοῖς
440 466 521 514 οὐκ
547 463 911 530 ἐπιπολάζοντος
932 464 1010 513 ἔτι.
1051 463 1141 530 ἔχει
1163 464 1209 513 δὲ
1232 463 1287 526 δὴ
1308 463 1390 512 τὸν
1408 459 1560 512 εἰκότα
1589 458 1738 523 λόγον

144 542 198 593 τὸ
236 547 311 595 καὶ
345 545 489 609 αὐτὴν
515 546 694 596 οἴεσθαι
721 544 808 609 τὴν
835 546 990 596 κτίσιν
1017 547 1089 595 ἐπὶ
1126 545 1184 595 τὰ
1220 545 1389 608 ἀμείνω
1421 542 1734 609 μεταῤῥυθμί-

1800 631 1815 651 2
1835 622 1866 651 S.
1889 621 1958 651 Pet.

1797 675 1842 694 111.
1864 674 1911 694 10.

102 638 123 676 5
144 625 304 691 ζεσθαι
331 628 404 677 καὶ
440 627 695 696 ἀξιόχρεως
721 627 806 690 μὲν
832 634 915 677 τοῦ
945 630 1164 692 Σωτῆρος
1192 629 1215 677 ὁ
1244 625 1469 689 μαθητὴς,
1496 624 1623 692 ἥξειν
1650 620 1735 685 τὴν

144 707 318 773 ἡμέραν
337 709 513 775 Κυρίου
540 712 600 762 ὡς
625 708 834 773 κλέπτην
862 708 1027 774 λε’γων,
1045 707 1141 775 ε’νῇ
1169 706 1392 772 οὐρανοὺς
1418 707 1501 769 μὲν
1523 703 1735 772 ῥοιζηδὸν
1753 722 1775 745 a
1810 714 1892 747 801
1910 712 1961 746 A·

142 790 536 855 παρελεύσεσθαι,
565 796 777 858 στοιχεῖα
814 790 861 841 δὲ
896 790 1195 852 καυσούμενα
1231 789 1544 853 λυθήσεσθαι,
1572 790 1661 853 γῆν
1689 785 1736 837 δὲ

143 874 217 921 καὶ
243 871 300 921 τὰ
328 873 375 922 ἐν
400 874 517 940 αὐτῇ
552 872 665 938 ἔργα
701 872 1087 937 κατακαήσεσθαι
1112 871 1282 934 πάντα,
1312 869 1495 923 καινοὺς
1532 869 1579 920 δὲ
1616 869 1737 931 ἡμᾶς
1802 874 1850 904 lb·
1871 884 1918 913 ¹3·

142 953 364 1019 οὐρανοὺς
400 958 473 1005 καὶ
511 954 672 1019 καινὴν
699 958 789 1020 γῆν
816 957 891 1004 καὶ
924 954 983 1004 τὰ
1019 953 1359 1018 ἐπαγγέλματα
1396 953 1539 1002 αὑτοῦ
1573 973 1733 1016 προσ-

77 1054 124 1079 10
143 1036 298 1085 δοκᾶν.
360 1035 490 1100 πλὴν
529 1039 602 1087 καὶ
644 1037 700 1105 ἐξ
737 1037 1004 1101 ἀναγκαίων
1044 1039 1104 1088 εἷς
1144 1041 1281 1085 τοῦτο
1321 1033 1612 1095 βαδιούμεθα
1652 1039 1735 1082 λο-

141 1123 346 1183 γισμῶν.
402 1124 439 1171 εἰ
478 1119 571 1185 γὰρ
611 1120 745 1170 ε”σται
783 1120 970 1172 πάντως
1010 1121 1058 1169 ἐν
1093 1117 1329 1182 καινότητι
1371 1118 1488 1183 ζωῆς
1527 1116 1586 1167 τὰ
1626 1117 1732 1166 καθ’

143 1200 277 1264 ἡμᾶς,
319 1205 478 1265 καινῆς
517 1202 626 1266 ἡμῖν
665 1202 751 1252 ἔδει
793 1203 868 1252 καὶ
908 1201 1117 1253 κτίσεως.
1185 1202 1246 1253 ὡς
1284 1198 1378 1265 γὰρ
1417 1200 1442 1249 ὁ
1482 1198 1736 1250 θεσπέσιος

142 1281 316 1350 γράφει
345 1287 554 1345 Παῦλος,
582 1290 609 1312 “
630 1282 1057 1350 ἐλευθερωθήσεται
1095 1284 1169 1332 καὶ
1205 1280 1320 1343 αὑτὴ
1348 1280 1466 1331 κατὰ
1494 1278 1679 1345 καιροὺς
1706 1279 1733 1342 ἡ
1797 1279 1917 1353 ἓξίηζι

143 1370 171 1391 “
198 1365 349 1418 κτίσις
376 1364 469 1416 ἀπὸ
495 1367 577 1428 τῆς
604 1366 815 1418 δουλείας
841 1367 923 1428 τῆς
950 1368 1132 1432 φθορᾶς
1159 1367 1219 1417 εἷς
1247 1362 1332 1426 τὴν
1358 1361 1626 1427 ἐλευθερίαν
1652 1363 1733 1423 τῆς
1753 1365 1779 1405 b

896 1451 916 1460 Α
933 1444 958 1460 9,

77 1458 123 1497 15
145 1451 170 1474 ‘⁶
196 1443 337 1514 δόξης
364 1451 458 1497 τῶν
483 1445 655 1497 τέκνων
680 1451 764 1497 τοῦ
792 1449 930 1497 Θεου.

138 1699 213 1741 Ἐν
251 1705 302 1759 τῇ
343 1701 481 1760 ἡμέρᾳ
518 1701 660 1758 ἐκείνῌ
698 1701 970 1744 ἐξελεύσεται
1008 1699 1125 1756 ὕδωρ
1164 1700 1242 1756 ζῶν
1280 1699 1325 1741 ἐξ
1350 1698 1650 1754 Ἰερουσαλήμ,
1687 1698 1776 1739 τό8

210 1784 336 1832 ἥμισυ
381 1785 510 1826 αὐτοῦ
559 1782 620 1825 εἷς
663 1784 740 1825 τήν
785 1784 1004 1825 Θάλασσαν
1047 1782 1123 1823 τὴν
1168 1781 1358 1838 ΠρὼτΗν,
1404 1781 1472 1821 καί
1515 1780 1562 1821 τὸ
1608 1781 1733 1828 ἥμισυ

210 1867 339 1908 αὐτοῦ
383 1866 442 1908 εἰς
485 1867 562 1909 τήν
607 1868 826 1908 θάλασσαν
865 1867 941 1908 τὴν
985 1866 1180 1921 ἐσχατΗν,
1226 1864 1289 1906 καὶ
1332 1865 1377 1906 ἐν
1416 1864 1531 1919 &oper
1577 1863 1645 1903 καὶ
1688 1863 1732 1903 ὲν

208 1950 305 2006 ἔαρι
343 1951 461 1992 ἔσται
499 1952 651 1991 οὕτως.
712 1951 780 1991 καί
817 1950 936 1991 ἔσται
978 1949 1127 2005 Κύριος
1165 1946 1225 1989 εἰς
1269 1948 1445 1997 βασιλέα
1483 1946 1553 1988 ἐπὶ
1591 1949 1774 1990 Πᾶσαν9

74 2046 124 2071 20
210 2033 286 2073 τ“ν
327 2037 410 2079 Γῆν.

215 2163 484 2232 Ἐξηγεῖται
518 2163 664 2215 πάλιν
700 2164 808 2226 ἡμῖν
835 2165 1202 2228 αἰνιγματωδῶς,
1242 2161 1312 2212 ὅτι
1350 2160 1405 2224 δὴ
1441 2162 1648 2225 πλείστη
1685 2184 1733 2211 τε

142 2244 235 2309 ὅση
281 2247 356 2295 καὶ
400 2244 686 2314 ἀμφιλαφὴς
731 2245 759 2308 ἡ
800 2250 883 2296 τοῦ
921 2245 1088 2309 ζΑγίου
1133 2243 1409 2305 Πνεύματος
1454 2242 1592 2309 χύσις
1637 2246 1733 2296 τοῖς

143 2327 290 2391 ἁγίοις
330 2326 707 2390 ἐκνεμηθήσεται,
745 2328 842 2377 κατ’
871 2328 1013 2377 ἐκεῖνο
1049 2325 1264 2387 μάλιστα
1295 2331 1378 2374 τοῦ
1418 2329 1591 2390 καιροῦ,
1626 2322 1770 2374 καθὈ

143 2405 197 2457 ὃν
223 2406 280 2457 ἂν
307 2411 368 2460 εἷς
396 2408 533 2473 ἁγίαν
556 2430 604 2458 τε
640 2411 713 2458 καὶ
749 2407 988 2473 ἀμήρυτον
1015 2409 1372 2471 ἀνακομισθεῖεν
1397 2405 1530 2472 ζωὴν,
1558 2405 1644 2469 τὴν
1671 2408 1733 2458 ὡς

196 2584 224 2607 1.
252 2574 304 2607 καὶ
333 2579 556 2618 assumptum
584 2585 625 2606 ex
654 2572 733 2607 C.b.
808 2572 1044 2616 καταστράψει
1074 2570 1166 2605 D.C.
1196 2570 1233 2616 [a
1261 2572 1323 2605 ult.
1353 2583 1460 2604 manu
1488 2570 1669 2604 recentiori
1697 2571 1732 2603 in

145 2631 265 2654 rasura
282 2618 342 2665 C.]
363 2619 594 2664 καταστρέψει
613 2619 647 2653 b.
667 2618 914 2663 καταστράψαν
932 2618 1024 2652 Edd.
1076 2617 1203 2651 Statim
1220 2618 1255 2651 δέ
1275 2617 1354 2651 add.
1377 2617 1422 2650 D.
1472 2616 1522 2651 ἐπ’
1543 2616 1634 2650 Edd.
1653 2623 1734 2650 ante

147 2666 281 2711 Migne.
452 2678 486 2711 3.
513 2666 552 2709 δὴ
570 2671 792 2709 assumptum
811 2677 851 2698 ex
872 2664 912 2698 C.
979 2664 1089 2698 εἰκότα
1108 2663 1196 2698 B.C.
1215 2664 1336 2697 οἰκεῖον
1355 2662 1447 2696 Edd.
1614 2675 1647 2704 4.
1673 2662 1733 2705 τὴν

145 2711 242 2746 deest
259 2713 294 2746 in
312 2712 404 2747 Edd.
469 2711 776 2756 μετσρυθμίζεσθαι
796 2710 836 2744 C.
1107 2710 1140 2744 6.
1166 2710 1200 2743 ἐν
1213 2707 1234 2753 ᾗ
1252 2709 1413 2753 οὐρανοὺς
1430 2709 1490 2750 μὲν
1509 2708 1550 2742 C.
1571 2709 1732 2752 οὐρανοὺς

145 2758 181 2792 δέ
198 2758 259 2793 iid.
422 2760 455 2793 8.
481 2758 754 2801 κατακαήσεσθαι
773 2757 814 2791 C.
834 2755 1061 2799 κατακαυθὴσ.
1081 2755 1142 2790 iid.
1207 2756 1337 2790 καινοὺς
1355 2755 1390 2789 δέ
1409 2755 1493 2798 ἡμᾶς
1510 2755 1670 2798 οὐρανοὺς
1690 2755 1730 2789 C.

145 2805 218 2849 ol’Jp.
236 2805 272 2838 δὲ
291 2819 320 2839 κ.
339 2805 422 2848 ἡμᾶς
438 2805 500 2839 iid.
625 2816 659 2849 9.
686 2805 738 2838 καὶ
756 2804 815 2837 alt.
836 2803 865 2837 C
883 2803 994 2847 prima
1011 2814 1130 2836 manu.
1152 2802 1198 2835 D.
1218 2804 1299 2835 κατὰ
1318 2801 1409 2835 Edd.
1429 2800 1472 2834 ad
1492 2801 1584 2846 quod
1604 2812 1730 2835 manus

145 2852 316 2885 recentior
332 2851 511 2896 castigavit
530 2850 572 2886 C.
815 2860 868 2883 12.
893 2849 960 2882 ἔδει
980 2848 1020 2882 C.
1040 2849 1091 2882 δεῖ
1109 2847 1200 2882 Edd.
1444 2858 1496 2889 14.
1522 2848 1580 2890 τῆς
1597 2847 1731 2891 φθορᾶς

145 2903 326 2942 assumpta
343 2909 384 2931 ex
404 2898 444 2932 C.
656 2908 709 2942 19.
736 2894 825 2941 ἔαρι]
846 2897 882 2929 ἕα
900 2907 1007 2928 manu
1026 2894 1205 2929 recentiori
1224 2894 1259 2928 in
1278 2905 1397 2928 rasura
1416 2893 1457 2927 C.
1509 2894 1639 2927 Forsan
1657 2894 1730 2938 ἀέρι

147 2943 244 2987 prius
261 2943 452 2988 legebatur.
472 2943 544 2987 (26,
563 2942 619 2983 86,
641 2943 735 2985 228.)
756 2942 862 2988 [αερει
881 2940 998 2986 Alex.]
1272 2951 1326 2983 24.
1353 2939 1521 2984 ἀμήρυτον
1540 2939 1580 2974 C.
1599 2939 1730 2983 ἀείδρυ-

146 3004 204 3023 τον
222 2989 313 3023 Edd.
366 2990 490 3024 Statim
508 2989 745 3033 ἀνακομισθείη
766 2989 806 3022 C.

205 3056 296 3083 vol..
323 3057 365 3083 11.
924 3056 947 3096 3
972 3055 997 3081 x
