1997 3361
90 156 131 196 ii.
157 165 193 207 7.
530 155 600 195 IN
645 155 925 196 ABACUC.
987 155 1137 196 TOM.
1172 156 1206 196 Ι.
1604 160 1657 198 09

89 267 373 334 Σαμάρειαν,
404 270 478 319 καὶ
511 269 666 333 ἐτέρας
705 268 752 319 δὲ
791 268 882 319 συν
919 271 1078 322 αὑταῖς
1113 269 1268 336 χώρας
1306 268 1655 336 ἐξαναστήσας,

86 349 371 414 ἀπεκόμισεν
422 355 483 404 εἷς
532 350 591 401 τὰ
642 352 823 401 ἑαυτοῦ·
893 351 1050 416 Κύρου
1109 351 1156 401 δὲ
1207 353 1288 413 τῆς
1339 351 1657 411 Βαβυλωνίων

85 433 646 499 κατεστρατοπεδευκότος
696 433 887 499 Πέρσας
930 457 977 483 τε
1029 435 1103 483 καὶ
1157 432 1363 496 Μήδους,
1412 432 1657 500 ἀπῴχοντο

83 514 230 564 πάλιν
267 518 308 564 οἱ
344 514 752 581 συναγηγερμένοι,
788 517 1035 582 μονονουχὶ
1069 515 1117 565 δὲ
1151 518 1226 565 καὶ
1264 514 1553 567 ἁποπτοῖντες
1586 514 1652 564 οἵ·

42 599 192 646 5καδε
241 596 388 647 πάλιν
434 596 582 664 ᾔεσαν
626 601 667 648 οἱ
718 602 812 650 τοῖς
854 600 936 661 τῆς
976 598 1303 664 αἰχμαλωσίας
1344 597 1657 660 ε’νειλημμε’νοι

83 680 287 740 δεσμοῖς.
353 678 762 746 ἀποπεφοιτήκασι
802 679 849 729 δὲ
884 682 958 730 καὶ
996 682 1077 742 τῆς
1102 680 1190 729 ὑπὸ
1224 683 1288 747 τῷ
1327 677 1535 747 διαβόλῳ
1563 686 1649 728 λα·
1675 704 1696 729 e

81 761 233 825 τρείας
276 764 317 811 οἱ
360 761 416 829 ἐξ
458 762 615 823 ἐθνῶν,
658 763 731 811 καὶ
772 761 853 811 τὸν
895 760 1045 812 πάλαι
1093 761 1381 828 φωνήσαντα
1423 763 1497 811 καὶ
1540 759 1658 826 πρὸς

82 841 245 892 ἑαυτὸν
292 841 550 907 κεκληκότα
608 843 801 911 ἀφέντες
863 843 1033 909 ἔρημον
1082 841 1532 909 προσδεδραμήκασι
1594 849 1660 911 τῷ

81 927 294 994 Χριστῷ.
358 924 596 990 συνήγαγε
637 924 730 991 γὰρ
772 927 939 978 ἐκεῖνος
974 924 1034 975 τοι
1076 929 1150 975 οὐκ
1191 926 1290 975 ὄντα.
1330 927 1468 987 αὐτοῦ,
1498 947 1654 990 προσ·

17 1025 64 1050 10
82 1006 271 1075 εδέξατο
304 1006 351 1058 δὲ
383 1007 594 1073 Χριστὸς
631 1006 690 1057 τὰ
728 1006 841 1058 ὄντα
879 1008 1038 1057 αὐτοῦ.
1109 1006 1280 1074 Κύριος
1315 1005 1407 1073 γάρ
1432 1008 1534 1058 ἐστι
1564 1011 1659 1057 τῶν

82 1087 208 1139 ὅλων
233 1090 294 1142 ὡς
319 1088 455 1142 Θεός.

74 1327 173 1370 ’Ότι
197 1327 403 1384 ἑξαίφνΗε
440 1329 751 1371 ἀναστήσονται
788 1327 826 1369 οἷ
861 1328 1089 1370 δάκνοντες
1126 1329 1269 1380 αὐτὸν,
1296 1329 1364 1370 καὶ
1400 1329 1695 1380 ὲκνήψουσιν7

148 1409 187 1453 οἷ
212 1411 428 1463 ἐπίβουλοί
455 1427 541 1463 σου,
569 1412 637 1453 καὶ
661 1412 739 1470 ἕσῌ
766 1409 825 1453 εἰς
852 1412 1090 1469 ὃιαρπαι-ἒιν
1119 1409 1275 1454 αὐτοῖς.

171 1526 436 1593 Ἀδοκήτως
487 1528 626 1579 αὐτοῦ
677 1526 802 1594 λέγει
857 1528 1346 1597 κατεξαναστῆσεσθαι
1396 1527 1501 1582 τοὺς
1563 1527 1657 1580 οἷον
1676 1558 1697 1581 a
1723 1548 1804 1583 537
1827 1548 1879 1582 A.

15 1625 62 1664 15
82 1605 319 1665 ὃσίκνοντοίς
353 1633 403 1661 τε
441 1612 517 1661 καὶ
557 1611 902 1674 κατεσθίοντας,
930 1614 1004 1662 καὶ
1030 1615 1130 1664 ταῖς
1156 1617 1239 1662 τοῦ
1264 1610 1474 1675 πολέμου
1499 1634 1653 1676 προσ-

79 1697 248 1752 βολαῖς
295 1695 598 1747 δαπανῶντας
640 1693 726 1757 τὴν
774 1692 848 1743 ὑπ’
893 1694 1018 1762 αὐτῷ
1060 1693 1216 1761 ἰσχύν·
1271 1691 1397 1756 ἦσαν
1442 1692 1489 1743 δὲ
1533 1693 1659 1744 οὗτοι

83 1774 238 1840 Κῦρός
270 1798 361 1825 που
394 1774 594 1838 πάντως,
620 1777 696 1826 καὶ
721 1778 763 1826 οἱ
789 1774 906 1843 ἀμφ’
936 1773 1077 1826 αὑτὸν
1102 1775 1287 1841 Πέρσαι
1317 1799 1365 1826 τε
1397 1778 1471 1825 καὶ
1498 1778 1658 1839 Μῆδοι

81 1858 155 1906 καὶ
178 1857 442 1920 Ἐλαμῖται,
470 1856 511 1907 οῗ
543 1879 791 1925 μονονουχι
817 1880 891 1908 και
930 1859 1074 1908 ὕπνον
1108 1856 1332 1921 ὀμμάτων
1366 1858 1656 1926 άποτιναξά-

79 1960 221 2001 μενοι,
240 1942 315 1988 καὶ
340 1938 597 2006 καθαπερ’
575 1963 624 1990 εκ
649 1939 792 2004 μεθης
817 1939 1147 2007 ἀνανήφοντες,
1169 1937 1307 2001 μόλις
1333 1943 1426 1989 τῶν
1451 1941 1658 2007 αρχαίων

13 2042 62 2067 20
79 2019 268 2071 ἐσονται
309 2021 539 2086 κρείττους
581 2021 808 2085 δειμάτων
849 2023 924 2072 καὶ
969 2021 1054 2085 τὴν
1096 2044 1216 2088 προς
1260 2021 1401 2071 αὐτον
1439 2019 1658 2087 ἀραμενοι

77 2099 250 2170 μάχην,
278 2105 679 2169 καταδραμοῦνται
717 2107 921 2168 γενικῶς.
985 2101 1083 2154 εἶτα
1120 2101 1432 2169 πολυτρόπως
1467 2104 1654 2163 ἐπιβου-

77 2184 291 2238 λεύοντες
331 2184 718 2248 καταθλήσουσιν
757 2183 971 2248 εὐκόλως,
1009 2184 1200 2251 ἄγοντές
1238 2207 1287 2236 τε
1325 2186 1399 2235 καὶ
1439 2183 1700 2252 φέροντεςί)

77 2264 137 2317 τὰ
161 2267 418 2317 Χαλδαίων
443 2265 698 2332 πράγματα
723 2268 798 2317 καὶ
825 2263 1148 2335 διαρπάζοντες
1174 2265 1259 2331 τὴν
1287 2267 1619 2327 Βαβυλωνίων.

151 2352 306 2399 Τοῦτο
339 2348 387 2399 δὲ
420 2347 688 2400 πεπονθότα
726 2350 802 2398 καὶ
841 2346 981 2398 αὐτὸν
1019 2347 1279 2415 εὑρήσομεν
1303 2347 1387 2399 τὸν
1417 2346 1658 2415 ἀλιτήριον

129 2518 159 2540 1.
178 2506 291 2542 αὐταῖς
310 2506 353 2541 Β.
371 2507 459 2553 αὐτῷ
480 2507 526 2541 D.
545 2507 626 2551 αὐτῇ
646 2505 738 2540 Edd.
788 2506 947 2551 ἐξαναστ.
962 2522 998 2552 χ.
1016 2508 1153 2541 inverso
1171 2507 1291 2541 ordine
1310 2507 1355 2541 D.
1499 2518 1530 2540 2.
1548 2507 1589 2541 τὰ
1608 2507 1655 2543 D.

80 2553 140 2596 τὴν
157 2553 251 2587 Edd.
315 2556 373 2597 τῆς
390 2561 613 2598 assumptum
631 2565 672 2587 ex
692 2554 784 2587 B.D.
1129 2565 1162 2598 3.
1188 2554 1594 2598 κατεστρατοπεδευκότος
1613 2554 1655 2589 Β.

79 2602 402 2644 κατεστρατευκότος
420 2601 466 2635 D.
486 2600 578 2634 Edd.
838 2599 871 2633 6.
897 2600 961 2634 ὑπὸ
979 2602 1024 2647 τῷ
1044 2600 1195 2646 διαβόλῳ
1215 2601 1307 2634 B.D.
1326 2601 1380 2635 ἐπὶ
1397 2603 1442 2646 τῷ
1461 2601 1655 2647 διδασκάλῳ

79 2646 171 2680 Edd.
361 2648 393 2681 S.
420 2648 520 2681 αὐτὸν
537 2646 596 2680 iid.
646 2648 736 2680 κεκλ.
755 2647 840 2691 πρὸς
856 2648 972 2680 ἑαυτὸν
989 2648 1059 2681 inv.
1078 2647 1199 2681 ordine
1218 2647 1263 2680 D.
1465 2658 1476 2680 Ι
1489 2658 1516 2680 1.
1544 2648 1587 2682 ὡς
1608 2648 1652 2682 D.

80 2692 171 2727 Edd.
190 2694 243 2727 καὶ
262 2693 303 2727 Β.
496 2705 548 2727 12.
575 2692 863 2736 ἐξαναστήσονται
882 2693 919 2726 F.
939 2695 1010 2735 (22.
1029 2694 1089 2735 al.)
1280 2704 1332 2735 14.
1353 2693 1655 2736 κατεξανίστασθαι

78 2739 171 2784 λέγει
190 2740 236 2774 D.
286 2738 356 2774 οἷον
373 2745 406 2773 et
423 2755 459 2774 τε
476 2747 655 2785 assumpta
673 2752 713 2774 ex
733 2741 792 2779 D,
811 2740 863 2773 καὶ
881 2739 1117 2775 κατεσθίοντας
1135 2751 1174 2773 ex
1195 2740 1286 2773 B.D.
1521 2740 1572 2774 16.
1599 2741 1652 2775 ὑπ’

79 2786 167 2832 αὐτῷ
187 2786 230 2821 Β.
255 2786 309 2820 ὑπ’
328 2787 427 2821 αὐτὸν
446 2787 493 2822 D.
518 2786 571 2822 ὑπ’
590 2788 691 2821 αὐτου
718 2786 810 2820 Edd.
861 2785 961 2831 ισχὺν
986 2793 1207 2831 assumptum
1232 2798 1274 2820 ex
1296 2786 1342 2821 D.
1391 2785 1478 2829 ἦσαν
1503 2787 1537 2820 δὲ
1563 2787 1653 2822 οὗτοι

79 2821 158 2866 hoc
163 2832 284 2867 ordine
303 2833 350 2867 D.
617 2843 669 2878 17
695 2834 826 2867 πάντως
843 2839 1065 2877 assumptum
1082 2845 1124 2866 ex
1143 2833 1271 2867 B.D.b.
1522 2835 1574 2868 18.
1601 2835 1654 2868 ἐκ-

81 2879 221 2936 τιναξάμ
224 2894 290 2914 ενοι
308 2879 342 2913 b.
640 2891 694 2915 20.
721 2880 889 2923 κρείττους
906 2880 1068 2921 δειμάτων
1085 2879 1152 2914 hoc
1169 2879 1287 2914 ordine
1303 2880 1348 2914 D.
1397 2879 1555 2924 ἀράμενοι
1574 2881 1654 2915 B.b.

81 2924 248 3006 αἷρίμενοι
265 2926 311 2961 D.
331 2925 423 2962 Edd.
718 2938 735 2960 2
740 2938 772 2971 3.
799 2927 851 2960 καὶ
869 2938 940 2960 om.
959 2926 1005 2961 D.
1297 2937 1351 2969 24.
1379 2927 1413 2961 δέ
1432 2932 1654 2973 assumptum

84 2983 124 3005 ex
167 2998 175 3006 ι

875 3042 945 3071 02
