2018 3387
127 151 184 191 iii.
212 165 242 191 1.
496 151 565 192 IN
611 149 1045 191 MALACHIAM.
1107 147 1257 188 TOM.
1293 146 1355 186 11.
1632 145 1712 182 595

126 263 266 328 με’νης
307 265 417 328 ημῖν
456 264 744 333 προφητείας
784 263 1156 331 μεταπεφοιτηκε
1199 259 1359 325 λόγος.
1416 257 1579 322 γέγονε
1622 255 1715 321 γὰρ

126 345 237 409 ημῖν
259 346 389 412 παρὰ
415 352 496 398 τοῦ
524 351 648 398 Θεοῦ
679 369 754 396 και
784 345 974 410 Πατρὸς
1010 345 1034 394 ὁ
1062 340 1371 407 Εμμανουὴλ
1398 347 1424 369 “
1442 337 1715 400 δικαιοσύνη

144 434 229 477 ίτε
273 451 347 478 και
394 428 632 493 ἁγιασμὸς
682 430 758 478 καὶ
803 425 1176 491 ἀπολύτρωσις,”
1224 426 1298 474 καὶ
1347 422 1496 488 ῥύπου
1539 442 1716 472 παντως

126 508 468 575 ἀποκάθαρσις,
510 512 586 561 καὶ
632 511 872 574 ἁμαρτιῶν
917 507 1157 569 ἀπόθεσις,
1202 507 1277 556 καὶ
1322 509 1417 555 τῶν
1461 501 1717 569 αἰσχιόνων

1782 327 1924 358 1Cu.ri.

1778 381 1829 410 30.

85 590 363 654 5ἀποβολὴ,
406 593 482 642 καὶ
527 591 633 645 ὁδὸς
675 595 738 645 εἷς
783 591 842 642 τὰ
888 590 1059 652 ἀμείνω
1106 591 1180 639 καὶ
1225 585 1602 653 πρεπωδέστερα,
1642 585 1717 633 καὶ
1736 605 1757 628 (ι

127 670 248 736 θύρα
278 695 347 726 τις
382 672 546 739 ὥσπερ
582 676 657 724 καὶ
692 672 926 738 ἀπαγωγὴ
961 671 1078 738 πρὸς
1115 670 1234 737 ζωὴν
1267 669 1465 728 αἰώνιον,
1499 665 1635 717 πᾶσά
1669 688 1718 715 τε

128 754 183 803 δι’
212 755 354 805 αὐτοῦ
381 754 572 821 γέγονεν
597 754 936 822 ἐπανόρθωσις,
963 755 1038 804 καὶ
1069 750 1345 819 πλεονεξίας
1376 746 1617 812 ἀνατροπὴ
1646 749 1721 796 καὶ

129 836 427 901 δικαιοσύνης
453 839 646 903 εὕρεσις·
689 840 764 888 καὶ
791 837 840 888 τί
862 836 954 902 γὰρ
988 836 1090 902 οὐχὶ
1122 839 1216 885 τῶν
1241 828 1638 893 τεθαυμασμένων
1665 829 1718 878 δι’

129 918 273 968 αὐτοῦ
299 918 693 984 πεπλουτήκαμεν
717 942 728 981 ;
774 916 861 970 ἰδοὺ
887 917 1044 969 τοίνυν
1071 917 1223 984 φησιν
1250 910 1497 965 οιποσ-τελων
1528 912 1596 961 τὸν
1622 913 1717 975 ἀγ-

65 1018 112 1043 10
130 1002 262 1066 γελόν
287 1025 373 1068 μου
411 1007 487 1053 καὶ
523 1000 836 1068 ἐπιβλέψεται
865 1000 958 1052 ὁδὸν
983 999 1063 1068 πρὶ
1099 997 1336 1066 προσώπου
1370 1019 1469 1062 μου.
1522 993 1637 1042 ἔοικε
1675 990 1723 1041 δὲ

131 1080 209 1132 διὰ
243 1082 422 1134 τούτων
451 1087 535 1148 τῆς
569 1089 651 1135 τοῦ
686 1084 822 1149 ἁγίου
850 1086 1127 1133 Βαπτιστοῦ
1162 1076 1454 1143 λειτουργίας
1487 1078 1722 1126 ποιεῖσθαι

130 1165 551 1233 προαναφώνησιν.
604 1166 694 1233 ἔφη
719 1163 813 1231 γάρ
839 1187 932 1215 που
961 1164 1036 1214 καὶ
1064 1161 1202 1214 αὐτὸς
1228 1161 1253 1210 ὁ
1279 1157 1494 1224 Χριστός
1521 1164 1547 1186 “
1566 1154 1722 1209 Οὗτός

1782 1157 1943 1189 δλῙειῖῖῙι.

1784 1214 1827 1232 M.
1847 1211 1895 1232 10.

131 1251 160 1274 ‘⁵
186 1246 287 1297 ἐστι
321 1249 426 1313 περὶ
460 1247 514 1298 οὗ
548 1248 811 1314 γέγραπται
836 1245 960 1296 Ἰδοὺ
993 1244 1084 1310 ἐγὼ
1119 1245 1376 1294 ἀποστελῶ
1406 1238 1488 1291 τὸν
1514 1236 1722 1304 ἄγγελόν
1740 1245 1767 1285 d

133 1333 161 1356 ‘⁶
185 1350 276 1391 μου
312 1328 406 1395 πρὸ
445 1329 708 1396 προσώπου
746 1351 856 1390 σου,
897 1326 946 1380 ὃς
985 1323 1330 1377 κατασκευάσει
1367 1321 1453 1386 τὴν
1489 1320 1596 1372 ὁδόν
1631 1343 1723 1370 σου

68 1417 113 1456 ¹5
133 1415 161 1438 “
188 1409 455 1475 ἔμπροσθέν
504 1412 641 1462 σου.”
719 1411 865 1463 οὕτως
914 1409 1025 1473 ἡμῖν
1074 1406 1216 1458 αὐτὸν
1266 1409 1341 1457 καὶ
1394 1406 1419 1455 ὁ
1470 1402 1724 1454 θεσπέσιος

132 1490 344 1545 Ἠσαίας
398 1492 604 1557 ἐσήμηνε
655 1492 810 1558 λε’γων
863 1498 888 1521 “
910 1489 1052 1554 Φωνὴ
1101 1493 1310 1550 βοῶντος
1361 1489 1408 1538 ἐν
1460 1489 1518 1553 τῇ
1568 1483 1724 1553 ἐρήμῳ

135 1579 162 1603 “
187 1574 505 1637 Ἑτοιμάσατε
531 1573 617 1638 τὴν
643 1573 753 1626 ὁδὸν
785 1573 976 1638 Κυρίου,
1003 1572 1180 1624 εὐθείας
1210 1574 1381 1622 ποιεῖτε
1416 1567 1501 1621 τὰς
1535 1567 1725 1633 τρίβους

136 1661 164 1684 “
188 1661 272 1706 τοῦ
299 1660 425 1708 Θεοῦ
452 1658 628 1722 ἡμῶν.”
682 1657 736 1708 οὗ
763 1655 819 1720 δὴ
847 1654 1111 1722 γεγονότος,
1138 1655 1275 1722 φησὶ,
1303 1653 1376 1702 καὶ
1402 1652 1724 1716 προδεδραμη-

136 1736 271 1791 κότος
318 1739 477 1806 βραχὺ
528 1745 611 1790 τοῦ
662 1738 919 1805 ἀγγέλλειν
970 1735 1029 1787 τὰ
1082 1735 1234 1786 τοιάδε
1285 1729 1721 1799 προστεταγμένου,

69 1840 118 1865 20
137 1819 375 1888 Εξοιιφνης
407 1822 493 1890 ἥξει
528 1823 680 1890 φησιν
707 1825 765 1874 εἰς
792 1844 859 1871 τον
888 1842 981 1870 mov
1013 1819 1142 1868 αυτοῦ
1177 1816 1323 1883 Κυριος
1349 1817 1389 1866 ὀν
1415 1817 1537 1881 ὑμεῖς
1567 1814 1726 1881 ζητεῖτε

141 1924 218 1952 nom
255 1907 273 1952 ὁ
309 1901 516 1968 ἅγγελος
549 1927 623 1962 της
659 1899 915 1962 διαθηκης
899 1911 940 1951 ὀν
966 1903 1089 1967 υμεῖς
1123 1898 1278 1949 θελετε·
1322 1893 1650 1963 διισχυρίζεται
1678 1893 1725 1944 δὲ

138 1985 215 2033 καὶ
249 1984 275 2033 ὁ
309 1983 535 2050 μακάριος
564 1982 799 2047 Ἰωάννης,
832 1981 985 2047 λέγων
1021 1985 1116 2035 τοῖς
1151 1978 1412 2046 ἐρχομενοις
1448 1978 1522 2028 ἐπὶ
1557 1975 1610 2026 τὸ
1646 1978 1727 2037 τῆς

138 2087 384 2128 μετανοιας
410 2065 665 2129 βάπτισμα
690 2072 718 2094 “
736 2064 867 2130 Ἐγὼ
899 2063 1110 2130 βαπτιζω
1147 2064 1264 2126 ὑμᾶς
1299 2062 1346 2112 ἐν
1375 2062 1518 2121 ὕδατι,
1545 2059 1728 2125 ἔρχεται

140 2153 168 2176 “
195 2145 244 2198 δὲ
282 2148 438 2198 ὀπίσω
476 2171 567 2212 μου
607 2146 725 2213 ἀνὴρ
766 2147 820 2197 οὗ
855 2148 938 2197 οὐκ
973 2147 1064 2208 εἰμὶ
1098 2143 1254 2197 ἱκανὸς
1286 2143 1362 2194 ἵνα
1396 2142 1556 2209 κύψας
1590 2139 1728 2189 λύσω

72 2243 123 2282 25
143 2235 170 2258 “
194 2227 277 2280 τὸν
302 2227 472 2292 ἱμάντα
505 2235 589 2281 τοῦ
623 2227 921 2292 ὑποδήματος
955 2228 1115 2278 αὐτοῦ·
1156 2228 1325 2278 ἐκεῖνος
1356 2225 1473 2286 ὑμᾶς
1503 2221 1729 2283 βαπτίσει

142 2318 171 2341 “
193 2312 242 2361 ἐν
270 2311 511 2375 Πνεύματι
535 2311 686 2380 Ἀγίῳ
721 2312 797 2361 καὶ
831 2308 989 2376 πυρί.”
1042 2308 1207 2372 συνίης
1244 2308 1342 2367 οὖν,
1372 2305 1498 2358 ὅπως
1533 2301 1729 2354 κατόπιν

143 2392 277 2446 εὐθὺς
313 2395 389 2444 καὶ
423 2394 672 2460 μονονουχὶ
706 2391 826 2442 κατὰ
860 2391 1011 2445 πόδας
1045 2396 1128 2441 τοῦ
1163 2388 1579 2455 προαγγέλλοντος
1619 2383 1730 2444 ἐβά-

144 2475 263 2542 διζεν
296 2476 321 2525 ὁ
355 2474 587 2540 Χριστὸς,
622 2472 786 2525 ἑαυτὸν
822 2475 1008 2542 ἐμφανῆ
1045 2470 1274 2524 καθιστὰς
1307 2473 1402 2522 τοῖς
1440 2466 1530 2517 ἀνὰ
1566 2470 1731 2517 πᾶσαν

142 2556 230 2621 τὴν
254 2557 499 2619 Ἰουδαίαν,
526 2557 602 2607 καὶ
630 2554 726 2606 οἷον
753 2555 960 2624 ἐξαίφνης
987 2556 1063 2605 καὶ
1090 2551 1328 2616 ἀδοκήτως
1353 2547 1726 2618 ἐπιφαινόμενος.

193 2737 226 2771 5.
251 2727 393 2771 ἀμείνων
410 2726 505 2761 Aub.
640 2725 674 2759 6.
700 2724 881 2781 ἀπαγωγὴ]
901 2724 1047 2767 εἷσβολὴ
1067 2722 1159 2756 Edd.
1303 2732 1336 2765 9.
1362 2720 1545 2754 ἀποστελῶ
1563 2719 1668 2753 habet
1687 2720 1729 2754 B.

150 2786 204 2810 11.
230 2776 424 2808 Βαπτιστοῦ
441 2771 670 2817 λειτουργίας]
690 2770 927 2814 βαπτίσματος
943 2770 1001 2804 iid.
1023 2770 1217 2803 Βαπτιστοῦ
1237 2767 1371 2812 Migne.
1569 2777 1621 2810 13.
1647 2766 1731 2799 ἀπο-

147 2822 262 2856 στελῶ
279 2820 382 2854 habet
403 2820 444 2855 Β.
607 2819 659 2852 ι8.
685 2820 744 2852 τοῦ
763 2819 850 2851 Θεοῦ
868 2816 976 2861 ἡμῶν]
996 2817 1097 2850 αὐτοῦ
1117 2815 1159 2848 Β.
1179 2815 1222 2848 cf.
1242 2826 1347 2857 supra
1365 2826 1433 2858 494
1447 2825 1478 2846 a.
1526 2812 1730 2870 προδεδρα-

147 2869 291 2911 μηκότος
307 2865 437 2912 βραχὺ]
456 2867 541 2911 πρὸς
557 2865 671 2910 βραχὺ
689 2864 935 2908 δεδραμηκότος
953 2862 1045 2897 Edd.
1231 2872 1284 2904 23.
1310 2861 1444 2904 ἔρχεται
1464 2859 1534 2939 832’
1518 2860 1630 2892 οπίσω
1647 2857 1729 2903 μοι]

148 2912 259 2947 ὀπίσω
275 2928 339 2956 μου
356 2914 490 2958 ἔρχεται
510 2911 567 2945 ild.
680 2920 735 2953 25.
762 2911 863 2943 αυτοῦ
880 2921 951 2944 om.
973 2909 1015 2943 B.
1080 2908 1202 2943 ἐκεῖνος
1220 2907 1324 2941 habet
1343 2906 1385 2941 B.
1525 2906 1733 2947 ’.ἐβάδιζεν

149 2959 253 2994 habet
273 2959 313 2994 B.
506 2960 560 2992 28.
587 2958 698 3002 ἀφανῆ
719 2956 809 2991 Edd.

893 3025 1014 3061 4mz

1791 2060 1955 2111 §Mattlh

1791 2116 1835 2135 ιιι.
1855 2115 1865 2134 ῐ
1876 2113 1902 2134 1.

1792 2148 1825 2179 S.
1835 2148 1940 2178 Mare.

1793 2202 1812 2222 1.
1837 2200 1865 2221 *u

1794 2211 1955 2265 S.1(1atth.

1793 2289 1839 2309 lu.
1856 2287 1887 2308 11
1896 2303 1901 2309 .

1752 2567 1773 2590 a
1801 2558 1890 2592 850
1905 2557 1954 2591 A.
