2053 3382
283 206 362 240 686

337 322 567 360 concidenda
607 320 837 368 praedictum
880 321 957 355 587
997 331 1043 364 e3

339 402 411 437 quo
445 399 555 423 sensu
591 385 668 420 “in
700 383 882 420 lucerna”
918 396 939 419 a
972 384 1046 419 Ro-

339 452 457 489 manis
492 449 718 497 investigata
750 448 861 484 fuerit
892 450 968 484 588
1000 460 1045 493 05

339 522 457 564 capta,
489 527 510 550 a
541 514 668 549 vicinis
698 513 873 549 irridetur
903 515 979 549 594
1002 524 1048 558 05

340 584 416 618 595
438 591 516 625 305
549 581 624 615 597
648 591 692 625 05
725 580 801 614 598
824 578 873 623 d,-
904 577 1045 613 colurn-

339 646 408 682 bae
445 650 683 691 comparatur
717 643 764 678 ob
802 641 1045 690 pulchritudi-

340 723 425 746 nem
453 715 489 745 et
517 708 736 744 fidelitatem
758 710 834 744 605
857 720 876 742 0
893 719 932 752 05
965 713 1049 755 post

339 775 606 824 captivitatem,
633 787 653 810 a
680 773 897 822 Babyloniis
927 773 1047 808 inten-

340 846 419 876 tata
451 840 520 876 fuit
553 841 629 875 618
667 838 752 883 ab3
797 850 861 885 spe
895 838 1048 879 reditus,

342 906 366 942 i.
382 919 411 942 e.
434 904 665 941 remissionis
685 908 937 950 peccatorum,
959 903 1050 938 rele-

343 977 451 1007 vatur
472 972 545 1006 621
571 969 593 1005 b
611 981 655 1014 05
688 970 763 1004 622
787 968 871 1013 ab3
904 970 979 1004 623
1003 980 1048 1012 05

342 1036 497 1072 avaritia
534 1034 633 1070 facta
672 1039 728 1069 est
762 1033 863 1068 ebria
897 1035 973 1068 624
1005 1045 1048 1074 a;

343 1114 453 1149 quam
481 1099 647 1135 desolata
674 1097 721 1133 sit
741 1102 910 1144 tempore
935 1097 1050 1145 capti-

344 1165 469 1201 vitatis
491 1166 566 1200 663
590 1163 637 1207 (15
669 1162 738 1198 Dei
761 1161 1049 1197 misericordiam

346 1235 470 1265 movet
503 1230 578 1264 663
611 1240 643 1268 e,
679 1239 754 1262 non
788 1226 858 1261 nisi
892 1226 929 1261 in
959 1231 1054 1262 tem-

344 1306 413 1342 pus
443 1292 637 1328 definitum
669 1292 746 1327 664
778 1303 823 1335 35
866 1303 977 1337 quare
1007 1290 1052 1326 ab

345 1357 494 1406 Angelo
534 1357 662 1393 metita
696 1355 860 1391 funiculo
899 1368 1050 1403 geome-

346 1423 440 1459 trico
468 1423 545 1458 666
573 1421 655 1462 ad;
693 1433 764 1467 quo
795 1432 905 1455 sensu
935 1420 1053 1456 electa

347 1490 423 1525 672
446 1487 494 1532 (15
527 1489 602 1522 673
625 1498 667 1526 e3
708 1484 861 1525 mulieri,
883 1483 959 1519 alas
989 1484 1052 1520 ha-

346 1553 448 1589 benti
480 1565 635 1600 upupae,
663 1557 877 1598 comparata
908 1552 984 1587 699
1007 1564 1052 1596 35

347 1617 593 1665 Babyloniam
618 1617 740 1652 avolat
762 1617 838 1651 699
861 1616 909 1661 (15
940 1616 1055 1651 forni-

346 1687 439 1726 cata,
462 1682 582 1717 Deum
607 1693 777 1716 aversum
802 1680 943 1720 habuit,
965 1692 1052 1715 con-

346 1759 465 1787 versa,
488 1758 612 1781 secum
634 1745 867 1780 habitantem
891 1746 965 1780 715
981 1744 1052 1789 ab;

345 1811 587 1853 sanctificata,
610 1810 723 1846 fiebat
751 1809 822 1845 Dei
853 1809 995 1851 civitas,
1018 1815 1054 1845 et

346 1887 454 1911 mons
498 1874 652 1910 Domini
698 1876 773 1910 715
813 1886 832 1908 0
853 1873 876 1908 d
896 1886 938 1915 e;
988 1886 1054 1921 pro

344 1940 444 1976 Juda
459 1945 496 1975 et
511 1939 733 1987 Benjamino
750 1938 911 1986 positum
928 1941 1002 1975 737
1013 1938 1052 1979 d;

346 2004 530 2041 vestibulo
564 2009 813 2051 comparatur,
850 2003 956 2051 quasi
989 2002 1054 2038 ob-

346 2069 551 2105 sidionibus
571 2069 734 2105 hostium
752 2068 915 2104 obnoxia
933 2071 1053 2113 77305

350 2136 425 2169 774
456 2134 506 2179 b3
547 2133 752 2181 Apostolos
782 2132 965 2180 rejiciens,
996 2144 1053 2167 re-

341 2200 444 2246 jecta
475 2200 549 2234 776
581 2210 625 2242 05
668 2201 742 2233 777
772 2210 817 2242 35
852 2197 1056 2245 judicanda

348 2266 424 2299 786
447 2263 495 2309 (15
527 2275 620 2310 quae
648 2262 744 2297 mala
766 2275 921 2309 passura
945 2268 1055 2302 esset,

348 2335 564 2376 expugnata
592 2340 613 2363 a
647 2327 834 2367 Romanis,
867 2326 1057 2376 praedicta

350 2395 426 2429 795
448 2393 470 2428 b
488 2405 532 2438 05
565 2405 676 2427 unam
702 2405 749 2427 ex
773 2392 891 2427 tribus
912 2397 1055 2439 partem

348 2458 515 2493 relictam
545 2457 675 2493 habuit
707 2458 781 2492 796
805 2468 849 2501 35
882 2468 948 2503 per
976 2455 1057 2491 lon-

348 2521 556 2569 gitudinem
581 2534 684 2557 suam
706 2520 896 2556 Ecclesiae
925 2520 1055 2567 ampli-

349 2586 516 2622 tudinem
539 2586 739 2622 exhibebat
761 2588 837 2622 803
855 2597 896 2630 05
920 2587 996 2622 805
1015 2597 1056 2630 35

349 2664 417 2698 pro
444 2651 598 2698 captivis
619 2650 735 2699 Regis
755 2650 1059 2686 Nabuchonosor

350 2716 490 2752 dictum
512 2718 588 2752 842
611 2728 641 2752 0.

299 2781 572 2829 Hierosolyma,
600 2780 653 2818 II.
676 2779 903 2828 Spiritualis,
931 2779 1059 2815 Eccle-

352 2845 405 2880 sia
436 2845 505 2880 Dei
539 2845 696 2881 viventis
732 2846 780 2880 28
812 2856 859 2890 05
901 2845 977 2880 235
1007 2843 1058 2888 b3

354 2910 426 2944 241
452 2909 501 2954 (15
537 2911 613 2945 242
640 2921 686 2955 05
724 2911 800 2945 245
825 2921 872 2954 05
908 2910 984 2944 498
1012 2920 1057 2952 35

356 2975 430 3008 718
456 2985 499 3019 05
537 2976 611 3011 723
637 2974 686 3018 d3
725 2976 798 3010 724
825 2985 872 3016 a;
910 2974 985 3009 772
1012 2984 1056 3017 05

818 198 1031 234 INDEX
1089 196 1339 233 RERUM.

1575 208 1873 232 HIEROSOLYMA.

1173 320 1248 355 780
1273 329 1320 364 05
1352 319 1427 354 782
1453 329 1499 362 35
1541 318 1688 362 78605
1727 318 1803 352 805
1828 329 1876 362 35

1171 385 1249 420 806
1271 382 1320 428 (15
1351 384 1427 419 807
1450 394 1484 418 0.
1542 378 1657 432 [Vide
1678 377 1876 431 Ecclesia]

1119 448 1309 493 Hilaritas,
1347 447 1385 483 in
1424 447 1538 482 sacris
1575 446 1755 482 faciendis
1792 445 1877 481 Deo

1171 513 1292 560 placet
1313 514 1389 548 844
1411 523 1442 547 0.

1120 577 1271 617 Hircus,
1299 589 1368 624 pro
1398 581 1552 623 peccato
1581 575 1740 619 oblatus,
1766 587 1878 623 quare

1172 641 1425 678 comedendus
1449 642 1494 676 71
1519 653 1549 676 0.

1122 706 1302 747 Historia,
1325 706 1401 741 sive
1428 705 1531 745 felix,
1555 705 1632 741 sive
1660 705 1788 741 infelix
1818 705 1878 746 sit,

1174 776 1253 807 tum
1284 771 1330 806 ad
1359 770 1597 814 hortandum,
1626 776 1705 805 tum
1738 769 1784 805 ad
1818 769 1880 806 de-

1173 835 1414 876 hortandum,
1438 834 1536 871 utilis
1559 836 1631 870 199
1653 834 1676 870 b
1690 846 1719 870 0.

1122 901 1365 941 Holocausta,
1380 899 1655 935 misericordiae
1668 898 1881 946 posthabita

1177 970 1225 1004 98
1249 967 1294 1009 d;
1328 969 1376 1003 99
1400 979 1442 1007 a;
1479 967 1551 1002 100
1573 977 1614 1010 a;
1646 965 1724 1000 sine
1744 964 1881 1012 pietate

1175 1031 1267 1067 nihil
1296 1032 1419 1067 valent
1451 1031 1548 1078 apud
1578 1030 1699 1066 Deum
1730 1032 1806 1065 448
1837 1041 1880 1070 e;

1178 1098 1254 1132 449
1272 1096 1294 1131 d
1310 1108 1350 1140 e;
1374 1095 1571 1143 impiorum
1593 1095 1731 1142 rejecta
1751 1096 1828 1130 829
1846 1093 1879 1130 d.

1124 1160 1390 1206 Homicidium‚
1411 1160 1456 1195 ab
1480 1160 1568 1207 ipsis
1592 1159 1805 1195 hominibus
1825 1159 1880 1194 in-

1176 1230 1330 1261 ventum
1350 1226 1423 1261 180
1439 1237 1475 1269 e;
1498 1224 1544 1260 ab
1566 1223 1754 1267 Israelitis,
1771 1223 1883 1259 etiam

1176 1290 1343 1331 Judaeis,
1365 1290 1540 1325 usitatum
1568 1291 1638 1325 181
1663 1301 1684 1324 a
1699 1288 1735 1324 b.

1126 1355 1332 1396 Hordeum,
1374 1360 1502 1402 utpote
1540 1353 1643 1390 cibus
1681 1352 1884 1400 pecudibus

1177 1418 1415 1458 conveniens,
1448 1417 1543 1453 vitae
1574 1416 1739 1453 bestialis
1773 1422 1884 1465 typus

1178 1484 1223 1518 61
1249 1483 1285 1518 b.

1127 1549 1265 1590 Hosea,
1288 1547 1372 1582 vide
1393 1547 1502 1583 Osca.

1126 1614 1278 1654 Hostes,
1319 1612 1616 1660 Hierosolymae,
1657 1611 1755 1659 apud
1794 1611 1883 1647 Pro-

1178 1679 1321 1726 phetasy
1356 1683 1420 1714 aut
1459 1678 1659 1721 Romanos,
1694 1681 1758 1712 aut
1797 1677 1885 1712 dae-

1180 1756 1309 1779 monas
1336 1743 1549 1790 significant
1577 1743 1654 1777 510
1677 1741 1725 1786 d;
1756 1741 1886 1776 Eccle-

1180 1809 1267 1851 siae,
1307 1820 1416 1856 quem
1455 1808 1570 1843 finem
1607 1806 1770 1843 habituri
1811 1807 1887 1842 sint

1181 1875 1257 1910 806
1288 1873 1334 1914 b;
1378 1875 1454 1908 807
1485 1885 1531 1917 05

1178 1937 1247 1972 nisi
1290 1936 1480 1972 vilioribus
1524 1936 1744 1972 animalibus
1785 1948 1887 1971 com-

1178 2002 1295 2050 parati
1318 2004 1394 2038 809
1417 2014 1448 2037 0.

1128 2066 1328 2109 Humerus,
1359 2063 1542 2108 victimae,
1573 2075 1685 2111 quare
1716 2063 1801 2099 Deo
1831 2075 1888 2100 se·

1180 2135 1331 2177 paratus
1355 2132 1430 2165 834
1453 2129 1486 2165 d.

1130 2195 1312 2236 Humiles,
1345 2195 1425 2230 Deo
1457 2193 1544 2235 cari,
1577 2193 1746 2243 superbis
1780 2192 1890 2228 invisi

1181 2262 1256 2295 267
1279 2258 1366 2303 ad3
1395 2271 1415 2293 a
1442 2258 1524 2293 Deo
1553 2257 1718 2293 decorati
1743 2260 1818 2294 535
1842 2269 1889 2303 35

1181 2326 1254 2360 611
1279 2336 1322 2364 3;
1355 2328 1537 2370 quatenus
1564 2322 1609 2357 de
1634 2322 1788 2358 Judaeis
1816 2321 1889 2358 dici

1180 2387 1298 2436 possit
1325 2389 1400 2423 619
1423 2386 1456 2422 d.

1130 2453 1374 2502 Hypocritae‚
1406 2452 1498 2497 Deo,
1530 2464 1605 2487 non
1637 2450 1792 2493 homini,
1824 2463 1888 2499 pa-

1181 2524 1260 2555 tent
1284 2520 1360 2554 583
1383 2517 1417 2553 d.

1577 1871 1779 1913 Ecclesiae,
1810 1884 1885 1907 non

1501 2633 1516 2670 I

1129 2712 1310 2756 lemnus,
1341 2710 1461 2746 morbi
1490 2721 1621 2758 genuS‚
1652 2708 1698 2744 ad
1727 2709 1888 2757 castiga-

1183 2776 1323 2812 tionem
1345 2775 1494 2811 Israelis
1514 2774 1670 2809 missum
1693 2774 1769 2809 293
1791 2773 1827 2809 b.

1130 2841 1247 2883 Idola,
1282 2840 1439 2885 Baalim,
1475 2851 1522 2875 ex
1559 2837 1681 2886 lapide
1720 2837 1891 2874 confecta

1184 2909 1234 2942 49
1273 2918 1292 2942 e
1312 2919 1321 2951 5
1370 2905 1547 2944 Chamos‚
1590 2902 1757 2946 Astarte,
1798 2902 1890 2938 Β331

1188 2972 1256 3006 131
1291 2982 1330 3014 05
1378 2970 1450 3004 148
1481 2978 1527 3012 35
1572 2965 1769 3014 unicuique
1807 2966 1889 3003 urbi
