2007 3366
326 185 381 224 58
714 188 763 228 B.
807 186 1086 227 CYRILLI
1126 187 1510 228 ALEXANDR.
1753 186 1897 226 iii.11.

323 299 700 360 περικεκλεῖσθαι
740 296 965 362 μεγάλοις
1009 298 1084 346 καὶ
1123 296 1461 362 ἀναριθμήτους
1498 297 1617 366 ἔχειν
1662 297 1769 350 τοὺς
1808 320 1896 348 συ-

324 377 562 444 νασπίζειν
610 377 868 432 ἐθέλοντας·
912 377 1031 428 κατὰ
1074 379 1178 429 τίνα
1222 379 1376 434 θέλεις
1426 378 1539 431 εἶναι
1581 384 1675 431 τῶν
1718 384 1899 447 χωρῶν,

324 458 372 510 αἳ
427 460 744 526 πεπόρθηνται
800 459 929 526 παρὰ
985 465 1090 521 σοῦ,
1143 461 1289 511 καίτοι
1343 464 1575 528 πλείστην
1631 463 1751 527 ὅσην
1798 464 1898 514 ἐπι-

324 541 595 606 τηδειότητα
627 547 877 609 λαχοῦσαι,
906 545 1042 611 φησὶ,
1068 541 1185 610 πρός
1219 566 1271 609 γε
1313 543 1365 595 τὸ
1407 545 1637 596 δύνασθαι
1679 545 1900 596 δυσαλώ-

323 647 415 678 τως
448 624 567 692 ε”χειν
600 648 650 676 τε
692 629 765 676 καὶ
804 625 1041 690 ἀλήπτως.
1095 625 1289 694 &plano-ou
1325 625 1488 695 χορδῆν,
1515 629 1770 691 τουτέστιν,
1804 627 1898 697 ᾠδὴ
1920 653 1942 692 5

323 708 399 757 καὶ
436 708 578 770 μέλος
609 709 685 758 καὶ
715 706 830 771 αὐτὴ
865 713 1003 773 γενοῦ
1037 708 1216 760 πόλεσί
1250 732 1299 760 τε
1339 712 1414 760 καὶ
1449 710 1636 777 χώραις,
1677 715 1902 762 παθοῦσα

322 794 512 840 τοιαῦτα
561 788 691 856 παρὰ
743 793 949 856 Περσῶν
1003 793 1077 842 καὶ
1130 791 1325 861 Μήδων,
1377 792 1514 843 ὁποῖα
1568 792 1789 859 δέδρακας
1839 795 1901 846 εἷς

323 870 501 938 ἑτέρους
528 871 658 937 αὐτή,
708 873 944 941 {volpem-ou
971 870 1130 941 μερίδα.
1156 873 1355 942 Ἀμμων,
1377 873 1500 925 ε”στω
1527 875 1610 925 σοί
1630 882 1753 942 φησι
1779 881 1900 943 μερὶς

283 956 398 1005 Θκαὶ
437 957 611 1021 κλῆρος
654 955 681 1019 ἡ
712 955 914 1024 Ἀμμών·
958 953 989 1006 ἂ
1028 956 1250 1022 δέδρακας
1288 957 1357 1007 ἐπ’
1390 957 1548 1025 ἐκείνῃ,
1581 956 1639 1008 τὰ
1677 956 1795 1008 αὐτὰ
1827 960 1902 1008 καὶ

322 1036 380 1088 σὲ
414 1042 579 1089 παθεῖν
613 1039 878 1104 ἀναγκαῖον.
943 1040 1017 1089 καὶ
1057 1039 1126 1093 τίς
1163 1038 1220 1103 ἦν
1264 1039 1291 1103 ἡ
1328 1037 1524 1108 Ἀμμῶν,
1566 1042 1587 1101 ἦ
1631 1041 1902 1092 κατοικοῦσαι
1923 1063 1971 1089 ιο

322 1121 361 1172 ἐν
420 1123 642 1188 ποταμοῖς
671 1142 682 1179 ς
748 1120 1004 1183 τουτέστιν,
1065 1121 1092 1185 ἡ
1154 1121 1386 1190 θαλάσσῃ
1443 1124 1517 1172 καὶ
1572 1125 1799 1186 ποταμοῖς
1853 1123 1902 1172 εὖ

322 1202 455 1267 μάλα
490 1203 821 1271 τετειχισμένη,
861 1204 888 1267 ἡ
923 1208 1023 1256 ταῖς
1061 1204 1330 1270 Αἰγυπτίων
1368 1204 1644 1271 ἐπικουρίαις
1689 1206 1764 1255 καὶ
1806 1208 1901 1259 τοῖς

322 1285 545 1337 Αἰθιόπων
606 1285 890 1355 τοξεύμασιν
943 1287 1275 1353 ἐπαυχήσασα,
1333 1287 1360 1350 ἡ
1416 1286 1501 1350 τὴν
1558 1290 1651 1337 τῶν
1715 1286 1902 1347 Λιβύων

323 1369 652 1433 ἀλκιμωτάτην
695 1374 917 1435 λαχοῦσα
960 1369 1165 1432 πληθύν.
1231 1368 1361 1420 ἀλλὰ
1409 1371 1485 1420 καὶ
1529 1371 1674 1423 οὕτως
1724 1369 1902 1437 ἔχουσα

323 1451 498 1504 θέσεώς
534 1474 584 1502 τε
618 1453 693 1502 καὶ
733 1451 891 1518 ῥώμης
929 1453 1004 1502 καὶ
1035 1455 1117 1516 τῆς
1151 1451 1324 1521 ε”ξωθεν
1357 1453 1630 1518 ἐπικουρίας,
1665 1457 1723 1507 εἰς
1757 1475 1902 1519 μετοι-
1924 1470 1970 1511 15

326 1536 476 1585 κεσίαν
510 1536 786 1604 πεπόρευται,
811 1534 974 1600 γέγονε
1006 1534 1053 1585 δὲ
1089 1534 1390 1603 αἰχμάλωτος
1427 1540 1503 1586 καὶ
1536 1532 1782 1604 ἠὸαφίσθη
1817 1533 1903 1598 μὲν

102 1631 183 1665 510
200 1629 249 1664 A.
283 1615 458 1675 οωύτῆς
499 1614 559 1667 τι),
601 1619 745 1678 νήπια,
785 1619 1018 1682 κληρωτοὶ
1063 1616 1110 1667 δὲ
1155 1616 1408 1682 γεγόνασιν
1450 1620 1491 1668 οἱ
1531 1620 1782 1686 διαφανεῖς,
1828 1619 1903 1668 καὶ

321 1699 499 1765 μερίδες
532 1703 626 1749 τῶν
658 1699 961 1762 νενικηκότων
995 1703 1036 1750 οἱ
1076 1700 1376 1768 ἐνδοξότεροι,
1416 1700 1491 1750 καὶ
1530 1697 1728 1751 δέδενται
1766 1722 1902 1769 χειρο-

320 1778 499 1836 πέδχαις.
548 1779 710 1847 ὥσπερ
737 1782 817 1832 οὖν
843 1780 964 1836 εἷλες
987 1780 1074 1845 τὴν
1097 1779 1282 1851 Ἄμμων
1309 1781 1575 1849 ἀπόρθητον
1601 1782 1762 1844 οὖσαν,
1785 1781 1902 1833 ὅσον

322 1867 385 1918 εἷς
419 1865 682 1930 ἐπικουρίαν
717 1867 791 1915 καὶ
825 1865 974 1915 θέσιν·
1021 1863 1140 1918 Θεὸς
1177 1864 1269 1931 γὰρ
1294 1863 1351 1928 ἧν
1385 1865 1409 1915 ὁ
1440 1863 1738 1931 παραδιδούς’
1780 1865 1900 1916 οὕτω
1922 1890 1972 1917 20

322 1948 397 1997 καὶ
431 1946 546 2011 αὐτὴ
581 1946 761 2015 δοθήσῃ
791 1946 977 2000 πάντως
1004 1950 1065 2000 εἱς
1099 1952 1254 2014 χεῖρας
1286 1948 1480 2014 ἐχθρῶν,
1507 1945 1594 1997 κᾶν
1624 1950 1660 1997 εἱ
1685 1947 1902 2012 μεγάλην

322 2028 442 2097 ε”χοις
480 2029 559 2080 ἐπί
592 2052 640 2079 τε
679 2030 861 2094 πληθύϊ
898 2034 993 2080 τῶν
1030 2029 1249 2096 μαχίμων
1287 2033 1361 2080 καὶ
1399 2030 1573 2096 τείχεσι
1610 2027 1697 2093 τὴν
1734 2029 1900 2098 ὀφρύν.

322 2111 413 2176 ἐγὼ
437 2110 530 2178 γὰρ
556 2113 629 2163 ἐπὶ
655 2111 729 2174 σε,
759 2114 834 2162 καὶ
859 2111 945 2177 τὴν
971 2111 1084 2176 ἐμὴν
1111 2113 1256 2166 οὐδεὶς·
1283 2112 1575 2180 ἀποστρέψει
1602 2116 1747 2180 χεῖρα.

259 2302 301 2327 11
327 2281 401 2322 Καὶ
427 2282 475 2324 σὺ
501 2283 745 2341 μεθυσθήσῃ
773 2283 840 2324 καὶ
867 2283 943 2341 ἔσῌ
970 2284 1300 2340 ΠαρεωραμέῑνΗ,
1328 2283 1397 2324 καὶ
1433 2283 1480 2325 σὺ
1514 2283 1703 2339 <umorue
1741 2285 1897 2339 σεαυτῷ

278 2375 305 2415 b
392 2366 536 2408 στάσιν
564 2367 608 2410 ἐξ
635 2367 810 2423 ἐχθρῶν.
1921 2380 1968 2419 25
1988 2375 2007 2415 -,’

374 2498 402 2521 Ι.
428 2487 698 2531 περικεκλεῖσθαι
726 2487 886 2531 μεγάλοις
916 2487 962 2521 D.
988 2488 1148 2532 μεγάλοις
1176 2486 1449 2530 περιβεβλῆσθαι
1480 2485 1901 2529 Ε(ἶ(1.συνασπι’ζοντας

322 2545 385 2578 pro
403 2535 622 2576 συνασπίζειν
639 2535 728 2568 ἐθελ.
748 2534 794 2568 D.
1024 2545 1054 2568 2.
1082 2549 1162 2568 κατα
1180 2534 1251 2567 τίνα
1270 2534 1379 2568 θέλεις
1396 2531 1494 2578 εἰναι]
1523 2534 1603 2566 κατά
1621 2548 1693 2567 τινα
1711 2534 1823 2569 θελεις
1839 2534 1898 2568 fid.

323 2592 356 2625 3.
382 2595 473 2625 παρα
492 2581 537 2614 Ι).
557 2595 633 2625 περι
651 2580 710 2614 iid.
936 2593 969 2623 4.
995 2580 1184 2626 λαχοισαι]
1205 2583 1361 2626 λαχουσα
1382 2579 1470 2614 Edd.
1522 2580 1647 2614 Statim
1666 2582 1755 2625 φησι
1773 2593 1840 2614 om.
1858 2581 1900 2615 B.

322 2642 361 2670 γε
379 2634 411 2661 et
428 2643 462 2661 τε
482 2640 551 2661 orn.
572 2628 618 2661 l),
901 2627 933 2661 6.
959 2643 1052 2673 γινου
1074 2629 1118 2662 Ι).
1417 2627 1448 2660 S.
1475 2626 1668 2672 ἑτοίμου-αι]
1691 2635 1728 2668 -3-
1750 2628 1786 2661 δέ
1805 2627 1897 2662 Edd.

324 2674 439 2707 invitis
468 2674 560 2709 ΒΛ).
609 2674 744 2718 ’Λμμὼν
765 2675 811 2708 D.
829 2674 941 2718 Ἀμὼν
964 2687 1099 2718 semper
1119 2675 1208 2709 Edd.
1258 2675 1347 2719 φησι
1375 2680 1454 2718 post
1481 2673 1498 2716 ἡ
1527 2673 1663 2717 Ἀμμὼν
1689 2681 1820 2719 transp.
1851 2673 1899 2709 D.

324 2732 358 2764 9.
383 2723 486 2754 ταῦτα
505 2733 566 2765 pro
583 2722 623 2755 τὰ
642 2723 723 2755 αὐτὰ
744 2722 789 2756 D.
933 2733 984 2756 10.
1013 2721 1078 2767 τίς]
1099 2723 1130 2756 τί
1150 2721 1240 2756 Edd.
1291 2724 1361 2765 ἤτοι
1379 2732 1441 2765 pro
1460 2719 1477 2763 ἡ
1496 2721 1554 2754 alt.
1575 2721 1633 2755 iid.
1783 2733 1836 2755 11.
1863 2720 1900 2756 εὖ

323 2768 414 2810 μάλα
433 2767 582 2801 desunt
576 2781 610 2802 m
631 2769 676 2802 l).
915 2779 967 2802 12.
994 2768 1012 2812 ἡ
1031 2779 1250 2814 assumptum
1269 2780 1309 2801 ex
1330 2767 1370 2801 B.
1601 2779 1654 2813 13.
1681 2771 1746 2802 τῶν
1762 2780 1832 2801 om.
1852 2768 1897 2802 D.

329 2824 381 2855 14
406 2814 582 2860 πληθύν]’
572 2815 674 2860 ισχύν
693 2815 737 2849 D.
948 2816 1000 2849 16.
1027 2817 1063 2849 δέ
1081 2822 1301 2860 assumptum
1319 2826 1360 2848 ex
1380 2814 1425 2847 Ι).
1630 2824 1682 2859 17.
1708 2815 1819 2849 αὐτοῖς
1836 2826 1898 2859 pro

325 2874 406 2903 αντη
411 2875 425 2896 ς
444 2860 492 2894 D.
684 2874 716 2906 9.
684 2861 842 2908 9ὅσον]
867 2867 903 2903 -1-
924 2862 994 2905 ἥκει
1013 2862 1105 2897 E.dd
1295 2872 1349 2895 20.
1374 2860 1459 2894 οὕτω
1478 2875 1530 2895 και
1548 2861 1628 2904 αὐτὴ
1649 2862 1695 2895 D.
1713 2861 1826 2904 αὐτὴν,
1845 2861 1898 2895 καὶ

324 2907 407 2950 αὐτὴ
426 2906 517 2941 Edd.
749 2921 803 2943 22.
830 2907 976 2954 ε’χοις]”
958 2924 1038 2953 ‘xm
1054 2910 1112 2944 iid.
1161 2908 1221 2952 τὴν
1236 2906 1362 2953 ὀφρύν]
1383 2908 1441 2951 τὴν
1459 2908 1559 2952 ἰσχὺν
1576 2923 1626 2942 και
1645 2909 1704 2952 τὴν
1720 2908 1831 2953 ὀφρύν
1850 2907 1897 2942 D.

325 2964 381 2995 24.
401 2955 637 2998 παρεωραμένη
657 2955 694 2989 F.
712 2956 748 2999 (2
752 2967 785 3000 3.
803 2956 924 3001 al..)cf
942 2956 1041 2990 infra.
1060 2954 1367 2999 ὑπερεωραμένηΒ.
1374 2954 1419 2988 D.
1439 2954 1530 2990 Edd.
1543 2955 1606 3000 (A.
1612 2954 1654 2989 V.
1670 2954 1710 2999 N)
1751 2953 1894 3000 σεαυτῇ]

324 3000 472 3044 ἑαυτῃΙ)
478 3001 576 3045 ,(23
594 3013 650 3044 42,
668 3005 764 3046 310.)
954 3014 1008 3045 25.
1037 3003 1074 3046 ἐξ
1092 3014 1160 3038 om.
1181 3002 1226 3036 D.
1245 3001 1304 3046 (s)
