2007 3366
328 170 385 209 46
723 172 772 212 B.
812 171 1091 212 CYRILLI
1133 172 1518 214 ALEXANDR.
1699 171 1911 220 ii.11‚12.

330 281 437 330 καθ’
465 279 598 345 ἡμῶν
632 281 977 348 τυραννήσαντι
1012 287 1200 352 σατανᾷ
1237 287 1312 335 καὶ
1345 289 1445 338 ταῖς
1482 282 1575 334 σὺν
1607 283 1731 351 αὐτῷ
1769 280 1908 333 δυνά-

327 384 441 422 μεσι
465 369 706 428 πονηραῖς.
774 365 927 427 ἐπειδὴ
954 363 1048 429 γὰρ
1074 365 1390 433 ἐξεπέμποντο
1415 369 1498 430 τῆς
1524 365 1720 433 ἀρχαίας
1744 365 1914 428 ἐκείνης

327 447 463 508 τιμῆς
488 467 538 495 τε
564 449 639 496 καὶ
671 445 826 514 δόξης,
850 450 951 500 πῶς
985 444 1042 510 ἦν
1069 446 1187 501 εἰκὸς
1217 447 1281 512 μὴ
1308 449 1410 516 οὐχὶ
1435 447 1590 512 πάντη
1614 470 1664 498 τε
1689 449 1764 498 καὶ
1791 446 1911 498 πάν-

328 549 420 580 τως
446 526 506 578 τὰ
531 527 682 579 τοιάδε
709 532 876 579 παθεῖν
903 528 1098 590 αὐτούς;

285 678 312 719 b

264 767 306 792 ¹1
329 759 415 799 Ποῦ
438 758 527 801 ἔστι
559 758 607 801 τὸ
634 760 961 816 κατοικΗτήριον
995 761 1080 801 τῶν
1114 761 1318 811 λεόντων,
1346 762 1414 802 καὶ
1452 761 1474 802 ἡ
1515 761 1621 810 νομὴ
1662 762 1684 803 ἡ
1724 758 1828 802 οὖσα
1867 760 1911 802 ἐν
1934 774 1956 812 5

395 839 483 882 τοῖο
511 842 735 894 σκύμνοιε;
775 840 824 883 οὗ
850 843 1062 900 ὲΠορεύθΗ
1101 844 1214 885 λέων
1242 847 1314 885 τοῦ
1350 841 1556 886 εἰσελθεῖν
1594 844 1690 887 ἐκεῖ·
1731 845 1912 893 σκύμνος

260 937 305 962 12
394 927 580 978 λέοντος,
608 927 676 968 καὶ
713 928 789 968 οὐκ
827 924 877 969 ἦν
913 928 936 970 ὁ
972 928 1202 984 ὲκφοβών;
1241 930 1353 970 λέων
1381 931 1548 986 ἥρπασε
1585 929 1636 971 τὰ
1676 928 1797 970 ἱκανὰ
1824 926 1913 971 τοῖς

394 1011 593 1059 σκύμνοις
632 1011 762 1052 αὐτοῦ
798 1011 866 1052 καὶ
904 1012 1111 1055 ἀΠεΠνιΞε
1150 1009 1238 1053 τοῖς
1277 1014 1444 1054 λεουσιν
1480 1014 1623 1065 αὑτοῦ,
1651 1012 1714 1054 καὶ
1752 1014 1913 1055 ἔΠλΗσε

395 1096 527 1152 θήρας
555 1096 727 1138 νοσσιὰν
755 1096 883 1138 αὐτοῦ
913 1097 981 1138 καὶ
1006 1097 1054 1139 τὸ
1083 1098 1409 1154 κατοικΗτήριον
1437 1098 1565 1139 αὐτοῦ
1593 1098 1804 1154 ἅρπαι-ᾖε.

393 1229 720 1296 Κοιτοικητήριον
746 1228 830 1291 μὲν
856 1227 1066 1295 ὀνομάζει
1087 1229 1265 1280 λεόντων
1289 1227 1374 1293 τὴν
1393 1227 1569 1280 Νινευΐ.
1613 1226 1914 1298 κατῳκήκασι
1937 1251 1984 1276 10

328 1307 423 1375 γὰρ
450 1310 498 1360 ἐν
524 1310 655 1376 αὐτῇ,
682 1313 758 1361 καὶ
793 1309 1015 1376 λαμπρὸν
1041 1313 1282 1362 ἐποιοῦντο
1313 1313 1388 1362 καὶ
1420 1311 1716 1380 ἀξιάγαστον
1742 1311 1910 1361 ἐνδιαί-

288 1423 311 1450 0
328 1414 454 1455 τημα
485 1393 558 1442 καὶ
594 1393 843 1452 βασίλειον
868 1393 1101 1462 ἀσφαλὲς,
1129 1397 1170 1444 οἱ
1207 1393 1326 1445 κατὰ
1353 1392 1537 1459 καιροὺς
1562 1394 1678 1461 αὐτῇ
1705 1398 1907 1454 βεβασι-

328 1473 545 1528 λευκότες
571 1474 738 1526 Φουλὰ
765 1479 838 1526 καὶ
864 1476 1195 1542 Σαλμανασάρ
1222 1480 1297 1527 καὶ
1326 1477 1614 1544 Σεναχηρεῖμ
1646 1477 1720 1526 καὶ
1756 1475 1912 1539 με’ντοι

328 1560 405 1607 καὶ
424 1557 880 1625 Ναβουχοδονόσορ·
917 1558 1281 1623 πεπολεμήκασι
1301 1559 1393 1625 γὰρ
1414 1559 1539 1609 οὗτοι
1559 1557 1644 1623 τὴν
1663 1558 1907 1610 Ἰουδαίαν.

328 1639 381 1690 τὸ
417 1639 465 1690 δὲ
506 1642 595 1690 Ποῦ
635 1639 746 1691 ἔστιν
782 1642 836 1691 οὐ
868 1644 1177 1707 διερωτῶντος
1210 1640 1340 1705 οἶμαί
1375 1660 1481 1692 που·
1524 1643 1618 1692 δεῖν
1656 1639 1749 1707 γὰρ
1786 1638 1912 1704 οἶμαι
1936 1660 1983 1699 15

328 1727 656 1788 παραιτεῖσθαι
694 1723 747 1774 τὸ
791 1725 961 1788 εὔηθες·
1002 1723 1366 1790 ἐπιτωθάζοντος
1405 1725 1451 1775 δὲ
1494 1729 1696 1787 μᾶλλον,
1729 1725 1803 1774 καὶ
1842 1723 1913 1775 ὅτι

328 1804 558 1855 διόλωλεν
597 1807 869 1871 ὁλοτρόπως
908 1806 983 1857 διὰ
1021 1807 1187 1858 τούτου
1226 1807 1528 1870 δεικνύοντος,
1559 1809 1621 1860 ὡς
1659 1807 1774 1871 μηδὲ
1807 1805 1912 1858 ὅποι

105 1906 211 1944 Supra
326 1887 440 1938 ποτε
475 1887 666 1954 γέγονεν
702 1890 903 1954 ὁρᾶσθαι
943 1889 1128 1941 λοιπόν.
1196 1890 1557 1941 συντετέλεσται
1589 1888 1681 1956 γὰρ
1720 1891 1795 1940 καὶ
1829 1889 1907 1958 ἐξ·

104 1959 172 1979 ver.
190 1957 215 1979 ι’
327 1974 478 2038 ῇρται,
506 1970 627 2021 καθά
667 1977 817 2038 φησιν
856 1969 1006 2025 αὐτός.
1072 1974 1155 2023 ποῖ]
1192 1971 1248 2036 δὴ
1280 1972 1359 2023 οὖν
1386 1971 1477 2038 ἄρα
1505 1973 1627 2039 φησὶ
1652 1973 1698 2022 το
1725 1971 1803 2022 nih
1828 1985 1906 2023 λε-

282 2052 450 2108 (Ιόντων
491 2055 818 2122 κατοικητήριον,
845 2054 1089 2104 τουτέστιν
1123 2055 1150 2118 ἡ
1188 2055 1376 2116 Νινευ“ὶ’;
1417 2060 1509 2105 ποῦ
1541 2053 1588 2105 δὲ
1628 2081 1649 2114 η
1684 2053 1783 2122 νομὴ
1818 2058 1912 2105 τῶν
1934 2075 1982 2100 20

328 2134 552 2201 σκύμνωνς
593 2137 668 2185 καὶ
706 2135 922 2203 σκύμνους
957 2135 1042 2199 μὲν
1080 2134 1140 2190 ὥς
1178 2159 1233 2202 γε
1269 2134 1409 2199 οἶμαι,
1442 2139 1565 2205 φησὶ
1599 2135 1704 2189 τοὺς
1731 2135 1821 2187 ὑπὸ
1847 2139 1913 2205 τῷ

325 2219 538 2287 μεγίστῳ
578 2222 779 2277 βασιλεῖ
808 2217 1102 2283 πράττοντας
1147 2222 1221 2270 καὶ
1264 2219 1510 2282 κειμένους,
1555 2221 1630 2269 καὶ
1669 2217 1723 2268 τὸ
1761 2218 1912 2281 τίμιον

327 2299 520 2367 ἔχοντας
542 2301 650 2365 παρ’
680 2301 804 2369 αὐτῷ
829 2301 877 2351 ἐν
902 2299 1032 2370 δόξῃ,
1059 2300 1310 2368 σατράπας
1341 2301 1398 2365 δὴ
1426 2301 1551 2366 λέγω
1586 2303 1660 2351 καὶ
1694 2323 1908 2366 στρατη-

328 2383 452 2448 γοὺς,
482 2382 601 2451 νομὴν
640 2383 688 2433 δὲ
727 2384 880 2434 αὐτῶν
915 2386 1148 2434 ἀποκαλεῖ
1181 2382 1288 2438 τοὺς
1327 2383 1417 2435 ὑπὸ
1447 2389 1578 2451 χεῖρα
1610 2385 1686 2434 καὶ
1718 2383 1908 2450 ὑπεζευ-

376 2581 408 2611 4.
434 2570 474 2602 τὰ
492 2571 628 2603 τοιαῦτα
648 2569 693 2603 D.
883 2579 915 2613 5.
947 2570 982 2604 ἐν
999 2577 1220 2615 assumptum
1238 2582 1278 2604 ex
1299 2569 1391 2603 RD.
1410 2568 1543 2611 (Alex.)
1697 2568 1730 2603 6.
1757 2568 1796 2603 οὗ
1816 2569 1908 2604 B.D.

330 2616 462 2659 (Alex.)
488 2616 531 2650 cf.
559 2617 659 2650 infra.
685 2618 751 2650 ποῦ
774 2615 866 2650 Edd.
885 2617 980 2661 (Vat.
1000 2619 1035 2660 N)
1101 2618 1177 2651 ἐκεῖ·
1206 2616 1352 2660 σκύμνος
1370 2616 1462 2650 B.D.
1493 2613 1656 2660 [σκύμνος
1682 2616 1782 2649 Alex.
1801 2615 1906 2662 XII.]

329 2662 395 2695 ε’κεῖ
421 2663 568 2706 σκύμνον
588 2663 678 2697 Edd.
697 2663 798 2708 (Vat.
817 2663 857 2708 N)
1035 2673 1064 2709 7.
1092 2666 1109 2697 ὁ
1127 2676 1197 2698 om.
1219 2664 1308 2698 Edd.
1477 2663 1509 2696 8.
1537 2661 1690 2706 ἐπέπνιξε
1709 2662 1800 2696 Edd.
1819 2663 1908 2707 (68.)

329 2708 496 2752 ἐνέπλησε
518 2710 552 2743 F.
571 2710 698 2755 (XII.)
859 2722 911 2745 10.
930 2713 995 2744 τῶν
1011 2713 1045 2745 λ.
1063 2711 1215 2755 ὀνομάζει
1234 2722 1295 2755 pro
1312 2710 1404 2752 ὄνομ.
1422 2711 1456 2743 λ.
1477 2709 1521 2743 D.
1679 2719 1729 2742 12.
1757 2709 1840 2752 αὐτῇ
1862 2709 1907 2744 D.

329 2755 449 2790 αὐτοὺς
468 2756 559 2790 Edd.
579 2757 753 2791 Neutrum
772 2756 876 2791 habet
898 2757 936 2791 Β.
1087 2769 1137 2802 13.
1157 2759 1270 2791 Φουλὰ
1287 2756 1348 2803 [λᾶ
1361 2755 1425 2802 D.]
1444 2756 1489 2790 D.
1503 2754 1633 2790 Φούλας
1649 2755 1690 2788 Β.
1709 2757 1800 2789 Φουὰ
1815 2756 1908 2790 Edd.

334 2812 387 2844 14.
414 2805 466 2835 καὶ
485 2814 554 2836 om.
576 2803 616 2838 B.
681 2803 773 2838 οὗτοι
792 2811 870 2849 post
889 2805 972 2839 ἷουδ.
992 2812 1124 2850 transp.
1146 2805 1191 2839 D.
1503 2802 1554 2836 16.
1585 2802 1847 2845 ἐπιτωθάζοντος
1865 2803 1906 2837 Β.

330 2848 541 2891 ἐπιτωθάζων
561 2850 605 2883 D.
625 2850 819 2893 ἐπιτωθάζει
839 2851 929 2885 Edd.
1040 2862 1091 2897 17.
1119 2851 1246 2886 δεικνὺς
1262 2862 1324 2896 pro
1341 2848 1548 2884 δεικνύοντος
1560 2848 1605 2882 D.
1618 2848 1678 2882 iid.
1780 2860 1831 2893 19.
1850 2849 1909 2884 οὖν

330 2906 400 2929 om.
421 2895 467 2929 D.
673 2909 727 2932 21.
753 2899 843 2941 φησὶ
862 2911 931 2933 om.
952 2899 998 2933 D.
1207 2909 1261 2943 23.
1287 2895 1364 2940 παρ’
1382 2897 1470 2941 αὐτῷ
1491 2896 1532 2930 Β.
1550 2894 1627 2939 παρ’
1646 2895 1746 2929 αὐτὸν
1765 2896 1810 2929 D.
1828 2895 1906 2941 παρ’

330 2941 432 2975 αὐτοῦ
451 2941 542 2976 Edd.
607 2944 647 2987 δὴ
665 2956 734 2979 om.
756 2944 800 2978 D.
1005 2957 1058 2988 24.
1084 2945 1184 2979 αὐτὸν
1201 2956 1263 2990 pro
1280 2944 1388 2978 αὐτῶν
1404 2943 1463 2978 iid.
1480 2949 1560 2977 ante
1579 2942 1713 2988 Migne.
1781 2942 1906 2977 Statim

330 2988 481 3023 ἐπικαλεῖ
499 2988 589 3023 Edd.
