<?xml version="1.0" encoding="UTF-8"?>
<!DOCTYPE html PUBLIC "-//W3C//DTD XHTML 1.0 Transitional//EN"
    "http://www.w3.org/TR/xhtml1/DTD/xhtml1-transitional.dtd">
<html xmlns="http://www.w3.org/1999/xhtml" xml:lang="en" lang="en">
 <head>
  <title>
</title>
<meta http-equiv="Content-Type" content="text/html;charset=utf-8" />
  <meta name='ocr-system' content='tesseract 3.04.00' />
  <meta name='ocr-capabilities' content='ocr_page ocr_carea ocr_par ocr_line ocrx_word'/>
</head>
<body>
  <div class='ocr_page' id='page_1' title='image "./operacyrilli02cyriuoft/operacyrilli02cyriuoft_0170.png"; bbox 0 0 2018 3391; ppageno 0'>
   <div class='ocr_carea' id='block_1_1' title="bbox 329 166 1891 218">
    <p class='ocr_par' dir='ltr' id='par_1_1' title="bbox 329 166 1891 218">
     <span class='ocr_line' id='line_1_1' title="bbox 329 166 1891 218; baseline -0.002 -10"><span class='ocrx_word' id='word_1_1' title='bbox 329 168 409 209; x_wconf 75' lang='lat'>162</span> <span class='ocrx_word' id='word_1_2' title='bbox 714 170 763 210; x_wconf 87' lang='grc' dir='ltr'>Β.</span> <span class='ocrx_word' id='word_1_3' title='bbox 808 168 1085 209; x_wconf 80' lang='lat' dir='ltr'>CYRILLI</span> <span class='ocrx_word' id='word_1_4' title='bbox 1127 168 1511 209; x_wconf 78' lang='lat' dir='ltr'><strong>ALEXANDR.</strong></span> <span class='ocrx_word' id='word_1_5' title='bbox 1746 166 1891 218; x_wconf 79' lang='lat' dir='ltr'><strong>iii.17.</strong></span> 
     </span>
    </p>
   </div>
   <div class='ocr_carea' id='block_1_2' title="bbox 285 271 1898 587">
    <p class='ocr_par' dir='ltr' id='par_1_2' title="bbox 285 271 1898 587">
     <span class='ocr_line' id='line_1_2' title="bbox 324 271 1888 341; baseline -0.001 -17"><span class='ocrx_word' id='word_1_6' title='bbox 324 272 383 323; x_wconf 79' lang='grc' dir='ltr'>τὰ</span> <span class='ocrx_word' id='word_1_7' title='bbox 421 272 569 324; x_wconf 81' lang='grc' dir='ltr'>τοιάδε</span> <span class='ocrx_word' id='word_1_8' title='bbox 603 278 696 324; x_wconf 80' lang='grc' dir='ltr'>τῶν</span> <span class='ocrx_word' id='word_1_9' title='bbox 734 277 888 323; x_wconf 83' lang='grc' dir='ltr'>κακῶν</span> <span class='ocrx_word' id='word_1_10' title='bbox 925 277 1020 326; x_wconf 81' lang='grc' dir='ltr'>τοῖς</span> <span class='ocrx_word' id='word_1_11' title='bbox 1057 273 1113 341; x_wconf 75' lang='grc' dir='ltr'>ἐξ</span> <span class='ocrx_word' id='word_1_12' title='bbox 1134 274 1348 339; x_wconf 85' lang='grc' dir='ltr'>Ἰσραήλ.</span> <span class='ocrx_word' id='word_1_13' title='bbox 1414 276 1662 337; x_wconf 79' lang='grc' dir='ltr'>βαδιοῦμαι</span> <span class='ocrx_word' id='word_1_14' title='bbox 1691 271 1784 338; x_wconf 81' lang='grc' dir='ltr'>γὰρ</span> <span class='ocrx_word' id='word_1_15' title='bbox 1817 273 1888 322; x_wconf 84' lang='grc' dir='ltr'>ἐν·</span> 
     </span>
     <span class='ocr_line' id='line_1_3' title="bbox 285 353 1897 426; baseline 0.001 -24"><span class='ocrx_word' id='word_1_16' title='bbox 285 377 306 402; x_wconf 85' lang='lat' dir='ltr'><strong>e</strong></span> <span class='ocrx_word' id='word_1_17' title='bbox 324 360 495 418; x_wconf 83' lang='grc' dir='ltr'>τεῦθεν,</span> <span class='ocrx_word' id='word_1_18' title='bbox 523 358 597 406; x_wconf 81' lang='grc' dir='ltr'>καὶ</span> <span class='ocrx_word' id='word_1_19' title='bbox 623 354 933 422; x_wconf 86' lang='grc' dir='ltr'>ἀνοιχήσομαι</span> <span class='ocrx_word' id='word_1_20' title='bbox 959 354 1076 421; x_wconf 81' lang='grc' dir='ltr'>πρὸς</span> <span class='ocrx_word' id='word_1_21' title='bbox 1103 355 1210 406; x_wconf 62' lang='grc' dir='ltr'>λαῶν</span> <span class='ocrx_word' id='word_1_22' title='bbox 1235 353 1318 406; x_wconf 81' lang='grc' dir='ltr'>τὸν</span> <span class='ocrx_word' id='word_1_23' title='bbox 1347 358 1467 407; x_wconf 81' lang='grc' dir='ltr'>οὕτω</span> <span class='ocrx_word' id='word_1_24' title='bbox 1493 356 1710 426; x_wconf 68' lang='grc' dir='ltr'>πάροικον</span> <span class='ocrx_word' id='word_1_25' title='bbox 1736 357 1784 405; x_wconf 88' lang='grc' dir='ltr'>ἐν</span> <span class='ocrx_word' id='word_1_26' title='bbox 1809 357 1897 423; x_wconf 74' lang='grc' dir='ltr'>τῷ-</span> 
     </span>
     <span class='ocr_line' id='line_1_4' title="bbox 323 436 1895 506; baseline -0.001 -18"><span class='ocrx_word' id='word_1_27' title='bbox 323 440 371 488; x_wconf 87' lang='grc' dir='ltr'>δε</span> <span class='ocrx_word' id='word_1_28' title='bbox 418 439 484 506; x_wconf 73' lang='grc' dir='ltr'>τῷ</span> <span class='ocrx_word' id='word_1_29' title='bbox 527 438 617 506; x_wconf 78' lang='grc' dir='ltr'>βίῳ</span> <span class='ocrx_word' id='word_1_30' title='bbox 658 436 978 502; x_wconf 78' lang='grc' dir='ltr'>γεγενημένον,</span> <span class='ocrx_word' id='word_1_31' title='bbox 1023 436 1229 502; x_wconf 83' lang='grc' dir='ltr'>καθάπερ</span> <span class='ocrx_word' id='word_1_32' title='bbox 1277 437 1440 501; x_wconf 78' lang='grc' dir='ltr'>ἀμέλει</span> <span class='ocrx_word' id='word_1_33' title='bbox 1489 440 1565 489; x_wconf 82' lang='grc' dir='ltr'>καὶ</span> <span class='ocrx_word' id='word_1_34' title='bbox 1608 436 1744 491; x_wconf 79' lang='grc' dir='ltr'>αὐτὸς</span> <span class='ocrx_word' id='word_1_35' title='bbox 1788 436 1895 502; x_wconf 86' lang='grc' dir='ltr'>ἐγώ.</span> 
     </span>
     <span class='ocr_line' id='line_1_5' title="bbox 322 518 1898 587; baseline 0 -17"><span class='ocrx_word' id='word_1_36' title='bbox 322 519 534 585; x_wconf 82' lang='grc' dir='ltr'>πάροικοι</span> <span class='ocrx_word' id='word_1_37' title='bbox 572 518 664 585; x_wconf 79' lang='grc' dir='ltr'>γὰρ</span> <span class='ocrx_word' id='word_1_38' title='bbox 703 521 778 569; x_wconf 78' lang='grc' dir='ltr'>καὶ</span> <span class='ocrx_word' id='word_1_39' title='bbox 816 519 1129 585; x_wconf 88' lang='grc' dir='ltr'>παρεπίδημοι</span> <span class='ocrx_word' id='word_1_40' title='bbox 1166 518 1335 573; x_wconf 83' lang='grc' dir='ltr'>πάντες</span> <span class='ocrx_word' id='word_1_41' title='bbox 1373 523 1416 571; x_wconf 76' lang='grc' dir='ltr'>οἱ</span> <span class='ocrx_word' id='word_1_42' title='bbox 1453 520 1575 587; x_wconf 79' lang='grc' dir='ltr'>ἅγιοι</span> <span class='ocrx_word' id='word_1_43' title='bbox 1615 519 1733 572; x_wconf 82' lang='grc' dir='ltr'>κατὰ</span> <span class='ocrx_word' id='word_1_44' title='bbox 1765 518 1898 571; x_wconf 84' lang='grc' dir='ltr'>τόνδε</span> 
     </span>
    </p>
   </div>
   <div class='ocr_carea' id='block_1_3' title="bbox 101 661 1899 917">
    <p class='ocr_par' dir='ltr' id='par_1_3' title="bbox 105 661 154 682">
     <span class='ocr_line' id='line_1_6' title="bbox 105 661 154 682; baseline 0 0"><span class='ocrx_word' id='word_1_45' title='bbox 105 661 115 682; x_wconf 83' lang='lat'>1</span> <span class='ocrx_word' id='word_1_46' title='bbox 149 677 154 682; x_wconf 94' lang='lat'><strong>.</strong></span> 
     </span>
    </p>

    <p class='ocr_par' dir='ltr' id='par_1_4' title="bbox 101 665 1899 917">
     <span class='ocr_line' id='line_1_7' title="bbox 123 665 1899 752; baseline 0.001 -18"><span class='ocrx_word' id='word_1_47' title='bbox 123 665 141 691; x_wconf 57' lang='lat'>4</span> <span class='ocrx_word' id='word_1_48' title='bbox 323 690 349 712; x_wconf 90' lang='lat'>“</span> <span class='ocrx_word' id='word_1_49' title='bbox 374 683 530 747; x_wconf 88' lang='grc' dir='ltr'>πόλιν,</span> <span class='ocrx_word' id='word_1_50' title='bbox 556 683 686 735; x_wconf 79' lang='grc' dir='ltr'>ἀλλὰ</span> <span class='ocrx_word' id='word_1_51' title='bbox 711 684 796 748; x_wconf 88' lang='grc' dir='ltr'>τὴν</span> <span class='ocrx_word' id='word_1_52' title='bbox 821 685 1097 746; x_wconf 78' lang='grc' dir='ltr'>μέλλουσαν</span> <span class='ocrx_word' id='word_1_53' title='bbox 1123 682 1463 749; x_wconf 75' lang='grc' dir='ltr'>ἐπιζητοῦμεν.”</span> <span class='ocrx_word' id='word_1_54' title='bbox 1524 684 1708 752; x_wconf 80' lang='grc' dir='ltr'>ψάλλει</span> <span class='ocrx_word' id='word_1_55' title='bbox 1734 685 1788 736; x_wconf 83' lang='grc' dir='ltr'>δέ</span> <span class='ocrx_word' id='word_1_56' title='bbox 1806 707 1899 736; x_wconf 87' lang='grc' dir='ltr'>που</span> 
     </span>
     <span class='ocr_line' id='line_1_8' title="bbox 101 765 1897 845; baseline 0.001 -29"><span class='ocrx_word' id='word_1_57' title='bbox 101 772 226 845; x_wconf 42' lang='lat' dir='ltr'>{Emi}</span> <span class='ocrx_word' id='word_1_58' title='bbox 323 767 398 817; x_wconf 73' lang='grc' dir='ltr'>καὶ</span> <span class='ocrx_word' id='word_1_59' title='bbox 440 767 464 816; x_wconf 86' lang='grc' dir='ltr'>ὁ</span> <span class='ocrx_word' id='word_1_60' title='bbox 510 769 684 818; x_wconf 78' lang='grc' dir='ltr'>Δαυεὶδ</span> <span class='ocrx_word' id='word_1_61' title='bbox 725 765 842 833; x_wconf 83' lang='grc' dir='ltr'>πρὸς</span> <span class='ocrx_word' id='word_1_62' title='bbox 885 767 968 818; x_wconf 87' lang='grc' dir='ltr'>τὸν</span> <span class='ocrx_word' id='word_1_63' title='bbox 1011 771 1104 818; x_wconf 81' lang='grc' dir='ltr'>τῶν</span> <span class='ocrx_word' id='word_1_64' title='bbox 1148 766 1274 818; x_wconf 81' lang='grc' dir='ltr'>ὅλων</span> <span class='ocrx_word' id='word_1_65' title='bbox 1313 766 1437 818; x_wconf 78' lang='grc' dir='ltr'>Θεόν</span> <span class='ocrx_word' id='word_1_66' title='bbox 1482 765 1661 822; x_wconf 82' lang='grc' dir='ltr'>“”Ανες</span> <span class='ocrx_word' id='word_1_67' title='bbox 1698 791 1789 831; x_wconf 80' lang='grc' dir='ltr'>μοι,</span> <span class='ocrx_word' id='word_1_68' title='bbox 1829 766 1897 818; x_wconf 80' lang='grc' dir='ltr'>ὅτι</span> 
     </span>
     <span class='ocr_line' id='line_1_9' title="bbox 105 849 1899 917; baseline 0.002 -19"><span class='ocrx_word' id='word_1_69' title='bbox 105 868 152 898; x_wconf 71' lang='lat'>14»</span> <span class='ocrx_word' id='word_1_70' title='bbox 169 867 215 898; x_wconf 80' lang='lat'>¹3·</span> <span class='ocrx_word' id='word_1_71' title='bbox 325 856 351 877; x_wconf 73' lang='lat'>‘⁶</span> <span class='ocrx_word' id='word_1_72' title='bbox 373 850 594 916; x_wconf 85' lang='grc' dir='ltr'>ποίροικος</span> <span class='ocrx_word' id='word_1_73' title='bbox 621 850 712 914; x_wconf 83' lang='grc' dir='ltr'>ἐγώ</span> <span class='ocrx_word' id='word_1_74' title='bbox 739 852 829 911; x_wconf 79' lang='grc' dir='ltr'>εἰμι</span> <span class='ocrx_word' id='word_1_75' title='bbox 855 851 902 900; x_wconf 87' lang='grc' dir='ltr'>ἐν</span> <span class='ocrx_word' id='word_1_76' title='bbox 926 853 984 916; x_wconf 83' lang='grc' dir='ltr'>τῇ</span> <span class='ocrx_word' id='word_1_77' title='bbox 1011 853 1073 917; x_wconf 82' lang='grc' dir='ltr'>γῇ</span> <span class='ocrx_word' id='word_1_78' title='bbox 1100 851 1174 900; x_wconf 75' lang='grc' dir='ltr'>καὶ</span> <span class='ocrx_word' id='word_1_79' title='bbox 1200 851 1533 915; x_wconf 86' lang='grc' dir='ltr'>παρεπίδημος,</span> <span class='ocrx_word' id='word_1_80' title='bbox 1553 849 1705 903; x_wconf 84' lang='grc' dir='ltr'>καθὼς</span> <span class='ocrx_word' id='word_1_81' title='bbox 1729 849 1899 902; x_wconf 72' lang='grc' dir='ltr'>πάντες</span> 
     </span>
    </p>
   </div>
   <div class='ocr_carea' id='block_1_4' title="bbox 101 930 1899 1498">
    <p class='ocr_par' dir='ltr' id='par_1_5' title="bbox 101 930 1899 1498">
     <span class='ocr_line' id='line_1_10' title="bbox 323 930 1898 1000; baseline -0.001 -18"><span class='ocrx_word' id='word_1_82' title='bbox 323 938 349 960; x_wconf 85' lang='grc'>“</span> <span class='ocrx_word' id='word_1_83' title='bbox 375 935 418 982; x_wconf 79' lang='grc' dir='ltr'>οὶ</span> <span class='ocrx_word' id='word_1_84' title='bbox 460 933 653 998; x_wconf 78' lang='grc' dir='ltr'>πατέρες</span> <span class='ocrx_word' id='word_1_85' title='bbox 702 932 834 995; x_wconf 87' lang='grc' dir='ltr'>μου.”</span> <span class='ocrx_word' id='word_1_86' title='bbox 900 930 1191 1000; x_wconf 77' lang='grc' dir='ltr'>ἀξιάγαστος</span> <span class='ocrx_word' id='word_1_87' title='bbox 1239 937 1487 998; x_wconf 83' lang='grc' dir='ltr'>τοιγαροῦν</span> <span class='ocrx_word' id='word_1_88' title='bbox 1535 936 1628 983; x_wconf 84' lang='grc' dir='ltr'>τῶν</span> <span class='ocrx_word' id='word_1_89' title='bbox 1679 931 1824 998; x_wconf 81' lang='grc' dir='ltr'>ἁγίων</span> <span class='ocrx_word' id='word_1_90' title='bbox 1873 932 1898 981; x_wconf 86' lang='grc' dir='ltr'>ὁ</span> 
     </span>
     <span class='ocr_line' id='line_1_11' title="bbox 101 1012 1898 1083; baseline -0.001 -19"><span class='ocrx_word' id='word_1_91' title='bbox 101 1023 184 1058; x_wconf 89' lang='grc'>575</span> <span class='ocrx_word' id='word_1_92' title='bbox 199 1022 249 1056; x_wconf 87' lang='lat' dir='ltr'>A·</span> <span class='ocrx_word' id='word_1_93' title='bbox 282 1013 516 1076; x_wconf 61' lang='grc' dir='ltr'>ἔλσκοπὸς,</span> <span class='ocrx_word' id='word_1_94' title='bbox 557 1016 654 1065; x_wconf 80' lang='grc' dir='ltr'>οὐδ’</span> <span class='ocrx_word' id='word_1_95' title='bbox 697 1014 814 1066; x_wconf 80' lang='grc' dir='ltr'>ὅσον</span> <span class='ocrx_word' id='word_1_96' title='bbox 858 1017 999 1065; x_wconf 79' lang='grc' dir='ltr'>εἰπεῖν</span> <span class='ocrx_word' id='word_1_97' title='bbox 1039 1013 1330 1081; x_wconf 79' lang='grc' dir='ltr'>ἀνεχομένων</span> <span class='ocrx_word' id='word_1_98' title='bbox 1373 1016 1483 1065; x_wconf 79' lang='grc' dir='ltr'>ἰδεῖν</span> <span class='ocrx_word' id='word_1_99' title='bbox 1522 1014 1581 1065; x_wconf 80' lang='grc' dir='ltr'>τὰ</span> <span class='ocrx_word' id='word_1_100' title='bbox 1624 1015 1695 1083; x_wconf 76' lang='grc' dir='ltr'>ἐφ’</span> <span class='ocrx_word' id='word_1_101' title='bbox 1737 1013 1803 1068; x_wconf 74' lang='grc' dir='ltr'>οἷς</span> <span class='ocrx_word' id='word_1_102' title='bbox 1842 1012 1898 1064; x_wconf 79' lang='grc' dir='ltr'>ἂν</span> 
     </span>
     <span class='ocr_line' id='line_1_12' title="bbox 321 1094 1899 1166; baseline -0.001 -18"><span class='ocrx_word' id='word_1_103' title='bbox 321 1099 563 1166; x_wconf 78' lang='grc' dir='ltr'>συμβαίνῃ</span> <span class='ocrx_word' id='word_1_104' title='bbox 592 1097 968 1164; x_wconf 83' lang='grc' dir='ltr'>παροτρύνεσθαι</span> <span class='ocrx_word' id='word_1_105' title='bbox 993 1096 1130 1148; x_wconf 79' lang='grc' dir='ltr'>Θεόν·</span> <span class='ocrx_word' id='word_1_106' title='bbox 1173 1097 1332 1160; x_wconf 81' lang='grc' dir='ltr'>ἡδίονα</span> <span class='ocrx_word' id='word_1_107' title='bbox 1358 1095 1406 1147; x_wconf 79' lang='grc' dir='ltr'>δὲ</span> <span class='ocrx_word' id='word_1_108' title='bbox 1440 1098 1514 1147; x_wconf 76' lang='grc' dir='ltr'>καὶ</span> <span class='ocrx_word' id='word_1_109' title='bbox 1541 1097 1682 1148; x_wconf 79' lang='grc' dir='ltr'>αὑτοῦ</span> <span class='ocrx_word' id='word_1_110' title='bbox 1704 1102 1786 1148; x_wconf 90' lang='grc' dir='ltr'>τοῦ</span> <span class='ocrx_word' id='word_1_111' title='bbox 1813 1094 1899 1162; x_wconf 75' lang='grc' dir='ltr'>ζῆν</span> 
     </span>
     <span class='ocr_line' id='line_1_13' title="bbox 321 1177 1899 1244; baseline -0.001 -13"><span class='ocrx_word' id='word_1_112' title='bbox 321 1185 557 1232; x_wconf 84' lang='grc' dir='ltr'>ποιεῖσθαι</span> <span class='ocrx_word' id='word_1_113' title='bbox 590 1179 968 1244; x_wconf 87' lang='grc' dir='ltr'>μεμελετηκότων</span> <span class='ocrx_word' id='word_1_114' title='bbox 1000 1178 1084 1244; x_wconf 86' lang='grc' dir='ltr'>τὴν</span> <span class='ocrx_word' id='word_1_115' title='bbox 1115 1178 1209 1230; x_wconf 84' lang='grc' dir='ltr'>ἀπὸ</span> <span class='ocrx_word' id='word_1_116' title='bbox 1241 1185 1324 1230; x_wconf 91' lang='grc' dir='ltr'>τοῦ</span> <span class='ocrx_word' id='word_1_117' title='bbox 1356 1178 1536 1243; x_wconf 88' lang='grc' dir='ltr'>κόσμου</span> <span class='ocrx_word' id='word_1_118' title='bbox 1567 1179 1731 1231; x_wconf 82' lang='grc' dir='ltr'>τούτου</span> <span class='ocrx_word' id='word_1_119' title='bbox 1759 1177 1899 1242; x_wconf 80' lang='grc' dir='ltr'>μετά-</span> 
     </span>
     <span class='ocr_line' id='line_1_14' title="bbox 323 1261 1899 1331; baseline -0.001 -17"><span class='ocrx_word' id='word_1_120' title='bbox 323 1286 519 1326; x_wconf 88' lang='grc' dir='ltr'>στασιν,</span> <span class='ocrx_word' id='word_1_121' title='bbox 547 1266 583 1314; x_wconf 83' lang='grc' dir='ltr'>εἱ</span> <span class='ocrx_word' id='word_1_122' title='bbox 617 1262 682 1327; x_wconf 83' lang='grc' dir='ltr'>μὴ</span> <span class='ocrx_word' id='word_1_123' title='bbox 716 1263 915 1330; x_wconf 76' lang='grc' dir='ltr'>σώζοιτο</span> <span class='ocrx_word' id='word_1_124' title='bbox 947 1261 1064 1328; x_wconf 85' lang='grc' dir='ltr'>πρὸς</span> <span class='ocrx_word' id='word_1_125' title='bbox 1100 1262 1231 1325; x_wconf 81' lang='grc' dir='ltr'>ἡμῶν</span> <span class='ocrx_word' id='word_1_126' title='bbox 1261 1261 1320 1312; x_wconf 78' lang='grc' dir='ltr'>τὰ</span> <span class='ocrx_word' id='word_1_127' title='bbox 1359 1265 1420 1316; x_wconf 79' lang='grc' dir='ltr'>εἰς</span> <span class='ocrx_word' id='word_1_128' title='bbox 1446 1262 1591 1331; x_wconf 81' lang='grc' dir='ltr'>δόξαν</span> <span class='ocrx_word' id='word_1_129' title='bbox 1618 1266 1756 1313; x_wconf 78' lang='grc' dir='ltr'>Θεοῦ.</span> <span class='ocrx_word' id='word_1_130' title='bbox 1824 1263 1899 1313; x_wconf 84' lang='grc' dir='ltr'>καὶ</span> 
     </span>
     <span class='ocr_line' id='line_1_15' title="bbox 102 1343 1897 1429; baseline -0.002 -32"><span class='ocrx_word' id='word_1_131' title='bbox 102 1356 187 1429; x_wconf 56' lang='lat' dir='ltr'>{hil-</span> <span class='ocrx_word' id='word_1_132' title='bbox 207 1355 227 1386; x_wconf 86' lang='lat' dir='ltr'>i.</span> <span class='ocrx_word' id='word_1_133' title='bbox 324 1352 437 1412; x_wconf 87' lang='grc' dir='ltr'>γοῦν</span> <span class='ocrx_word' id='word_1_134' title='bbox 472 1348 497 1397; x_wconf 84' lang='grc' dir='ltr'>ὁ</span> <span class='ocrx_word' id='word_1_135' title='bbox 529 1346 780 1399; x_wconf 77' lang='grc' dir='ltr'>θεσπέσιος</span> <span class='ocrx_word' id='word_1_136' title='bbox 821 1344 910 1414; x_wconf 73' lang='grc' dir='ltr'>ἔφη</span> <span class='ocrx_word' id='word_1_137' title='bbox 947 1348 1161 1406; x_wconf 81' lang='grc' dir='ltr'>Παῦλος,</span> <span class='ocrx_word' id='word_1_138' title='bbox 1204 1344 1273 1395; x_wconf 80' lang='grc' dir='ltr'>ὅτι</span> <span class='ocrx_word' id='word_1_139' title='bbox 1311 1343 1365 1395; x_wconf 81' lang='grc' dir='ltr'>τὸ</span> <span class='ocrx_word' id='word_1_140' title='bbox 1406 1346 1641 1396; x_wconf 83' lang='grc' dir='ltr'>ἀναλῦσαι</span> <span class='ocrx_word' id='word_1_141' title='bbox 1679 1348 1897 1410; x_wconf 81' lang='grc' dir='ltr'>κρεῖττον,</span> 
     </span>
     <span class='ocr_line' id='line_1_16' title="bbox 126 1409 1896 1498; baseline 0.001 -19"><span class='ocrx_word' id='word_1_142' title='bbox 126 1409 153 1439; x_wconf 39' lang='grc'>3·</span> <span class='ocrx_word' id='word_1_143' title='bbox 323 1431 398 1479; x_wconf 80' lang='grc' dir='ltr'>καὶ</span> <span class='ocrx_word' id='word_1_144' title='bbox 422 1429 546 1498; x_wconf 74' lang='grc' dir='ltr'>αὐτῷ</span> <span class='ocrx_word' id='word_1_145' title='bbox 571 1433 775 1479; x_wconf 83' lang='grc' dir='ltr'>συνεῖναι</span> <span class='ocrx_word' id='word_1_146' title='bbox 801 1430 999 1496; x_wconf 73' lang='grc' dir='ltr'>Χριστῷ</span> <span class='ocrx_word' id='word_1_147' title='bbox 1027 1432 1121 1480; x_wconf 83' lang='grc' dir='ltr'>τοῖς</span> <span class='ocrx_word' id='word_1_148' title='bbox 1155 1430 1217 1481; x_wconf 77' lang='grc' dir='ltr'>εἷς</span> <span class='ocrx_word' id='word_1_149' title='bbox 1247 1432 1384 1477; x_wconf 89' lang='grc' dir='ltr'>τοῦτο</span> <span class='ocrx_word' id='word_1_150' title='bbox 1416 1427 1581 1491; x_wconf 81' lang='grc' dir='ltr'>ἥκουσι</span> <span class='ocrx_word' id='word_1_151' title='bbox 1607 1427 1809 1493; x_wconf 80' lang='grc' dir='ltr'>γνώμης,</span> <span class='ocrx_word' id='word_1_152' title='bbox 1836 1429 1896 1481; x_wconf 84' lang='grc' dir='ltr'>ὡς</span> 
     </span>
    </p>
   </div>
   <div class='ocr_carea' id='block_1_5' title="bbox 324 1508 1355 1579">
    <p class='ocr_par' dir='ltr' id='par_1_6' title="bbox 324 1508 1355 1579">
     <span class='ocr_line' id='line_1_17' title="bbox 324 1508 1355 1579; baseline -0.002 -18"><span class='ocrx_word' id='word_1_153' title='bbox 324 1511 541 1576; x_wconf 79' lang='grc' dir='ltr'>ἡγεῖσθαι</span> <span class='ocrx_word' id='word_1_154' title='bbox 566 1514 801 1579; x_wconf 71' lang='grc' dir='ltr'>παροικίαν</span> <span class='ocrx_word' id='word_1_155' title='bbox 827 1509 912 1574; x_wconf 89' lang='grc' dir='ltr'>τὴν</span> <span class='ocrx_word' id='word_1_156' title='bbox 937 1511 985 1560; x_wconf 83' lang='grc' dir='ltr'>ἐν</span> <span class='ocrx_word' id='word_1_157' title='bbox 1011 1509 1196 1572; x_wconf 83' lang='grc' dir='ltr'>σώματι</span> <span class='ocrx_word' id='word_1_158' title='bbox 1223 1508 1355 1575; x_wconf 75' lang='grc' dir='ltr'>ζωήν.</span> 
     </span>
    </p>
   </div>
   <div class='ocr_carea' id='block_1_6' title="bbox 259 1727 1898 1955">
    <p class='ocr_par' dir='ltr' id='par_1_7' title="bbox 259 1727 1898 1955">
     <span class='ocr_line' id='line_1_18' title="bbox 259 1727 1897 1787; baseline -0.001 -16"><span class='ocrx_word' id='word_1_159' title='bbox 259 1734 303 1771; x_wconf 84' lang='lat'>17</span> <span class='ocrx_word' id='word_1_160' title='bbox 323 1731 441 1773; x_wconf 85' lang='grc' dir='ltr'>Διότι</span> <span class='ocrx_word' id='word_1_161' title='bbox 484 1737 586 1771; x_wconf 65' lang='grc' dir='ltr'>συκῆ</span> <span class='ocrx_word' id='word_1_162' title='bbox 625 1733 672 1772; x_wconf 85' lang='grc' dir='ltr'>ού</span> <span class='ocrx_word' id='word_1_163' title='bbox 719 1733 1055 1787; x_wconf 70' lang='grc' dir='ltr'>καρποφοριισει,</span> <span class='ocrx_word' id='word_1_164' title='bbox 1096 1731 1162 1771; x_wconf 80' lang='grc' dir='ltr'>καὶ</span> <span class='ocrx_word' id='word_1_165' title='bbox 1206 1731 1280 1771; x_wconf 80' lang='grc' dir='ltr'>οὐκ</span> <span class='ocrx_word' id='word_1_166' title='bbox 1319 1731 1436 1772; x_wconf 77' lang='grc' dir='ltr'>ἔσται</span> <span class='ocrx_word' id='word_1_167' title='bbox 1476 1732 1688 1779; x_wconf 66' lang='grc' dir='ltr'>Γενήματα</span> <span class='ocrx_word' id='word_1_168' title='bbox 1724 1731 1768 1772; x_wconf 80' lang='grc' dir='ltr'>ἐν</span> <span class='ocrx_word' id='word_1_169' title='bbox 1806 1727 1897 1771; x_wconf 82' lang='grc' dir='ltr'>ταῖς</span> 
     </span>
     <span class='ocr_line' id='line_1_19' title="bbox 279 1804 1897 1871; baseline 0 -16"><span class='ocrx_word' id='word_1_170' title='bbox 279 1804 304 1844; x_wconf 72' lang='lat' dir='ltr'>b</span> <span class='ocrx_word' id='word_1_171' title='bbox 390 1815 609 1863; x_wconf 77' lang='grc' dir='ltr'>ἀμπέλοις·</span> <span class='ocrx_word' id='word_1_172' title='bbox 648 1816 852 1865; x_wconf 76' lang='grc' dir='ltr'>ψεύσεται</span> <span class='ocrx_word' id='word_1_173' title='bbox 894 1816 1018 1871; x_wconf 58' lang='lat' dir='ltr'>{psov</span> <span class='ocrx_word' id='word_1_174' title='bbox 1058 1814 1219 1865; x_wconf 75' lang='grc' dir='ltr'>ἐλαίας,</span> <span class='ocrx_word' id='word_1_175' title='bbox 1260 1815 1328 1856; x_wconf 80' lang='grc' dir='ltr'>καὶ</span> <span class='ocrx_word' id='word_1_176' title='bbox 1368 1815 1417 1856; x_wconf 79' lang='grc' dir='ltr'>τα</span> <span class='ocrx_word' id='word_1_177' title='bbox 1461 1814 1584 1856; x_wconf 74' lang='grc' dir='ltr'>πεδία</span> <span class='ocrx_word' id='word_1_178' title='bbox 1634 1814 1680 1855; x_wconf 86' lang='grc' dir='ltr'>οὐ</span> <span class='ocrx_word' id='word_1_179' title='bbox 1729 1814 1897 1855; x_wconf 68' lang='grc' dir='ltr'>ποιήσει</span> 
     </span>
     <span class='ocr_line' id='line_1_20' title="bbox 391 1898 1898 1955; baseline 0.001 -17"><span class='ocrx_word' id='word_1_180' title='bbox 391 1899 557 1954; x_wconf 78' lang='grc' dir='ltr'>βρῶσιν·</span> <span class='ocrx_word' id='word_1_181' title='bbox 596 1899 793 1941; x_wconf 72' lang='grc' dir='ltr'>ἐξέλιπον</span> <span class='ocrx_word' id='word_1_182' title='bbox 835 1898 919 1941; x_wconf 81' lang='grc' dir='ltr'>ἀπὸ</span> <span class='ocrx_word' id='word_1_183' title='bbox 964 1898 1165 1954; x_wconf 77' lang='grc' dir='ltr'>βρώσεως</span> <span class='ocrx_word' id='word_1_184' title='bbox 1204 1899 1409 1955; x_wconf 80' lang='grc' dir='ltr'>πρόβατα,</span> <span class='ocrx_word' id='word_1_185' title='bbox 1451 1898 1517 1939; x_wconf 85' lang='grc' dir='ltr'>καί</span> <span class='ocrx_word' id='word_1_186' title='bbox 1555 1898 1628 1954; x_wconf 84' lang='grc' dir='ltr'>οὐχ</span> <span class='ocrx_word' id='word_1_187' title='bbox 1666 1899 1898 1955; x_wconf 70' lang='grc' dir='ltr'>ὑπάρξουσι</span> 
     </span>
    </p>
   </div>
   <div class='ocr_carea' id='block_1_7' title="bbox 390 1980 1278 2038">
    <p class='ocr_par' dir='ltr' id='par_1_8' title="bbox 390 1980 1278 2038">
     <span class='ocr_line' id='line_1_21' title="bbox 390 1980 1278 2038; baseline -0.001 -14"><span class='ocrx_word' id='word_1_188' title='bbox 390 1983 485 2032; x_wconf 78' lang='grc' dir='ltr'>βόες</span> <span class='ocrx_word' id='word_1_189' title='bbox 523 1982 591 2024; x_wconf 74' lang='grc' dir='ltr'>ἐπὶ</span> <span class='ocrx_word' id='word_1_190' title='bbox 630 1983 811 2038; x_wconf 78' lang='grc' dir='ltr'>φάτναις</span> <span class='ocrx_word' id='word_1_191' title='bbox 847 1982 892 2025; x_wconf 71' lang='grc' dir='ltr'>ἐξ</span> <span class='ocrx_word' id='word_1_192' title='bbox 932 1980 1085 2023; x_wconf 79' lang='grc' dir='ltr'>ἰάσεως</span> <span class='ocrx_word' id='word_1_193' title='bbox 1124 1982 1278 2023; x_wconf 76' lang='grc' dir='ltr'>αὐτῶν.</span> 
     </span>
    </p>
   </div>
   <div class='ocr_carea' id='block_1_8' title="bbox 323 2099 1898 2333">
    <p class='ocr_par' dir='ltr' id='par_1_9' title="bbox 323 2099 1898 2333">
     <span class='ocr_line' id='line_1_22' title="bbox 388 2099 1896 2167; baseline -0.001 -15"><span class='ocrx_word' id='word_1_194' title='bbox 388 2099 582 2167; x_wconf 35' lang='grc' dir='ltr'>(Ὠσπερ</span> <span class='ocrx_word' id='word_1_195' title='bbox 615 2101 738 2154; x_wconf 83' lang='grc' dir='ltr'>τινὸς</span> <span class='ocrx_word' id='word_1_196' title='bbox 776 2100 991 2167; x_wconf 70' lang='grc' dir='ltr'>ἐρομένου</span> <span class='ocrx_word' id='word_1_197' title='bbox 1030 2102 1104 2151; x_wconf 79' lang='grc' dir='ltr'>καὶ</span> <span class='ocrx_word' id='word_1_198' title='bbox 1142 2099 1479 2164; x_wconf 82' lang='grc' dir='ltr'>ἀναμανθάνειν</span> <span class='ocrx_word' id='word_1_199' title='bbox 1510 2101 1763 2162; x_wconf 79' lang='grc' dir='ltr'>ἐθέλοντος,</span> <span class='ocrx_word' id='word_1_200' title='bbox 1790 2099 1896 2151; x_wconf 88' lang='grc' dir='ltr'>ἀνθ’</span> 
     </span>
     <span class='ocr_line' id='line_1_23' title="bbox 324 2182 1898 2249; baseline -0.001 -15"><span class='ocrx_word' id='word_1_201' title='bbox 324 2183 432 2234; x_wconf 81' lang='grc' dir='ltr'>ὅτου</span> <span class='ocrx_word' id='word_1_202' title='bbox 479 2188 658 2234; x_wconf 83' lang='grc' dir='ltr'>ποιοῖτο</span> <span class='ocrx_word' id='word_1_203' title='bbox 707 2185 810 2249; x_wconf 82' lang='grc' dir='ltr'>περὶ</span> <span class='ocrx_word' id='word_1_204' title='bbox 859 2187 1048 2234; x_wconf 89' lang='grc' dir='ltr'>πολλοῦ</span> <span class='ocrx_word' id='word_1_205' title='bbox 1088 2182 1142 2233; x_wconf 80' lang='grc' dir='ltr'>τὸ</span> <span class='ocrx_word' id='word_1_206' title='bbox 1186 2185 1460 2246; x_wconf 77' lang='grc' dir='ltr'>ἀποβιῶναι,</span> <span class='ocrx_word' id='word_1_207' title='bbox 1505 2187 1694 2246; x_wconf 82' lang='grc' dir='ltr'>μᾶλλον</span> <span class='ocrx_word' id='word_1_208' title='bbox 1745 2183 1791 2233; x_wconf 74' lang='grc' dir='ltr'>δὲ</span> <span class='ocrx_word' id='word_1_209' title='bbox 1835 2186 1898 2237; x_wconf 84' lang='grc' dir='ltr'>εἷς</span> 
     </span>
     <span class='ocr_line' id='line_1_24' title="bbox 323 2264 1898 2333; baseline -0.001 -16"><span class='ocrx_word' id='word_1_210' title='bbox 323 2266 443 2317; x_wconf 82' lang='grc' dir='ltr'>λαὸν</span> <span class='ocrx_word' id='word_1_211' title='bbox 482 2269 710 2330; x_wconf 79' lang='grc' dir='ltr'>ἀναβῆναι</span> <span class='ocrx_word' id='word_1_212' title='bbox 753 2265 994 2332; x_wconf 80' lang='grc' dir='ltr'>παροικίας</span> <span class='ocrx_word' id='word_1_213' title='bbox 1027 2267 1184 2327; x_wconf 81' lang='grc' dir='ltr'>αὐτοῦ,</span> <span class='ocrx_word' id='word_1_214' title='bbox 1230 2265 1524 2332; x_wconf 79' lang='grc' dir='ltr'>κατασκιάζει</span> <span class='ocrx_word' id='word_1_215' title='bbox 1564 2264 1649 2329; x_wconf 77' lang='grc' dir='ltr'>μὲν</span> <span class='ocrx_word' id='word_1_216' title='bbox 1690 2266 1898 2333; x_wconf 77' lang='grc' dir='ltr'>ἀσαφείᾳ</span> 
     </span>
    </p>
   </div>
   <div class='ocr_carea' id='block_1_9' title="bbox 323 2346 1898 2416">
    <p class='ocr_par' dir='ltr' id='par_1_10' title="bbox 323 2346 1898 2416">
     <span class='ocr_line' id='line_1_25' title="bbox 323 2346 1898 2416; baseline -0.002 -15"><span class='ocrx_word' id='word_1_217' title='bbox 323 2353 486 2416; x_wconf 83' lang='grc' dir='ltr'>πολλῇ</span> <span class='ocrx_word' id='word_1_218' title='bbox 505 2352 586 2412; x_wconf 81' lang='grc' dir='ltr'>τῆς</span> <span class='ocrx_word' id='word_1_219' title='bbox 606 2349 950 2399; x_wconf 83' lang='grc' dir='ltr'>τῶνἸουδαίων</span> <span class='ocrx_word' id='word_1_220' title='bbox 977 2351 1263 2414; x_wconf 81' lang='grc' dir='ltr'>Συναγωγῆς</span> <span class='ocrx_word' id='word_1_221' title='bbox 1293 2346 1378 2411; x_wconf 85' lang='grc' dir='ltr'>τὴν</span> <span class='ocrx_word' id='word_1_222' title='bbox 1402 2346 1706 2414; x_wconf 79' lang='grc' dir='ltr'>κατάργησιν,</span> <span class='ocrx_word' id='word_1_223' title='bbox 1732 2370 1898 2411; x_wconf 85' lang='grc' dir='ltr'>μονον-</span> 
     </span>
    </p>
   </div>
   <div class='ocr_carea' id='block_1_10' title="bbox 372 2533 1897 2605">
    <p class='ocr_par' dir='ltr' id='par_1_11' title="bbox 372 2533 1897 2605">
     <span class='ocr_line' id='line_1_26' title="bbox 372 2533 1897 2605; baseline -0.003 -34"><span class='ocrx_word' id='word_1_224' title='bbox 372 2548 402 2571; x_wconf 83' lang='lat'>2.</span> <span class='ocrx_word' id='word_1_225' title='bbox 428 2536 662 2582; x_wconf 76' lang='grc' dir='ltr'>ἀναχθήσομαι</span> <span class='ocrx_word' id='word_1_226' title='bbox 679 2548 710 2570; x_wconf 85' lang='lat' dir='ltr'>a.</span> <span class='ocrx_word' id='word_1_227' title='bbox 758 2536 866 2570; x_wconf 74' lang='grc' dir='ltr'>ἄλλον</span> <span class='ocrx_word' id='word_1_228' title='bbox 882 2547 945 2581; x_wconf 88' lang='lat' dir='ltr'>pro</span> <span class='ocrx_word' id='word_1_229' title='bbox 962 2536 1046 2570; x_wconf 85' lang='grc' dir='ltr'>λαὸν</span> <span class='ocrx_word' id='word_1_230' title='bbox 1064 2535 1156 2570; x_wconf 92' lang='lat' dir='ltr'><strong>Edd.</strong></span> <span class='ocrx_word' id='word_1_231' title='bbox 1175 2533 1450 2581; x_wconf 85' lang='lat' dir='ltr'>repugnantibus</span> <span class='ocrx_word' id='word_1_232' title='bbox 1469 2533 1633 2568; x_wconf 82' lang='lat' dir='ltr'><strong>B.D.a.b.</strong></span> <span class='ocrx_word' id='word_1_233' title='bbox 1718 2544 1762 2605; x_wconf 50' lang='grc' dir='ltr'>ἐ.</span> <span class='ocrx_word' id='word_1_234' title='bbox 1780 2533 1897 2577; x_wconf 82' lang='grc' dir='ltr'>ἀμέλει</span> 
     </span>
    </p>
   </div>
   <div class='ocr_carea' id='block_1_11' title="bbox 322 2613 1896 3036">
    <p class='ocr_par' dir='ltr' id='par_1_12' title="bbox 322 2613 1896 3036">
     <span class='ocr_line' id='line_1_27' title="bbox 323 2613 1896 2662; baseline -0.002 -11"><span class='ocrx_word' id='word_1_235' title='bbox 323 2624 543 2662; x_wconf 78' lang='lat' dir='ltr'><strong>assumptum</strong></span> <span class='ocrx_word' id='word_1_236' title='bbox 561 2629 602 2650; x_wconf 85' lang='lat' dir='ltr'>ex</span> <span class='ocrx_word' id='word_1_237' title='bbox 621 2617 737 2650; x_wconf 85' lang='lat' dir='ltr'><strong>D.a.b.</strong></span> <span class='ocrx_word' id='word_1_238' title='bbox 927 2627 958 2659; x_wconf 86' lang='lat'>5.</span> <span class='ocrx_word' id='word_1_239' title='bbox 984 2617 1094 2661; x_wconf 75' lang='grc' dir='ltr'>φησὶν</span> <span class='ocrx_word' id='word_1_240' title='bbox 1112 2616 1157 2650; x_wconf 89' lang='lat' dir='ltr'>D.</span> <span class='ocrx_word' id='word_1_241' title='bbox 1333 2613 1365 2648; x_wconf 89' lang='lat'>6.</span> <span class='ocrx_word' id='word_1_242' title='bbox 1389 2613 1586 2657; x_wconf 81' lang='grc' dir='ltr'>μέλλουσαν</span> <span class='ocrx_word' id='word_1_243' title='bbox 1604 2613 1649 2647; x_wconf 92' lang='lat' dir='ltr'>D.</span> <span class='ocrx_word' id='word_1_244' title='bbox 1666 2613 1835 2657; x_wconf 76' lang='grc' dir='ltr'>μένουσαν</span> <span class='ocrx_word' id='word_1_245' title='bbox 1852 2614 1896 2649; x_wconf 90' lang='grc' dir='ltr'>Β.</span> 
     </span>
     <span class='ocr_line' id='line_1_28' title="bbox 322 2661 1895 2709; baseline -0.001 -12"><span class='ocrx_word' id='word_1_246' title='bbox 322 2664 491 2708; x_wconf 84' lang='grc' dir='ltr'>μένουσαν</span> <span class='ocrx_word' id='word_1_247' title='bbox 510 2663 601 2698; x_wconf 82' lang='lat' dir='ltr'><strong>Edd.</strong></span> <span class='ocrx_word' id='word_1_248' title='bbox 650 2665 859 2709; x_wconf 75' lang='grc' dir='ltr'>ψάλλει-οἶ</span> <span class='ocrx_word' id='word_1_249' title='bbox 877 2664 1017 2708; x_wconf 81' lang='grc' dir='ltr'>πατέρες</span> <span class='ocrx_word' id='word_1_250' title='bbox 1032 2678 1097 2707; x_wconf 88' lang='grc' dir='ltr'>μου</span> <span class='ocrx_word' id='word_1_251' title='bbox 1114 2675 1182 2697; x_wconf 80' lang='lat' dir='ltr'>om.</span> <span class='ocrx_word' id='word_1_252' title='bbox 1205 2662 1245 2696; x_wconf 86' lang='lat' dir='ltr'>B.</span> <span class='ocrx_word' id='word_1_253' title='bbox 1421 2671 1452 2704; x_wconf 90' lang='lat'>7.</span> <span class='ocrx_word' id='word_1_254' title='bbox 1478 2662 1536 2694; x_wconf 88' lang='grc' dir='ltr'>τὸν</span> <span class='ocrx_word' id='word_1_255' title='bbox 1553 2666 1772 2704; x_wconf 81' lang='lat' dir='ltr'>assumptum</span> <span class='ocrx_word' id='word_1_256' title='bbox 1788 2673 1828 2694; x_wconf 83' lang='lat' dir='ltr'>ex</span> <span class='ocrx_word' id='word_1_257' title='bbox 1848 2661 1895 2696; x_wconf 90' lang='lat' dir='ltr'>D.</span> 
     </span>
     <span class='ocr_line' id='line_1_29' title="bbox 327 2705 1895 2757; baseline -0.002 -12"><span class='ocrx_word' id='word_1_258' title='bbox 327 2722 380 2746; x_wconf 91' lang='lat'>11.</span> <span class='ocrx_word' id='word_1_259' title='bbox 407 2712 575 2755; x_wconf 71' lang='grc' dir='ltr'>συμβαίνῃ</span> <span class='ocrx_word' id='word_1_260' title='bbox 605 2711 646 2745; x_wconf 82' lang='grc' dir='ltr'>Β.</span> <span class='ocrx_word' id='word_1_261' title='bbox 673 2711 823 2754; x_wconf 78' lang='grc' dir='ltr'>συμβαίη</span> <span class='ocrx_word' id='word_1_262' title='bbox 851 2711 897 2745; x_wconf 92' lang='lat' dir='ltr'>D.</span> <span class='ocrx_word' id='word_1_263' title='bbox 924 2712 1098 2757; x_wconf 83' lang='grc' dir='ltr'>συμφαίνῃ</span> <span class='ocrx_word' id='word_1_264' title='bbox 1124 2709 1212 2754; x_wconf 79' lang='lat' dir='ltr'>(Sic)</span> <span class='ocrx_word' id='word_1_265' title='bbox 1238 2707 1330 2742; x_wconf 81' lang='lat' dir='ltr'><strong>Edd.</strong></span> <span class='ocrx_word' id='word_1_266' title='bbox 1355 2713 1434 2741; x_wconf 85' lang='lat' dir='ltr'><strong>ante</strong></span> <span class='ocrx_word' id='word_1_267' title='bbox 1459 2707 1593 2752; x_wconf 55' lang='lat' dir='ltr'><strong>Bligne.</strong></span> <span class='ocrx_word' id='word_1_268' title='bbox 1656 2705 1726 2752; x_wconf 81' lang='grc' dir='ltr'>καὶ]</span> <span class='ocrx_word' id='word_1_269' title='bbox 1753 2706 1811 2741; x_wconf 73' lang='grc' dir='ltr'>οὖν</span> <span class='ocrx_word' id='word_1_270' title='bbox 1835 2707 1895 2742; x_wconf 79' lang='lat' dir='ltr'><strong>iid.</strong></span> 
     </span>
     <span class='ocr_line' id='line_1_30' title="bbox 325 2754 1893 2803; baseline -0.001 -12"><span class='ocrx_word' id='word_1_271' title='bbox 325 2759 560 2799; x_wconf 80' lang='grc' dir='ltr'>ζωοποιεῖσθαι</span> <span class='ocrx_word' id='word_1_272' title='bbox 578 2770 640 2803; x_wconf 86' lang='lat' dir='ltr'>pro</span> <span class='ocrx_word' id='word_1_273' title='bbox 659 2759 715 2801; x_wconf 74' lang='grc' dir='ltr'>ζῆν</span> <span class='ocrx_word' id='word_1_274' title='bbox 731 2772 767 2791; x_wconf 90' lang='grc' dir='ltr'>π.</span> <span class='ocrx_word' id='word_1_275' title='bbox 788 2757 834 2791; x_wconf 92' lang='lat' dir='ltr'>D.</span> <span class='ocrx_word' id='word_1_276' title='bbox 1090 2767 1141 2791; x_wconf 85' lang='lat'>12.</span> <span class='ocrx_word' id='word_1_277' title='bbox 1168 2755 1287 2790; x_wconf 75' lang='grc' dir='ltr'>τούτου</span> <span class='ocrx_word' id='word_1_278' title='bbox 1304 2766 1373 2789; x_wconf 87' lang='lat' dir='ltr'>om.</span> <span class='ocrx_word' id='word_1_279' title='bbox 1398 2754 1440 2788; x_wconf 89' lang='lat' dir='ltr'>D.</span> <span class='ocrx_word' id='word_1_280' title='bbox 1702 2765 1754 2798; x_wconf 81' lang='lat'>13.</span> <span class='ocrx_word' id='word_1_281' title='bbox 1782 2754 1828 2790; x_wconf 80' lang='grc' dir='ltr'>εἷς</span> <span class='ocrx_word' id='word_1_282' title='bbox 1846 2754 1893 2789; x_wconf 91' lang='lat' dir='ltr'>D.</span> 
     </span>
     <span class='ocr_line' id='line_1_31' title="bbox 323 2800 1894 2850; baseline -0.001 -13"><span class='ocrx_word' id='word_1_283' title='bbox 323 2805 408 2847; x_wconf 86' lang='grc' dir='ltr'>πρὸς</span> <span class='ocrx_word' id='word_1_284' title='bbox 426 2805 518 2839; x_wconf 83' lang='lat' dir='ltr'><strong>Edd.</strong></span> <span class='ocrx_word' id='word_1_285' title='bbox 687 2804 809 2849; x_wconf 82' lang='lat'><strong>13-16.</strong></span> <span class='ocrx_word' id='word_1_286' title='bbox 837 2805 889 2838; x_wconf 85' lang='grc' dir='ltr'>καὶ</span> <span class='ocrx_word' id='word_1_287' title='bbox 905 2806 1166 2850; x_wconf 81' lang='grc' dir='ltr'>γοῦν-σώματι</span> <span class='ocrx_word' id='word_1_288' title='bbox 1184 2801 1268 2846; x_wconf 82' lang='grc' dir='ltr'>ζωήν</span> <span class='ocrx_word' id='word_1_289' title='bbox 1284 2813 1353 2835; x_wconf 87' lang='lat' dir='ltr'>om.</span> <span class='ocrx_word' id='word_1_290' title='bbox 1373 2800 1414 2834; x_wconf 87' lang='lat' dir='ltr'>B.</span> <span class='ocrx_word' id='word_1_291' title='bbox 1583 2811 1635 2843; x_wconf 90' lang='lat'>14.</span> <span class='ocrx_word' id='word_1_292' title='bbox 1661 2802 1744 2845; x_wconf 86' lang='grc' dir='ltr'>γοῦν</span> <span class='ocrx_word' id='word_1_293' title='bbox 1761 2812 1831 2835; x_wconf 90' lang='lat' dir='ltr'>om.</span> <span class='ocrx_word' id='word_1_294' title='bbox 1846 2801 1894 2836; x_wconf 92' lang='lat' dir='ltr'>D.</span> 
     </span>
     <span class='ocr_line' id='line_1_32' title="bbox 329 2846 1893 2897; baseline 0.001 -14"><span class='ocrx_word' id='word_1_295' title='bbox 329 2850 381 2883; x_wconf 82' lang='lat'>16.</span> <span class='ocrx_word' id='word_1_296' title='bbox 407 2850 458 2896; x_wconf 81' lang='grc' dir='ltr'>ἐν]</span> <span class='ocrx_word' id='word_1_297' title='bbox 482 2856 517 2891; x_wconf 56' lang='grc' dir='ltr'>-ἱ-</span> <span class='ocrx_word' id='word_1_298' title='bbox 538 2853 584 2897; x_wconf 84' lang='grc' dir='ltr'>τῷ</span> <span class='ocrx_word' id='word_1_299' title='bbox 605 2851 695 2886; x_wconf 88' lang='lat' dir='ltr'><strong>Edd.</strong></span> <span class='ocrx_word' id='word_1_300' title='bbox 710 2851 818 2885; x_wconf 81' lang='lat' dir='ltr'>invito</span> <span class='ocrx_word' id='word_1_301' title='bbox 834 2852 879 2885; x_wconf 92' lang='lat' dir='ltr'>D.</span> <span class='ocrx_word' id='word_1_302' title='bbox 991 2862 1041 2896; x_wconf 92' lang='lat'>17.</span> <span class='ocrx_word' id='word_1_303' title='bbox 1067 2849 1235 2896; x_wconf 74' lang='grc' dir='ltr'>γενήματα</span> <span class='ocrx_word' id='word_1_304' title='bbox 1254 2848 1387 2882; x_wconf 83' lang='lat' dir='ltr'><strong>B.D.F.</strong></span> <span class='ocrx_word' id='word_1_305' title='bbox 1406 2847 1525 2892; x_wconf 80' lang='lat' dir='ltr'><strong>(Alex.</strong></span> <span class='ocrx_word' id='word_1_306' title='bbox 1540 2846 1579 2891; x_wconf 72' lang='grc' dir='ltr'>Ν)</span> <span class='ocrx_word' id='word_1_307' title='bbox 1596 2847 1783 2892; x_wconf 74' lang='grc' dir='ltr'>γεννήματα</span> <span class='ocrx_word' id='word_1_308' title='bbox 1801 2847 1893 2884; x_wconf 84' lang='lat' dir='ltr'><strong>Edd.</strong></span> 
     </span>
     <span class='ocr_line' id='line_1_33' title="bbox 325 2894 1894 2941; baseline -0.001 -11"><span class='ocrx_word' id='word_1_309' title='bbox 325 2897 436 2939; x_wconf 82' lang='lat' dir='ltr'><strong>(Vat.)</strong></span> <span class='ocrx_word' id='word_1_310' title='bbox 457 2900 524 2933; x_wconf 77' lang='grc' dir='ltr'>τοῖς</span> <span class='ocrx_word' id='word_1_311' title='bbox 545 2899 589 2931; x_wconf 90' lang='lat' dir='ltr'>D.</span> <span class='ocrx_word' id='word_1_312' title='bbox 610 2899 660 2941; x_wconf 62' lang='lat' dir='ltr'>(N)</span> <span class='ocrx_word' id='word_1_313' title='bbox 818 2909 872 2931; x_wconf 87' lang='lat'>20.</span> <span class='ocrx_word' id='word_1_314' title='bbox 899 2898 953 2932; x_wconf 82' lang='grc' dir='ltr'>ἐπὶ</span> <span class='ocrx_word' id='word_1_315' title='bbox 972 2899 1082 2941; x_wconf 84' lang='grc' dir='ltr'>φάτνῃ</span> <span class='ocrx_word' id='word_1_316' title='bbox 1099 2899 1179 2938; x_wconf 76' lang='grc' dir='ltr'>βόες</span> <span class='ocrx_word' id='word_1_317' title='bbox 1197 2896 1240 2929; x_wconf 87' lang='grc' dir='ltr'>Β.</span> <span class='ocrx_word' id='word_1_318' title='bbox 1258 2895 1301 2929; x_wconf 90' lang='lat' dir='ltr'>cf.</span> <span class='ocrx_word' id='word_1_319' title='bbox 1318 2894 1418 2928; x_wconf 84' lang='lat' dir='ltr'><strong>infra.</strong></span> <span class='ocrx_word' id='word_1_320' title='bbox 1560 2904 1615 2927; x_wconf 82' lang='lat'>22.</span> <span class='ocrx_word' id='word_1_321' title='bbox 1641 2895 1694 2927; x_wconf 75' lang='grc' dir='ltr'>καὶ</span> <span class='ocrx_word' id='word_1_322' title='bbox 1713 2906 1775 2939; x_wconf 83' lang='lat' dir='ltr'>pro</span> <span class='ocrx_word' id='word_1_323' title='bbox 1792 2895 1828 2928; x_wconf 83' lang='grc' dir='ltr'>δέ</span> <span class='ocrx_word' id='word_1_324' title='bbox 1848 2895 1894 2929; x_wconf 91' lang='lat' dir='ltr'>D.</span> 
     </span>
     <span class='ocr_line' id='line_1_34' title="bbox 325 2941 1894 2989; baseline 0 -14"><span class='ocrx_word' id='word_1_325' title='bbox 325 2953 380 2986; x_wconf 82' lang='lat'>23.</span> <span class='ocrx_word' id='word_1_326' title='bbox 405 2943 555 2988; x_wconf 84' lang='grc' dir='ltr'>ἀσαφείᾳ</span> <span class='ocrx_word' id='word_1_327' title='bbox 575 2945 701 2979; x_wconf 83' lang='lat' dir='ltr'><strong>B.D.a.</strong></span> <span class='ocrx_word' id='word_1_328' title='bbox 719 2944 894 2989; x_wconf 82' lang='grc' dir='ltr'>ἀσφαλείᾳ</span> <span class='ocrx_word' id='word_1_329' title='bbox 913 2944 1004 2978; x_wconf 85' lang='lat' dir='ltr'><strong>Edd.</strong></span> <span class='ocrx_word' id='word_1_330' title='bbox 1174 2954 1228 2985; x_wconf 79' lang='lat'>24.</span> <span class='ocrx_word' id='word_1_331' title='bbox 1253 2945 1319 2976; x_wconf 87' lang='grc' dir='ltr'>τῶν</span> <span class='ocrx_word' id='word_1_332' title='bbox 1335 2947 1555 2986; x_wconf 82' lang='lat' dir='ltr'>assumptum</span> <span class='ocrx_word' id='word_1_333' title='bbox 1572 2952 1613 2975; x_wconf 86' lang='lat' dir='ltr'>ex</span> <span class='ocrx_word' id='word_1_334' title='bbox 1633 2941 1679 2975; x_wconf 89' lang='lat' dir='ltr'>D.</span> <span class='ocrx_word' id='word_1_335' title='bbox 1699 2941 1794 2976; x_wconf 84' lang='lat' dir='ltr'><strong>deest</strong></span> <span class='ocrx_word' id='word_1_336' title='bbox 1811 2942 1845 2976; x_wconf 86' lang='lat' dir='ltr'>in</span> <span class='ocrx_word' id='word_1_337' title='bbox 1863 2953 1894 2976; x_wconf 81' lang='lat' dir='ltr'>a.</span> 
     </span>
     <span class='ocr_line' id='line_1_35' title="bbox 323 2990 974 3036; baseline 0.005 -14"><span class='ocrx_word' id='word_1_338' title='bbox 323 2990 529 3034; x_wconf 80' lang='grc' dir='ltr'>κατάργησιν</span> <span class='ocrx_word' id='word_1_339' title='bbox 546 3003 575 3024; x_wconf 82' lang='lat' dir='ltr'>a.</span> <span class='ocrx_word' id='word_1_340' title='bbox 595 2990 799 3036; x_wconf 76' lang='grc' dir='ltr'>κατιὶῤῥησιν</span> <span class='ocrx_word' id='word_1_341' title='bbox 819 2992 863 3025; x_wconf 90' lang='lat' dir='ltr'>D.</span> <span class='ocrx_word' id='word_1_342' title='bbox 884 2991 974 3025; x_wconf 84' lang='lat' dir='ltr'><strong>Edd.</strong></span> 
     </span>
    </p>
   </div>
   <div class='ocr_carea' id='block_1_12' title="bbox 104 600 1940 670">
    <p class='ocr_par' dir='ltr' id='par_1_13' title="bbox 104 600 1940 670">
     <span class='ocr_line' id='line_1_36' title="bbox 104 600 1940 670; baseline 0.001 -18"><span class='ocrx_word' id='word_1_343' title='bbox 104 608 266 640; x_wconf 74' lang='lat' dir='ltr'><strong>Heb.xiii.</strong></span> <span class='ocrx_word' id='word_1_344' title='bbox 321 600 404 652; x_wconf 84' lang='grc' dir='ltr'>τὸν</span> <span class='ocrx_word' id='word_1_345' title='bbox 438 601 635 664; x_wconf 85' lang='grc' dir='ltr'>κόσμον.</span> <span class='ocrx_word' id='word_1_346' title='bbox 701 600 937 668; x_wconf 76' lang='grc' dir='ltr'>τοιγάρτοι</span> <span class='ocrx_word' id='word_1_347' title='bbox 969 603 1120 670; x_wconf 88' lang='grc' dir='ltr'>φασίν</span> <span class='ocrx_word' id='word_1_348' title='bbox 1158 609 1184 631; x_wconf 84' lang='lat'>“</span> <span class='ocrx_word' id='word_1_349' title='bbox 1200 602 1305 652; x_wconf 81' lang='grc' dir='ltr'>Οὐκ</span> <span class='ocrx_word' id='word_1_350' title='bbox 1342 603 1506 669; x_wconf 74' lang='grc' dir='ltr'>ε”χομεν</span> <span class='ocrx_word' id='word_1_351' title='bbox 1539 601 1626 654; x_wconf 74' lang='grc' dir='ltr'>ὧδε</span> <span class='ocrx_word' id='word_1_352' title='bbox 1663 603 1898 666; x_wconf 77' lang='grc' dir='ltr'>με’νουσαν</span> <span class='ocrx_word' id='word_1_353' title='bbox 1918 617 1940 654; x_wconf 89' lang='grc'><strong>5</strong></span> 
     </span>
    </p>
   </div>
   <div class='ocr_carea' id='block_1_13' title="bbox 1922 1031 1968 1056">
    <p class='ocr_par' dir='ltr' id='par_1_14' title="bbox 1922 1031 1968 1056">
     <span class='ocr_line' id='line_1_37' title="bbox 1922 1031 1968 1056; baseline 0.022 -1"><span class='ocrx_word' id='word_1_354' title='bbox 1922 1031 1968 1056; x_wconf 92' lang='lat'>10</span> 
     </span>
    </p>
   </div>
   <div class='ocr_carea' id='block_1_14' title="bbox 1919 1987 1967 2011">
    <p class='ocr_par' dir='ltr' id='par_1_15' title="bbox 1919 1987 1967 2011">
     <span class='ocr_line' id='line_1_38' title="bbox 1919 1987 1967 2011; baseline 0 0"><span class='ocrx_word' id='word_1_355' title='bbox 1919 1987 1967 2011; x_wconf 91' lang='lat'>20</span> 
     </span>
    </p>
   </div>
  </div>
 </body>
</html>
