1997 3361
86 141 111 181 i.
134 155 175 196 5,
198 146 236 181 ὁ.
640 147 710 186 ΙΝ
759 149 887 187 Am}
902 150 939 188 Α
954 150 983 188 1ss
1003 150 1108 190 [JM.
1578 151 1660 187 τωο

81 260 412 323 πλεονασμοῦς
450 261 635 332 ἑκάστῳ
672 269 765 314 τῶν
805 266 1143 332 ἠγορασμένων
1173 269 1544 334 ἐπιῤῥιπτοῦντες
1578 269 1658 328 ἀεὶ,

83 342 157 390 καὶ
207 346 307 394 ταῖς
354 347 448 393 τῶν
496 345 767 409 τιμημάτων
818 347 1110 413 προσθήκαις
1155 349 1274 414 ἁδρὰ
1313 355 1551 402 ποιοῦντες
1599 349 1657 399 τὰ

79 422 332 482 βαλάντια.
400 425 510 476 ἀλλ’
538 425 595 490 ἧν
631 427 733 478 οὐδὲ
772 429 949 483 τούτοις
983 430 1036 480 τὸ
1072 431 1353 492 ἀπόνασθαι,
1379 434 1544 499 φησὶν,
1575 435 1656 495 τῆς

80 506 415 571 φιλοκερδείας.
469 508 646 575 ζημίαις
673 510 764 576 γὰρ
791 513 912 579 τάχα
938 536 1028 563 που
1055 515 1129 563 καὶ
1157 514 1390 578 ναυαγίοις
1416 513 1656 577 ἀδοκήτοις

38 597 60 636 5
79 587 451 652 περιπίπτοντες,
481 591 614 642 οὐδὲν
638 594 872 662 διαφέρειν
899 594 1086 645 ἐδόκουν
1119 600 1212 645 τῶν
1243 596 1464 662 ἀργύριον
1496 598 1654 647 ἱέντων

81 673 139 722 εἷς
191 666 348 737 δὶα-μὶν
396 674 708 742 τετρυπημεὶιον.
777 676 963 739 ἄμεινον
1013 677 1093 727 οῦν
1139 677 1229 743 ἄρα
1273 681 1346 728 καί
1397 678 1555 746 σοφὸν
1598 678 1699 729 τὸᾶ

79 750 375 817 εὐλογεῖσθαι
421 755 568 821 ζητεῖν
612 757 700 808 ὑπὸ
744 763 827 809 τοῦ
876 758 1030 809 πάντα
1074 760 1181 823 ἡμῖν
1222 760 1465 827 ὀρέγοντος
1508 765 1650 812 Θεοῦ.

78 833 389 899 προσγένοιτο
421 836 465 886 δ’
493 836 551 888 ἂν
587 842 661 890 καὶ
693 846 830 891 τοῦτο
861 842 1030 909 ῥαδίως
1062 846 1158 895 τοῖς
1191 842 1249 892 τὰ
1286 843 1426 893 αὐτοῦ
1466 848 1655 911 φρονεῖν

78 914 334 981 ᾑρημένοις,
362 921 437 970 καὶ
463 919 522 970 τὰ
549 925 611 974 εἰς
638 922 781 991 δόξαν
807 924 947 973 αὐτοῦ
978 927 1070 974 τῶν
1098 925 1223 974 ἰδίων
1249 924 1651 990 προτετιμηκόσιν.

9 1004 59 1042 Ἰο
78 996 198 1047 οὕτω
235 1022 327 1050 που
361 1003 434 1052 καί
471 1003 607 1057 αὐτὸς
645 1005 755 1068 ἡμῖν
792 1004 967 1070 ε’ίρηκεν
994 1007 1017 1055 ὁ
1046 1005 1211 1072 Σωτήρ
1237 1013 1263 1035 “
1287 1006 1372 1070 Μὴ
1405 1012 1652 1072 μεριμνᾶτε

79 1084 106 1107 “
131 1083 189 1147 τῇ
226 1083 362 1150 ψυχῇ
401 1085 529 1148 ὑμῶν
565 1086 614 1136 τί
644 1086 840 1154 φάγητε,
867 1089 942 1137 καὶ
977 1091 1042 1156 τῷ
1077 1088 1264 1151 σώματι
1304 1091 1431 1151 ὑμῶν
1456 1091 1505 1139 τί
1525 1091 1653 1141 ἐνδύ-

79 1166 106 1190 “
131 1166 297 1214 σεσθε.
356 1165 527 1232 ζητεῖτε
566 1167 613 1219 δὲ
652 1173 843 1233 μᾶλλον
881 1168 965 1233 τὴν
1009 1172 1260 1231 βασιλείαν
1298 1176 1380 1221 τοῦ
1419 1175 1542 1222 Θεοῦ
1578 1176 1653 1223 καὶ

78 1250 105 1272 “
130 1242 215 1308 τὴν
257 1248 554 1314 δικαιοσύνην
591 1251 745 1314 αὑτοῦ,
783 1253 858 1302 καί
901 1257 1048 1302 ταῦτα
1081 1252 1236 1303 πάντα
1277 1253 1653 1319 προστεθήσεται

78 1331 107 1354 “
133 1327 286 1389 ὑμῖν.”

314 1413 334 1423 Α
419 1411 431 1429 ἱ
507 1411 527 1420 '³
690 1418 710 1427 Λ
783 1418 793 1432 e
927 1415 938 1434 J
1042 1417 1052 1431 2
1128 1416 1138 1431 Ι
1284 1418 1293 1432 5
1333 1416 1344 1431 9
1399 1419 1409 1432 θ
1506 1421 1525 1429 Α
1605 1418 1616 1433 N

11 1422 57 1460 15
151 1413 334 1477 Διαρκη
383 1415 430 1463 δε
481 1418 606 1477 οἶμαι
654 1438 736 1479 της
781 1438 989 1482 ιστοριας
1031 1439 1231 1483 εχουσης
1272 1422 1331 1486 εφ
1388 1441 1526 1485 εαυτῃ
1567 1441 1652 1482 την

77 1489 335 1558 ἀφήγησιν,
370 1494 481 1563 φέρε
517 1501 612 1550 τοῖς
648 1503 970 1561 πνευματικοῖς
1009 1497 1306 1564 θεωρήμασιν
1344 1499 1532 1554 ἐνιέντες
1569 1500 1651 1551 τὸν
1670 1523 1690 1549 e

76 1578 197 1637 νοῦν,
224 1576 364 1627 ἐκεῖνο
388 1578 773 1645 καταθρήσωμεν,
800 1580 871 1631 ὅτι
896 1583 978 1644 τῆς
1008 1579 1216 1631 καθόλου
1243 1585 1317 1632 καὶ
1343 1581 1652 1647 γενικωτάτης

76 1657 334 1720 οἰκονομίας
371 1661 453 1723 τῆς
489 1659 564 1711 διὰ
594 1665 810 1728 Χριστοῦ
847 1663 1155 1729 γεγενημένης
1187 1662 1330 1718 τύπος
1362 1663 1419 1715 ἂν
1449 1663 1550 1729 εἶεν,
1578 1668 1653 1716 καὶ

75 1735 207 1799 μάλα
235 1739 417 1808 σαφὴς,
447 1741 507 1793 τὰ
547 1748 641 1798 τοῖς
664 1745 902 1799 Ἰουδαίοις
940 1744 1293 1809 συμβεβηκότα.
1360 1750 1402 1797 οἰ
1440 1747 1523 1808 μὲν
1560 1747 1652 1814 γὰρ

9 1844 57 1870 20
75 1819 202 1886 ἦσαν
238 1826 285 1876 ἐν
326 1829 580 1887 Βαβυλῶνι
613 1833 680 1899 τῷ
714 1833 796 1894 τῆς
834 1830 1102 1895 ἀβουλήτου
1141 1833 1350 1886 δουλείας
1385 1837 1645 1900 κατηχθισ-

75 1904 201 1969 μένοι
226 1905 360 1977 ζυγῷ,
387 1911 462 1960 καὶ
497 1911 625 1965 δίκας
659 1913 912 1965 ἐκτίνοντες
949 1917 1044 1963 τῶν
1081 1918 1256 1982 σφισιν
1294 1914 1647 1980 ἡμαρτημένων·

75 1986 244 2053 ταύτης
269 2012 318 2039 τε
343 1990 490 2042 ἕνεκεν
515 1995 595 2057 τῆς
623 1994 769 2048 αἰτίας
794 1994 1037 2058 τεθειμένοι
1069 2018 1118 2046 τε
1154 1998 1229 2046 καὶ
1253 1996 1534 2062 πράττοντες
1560 1997 1650 2049 ὑπὸ

75 2073 231 2136 χεῖρας
260 2073 455 2139 ἐχθρῶν,
480 2075 798 2140 λελύτρωνται
824 2076 871 2127 δὲ
898 2075 1018 2127 κατὰ
1042 2077 1226 2143 καιροὺς
1252 2082 1377 2129 Θεοῦ
1403 2081 1650 2130 κατοικτεί-

1716 1015 1876 1064 S3RIatth.

1715 1070 1757 1089 vl.
1774 1069 1824 1099 25,

1714 1111 1765 1142 33-

75 2174 250 2217 ροντος,
277 2156 352 2204 καί
387 2155 537 2206 οἴκαδε
570 2156 717 2207 πάλιν
751 2157 1089 2224 ἀνεκομίζοντο,
1117 2162 1192 2210 καὶ
1218 2160 1302 2225 τὴν
1336 2162 1475 2225 ἁγίαν
1501 2184 1648 2231 κατῳ-
1668 2186 1690 2210 a
1718 2178 1800 2212 632
1817 2177 1869 2212 A.

11 2244 57 2283 25
77 2231 248 2298 κήκασι
281 2238 384 2301 γῆν,
410 2237 677 2302 ἡγουμένων
707 2262 756 2290 τε
791 2242 865 2291 καὶ
899 2241 1260 2306 προεστηκότων
1288 2243 1568 2308 Ζοροβάβελ
1599 2267 1649 2294 τε

76 2317 151 2366 καὶ
200 2317 375 2381 Ἰησοῦ.
438 2321 514 2370 καὶ
566 2326 762 2387 Δαρεῖος
812 2322 910 2385 μὲν,
963 2324 1110 2374 καίτοι
1160 2329 1260 2378 ταῖς
1304 2330 1398 2375 τῶν
1445 2325 1650 2376 εἰδώλων

76 2398 308 2464 λατρείαις
340 2399 405 2451 ἔτι
438 2403 788 2466 προσκείμενος,
817 2403 888 2454 ὅτι
925 2404 1015 2471 χρὴ
1053 2404 1136 2455 τὸν
1163 2409 1285 2456 θεῖον
1311 2407 1649 2471 ἀναδείμασθαι

124 2585 155 2608 2.
181 2578 357 2612 ποιοῦντας
371 2577 463 2613 Edd.
481 2584 561 2613 ante
579 2579 713 2624 Migne.
835 2592 869 2625 3.
895 2582 1003 2624 φησὶν
1020 2593 1089 2616 om.
1110 2582 1152 2617 B.
1170 2582 1300 2617 habent
1319 2584 1404 2618 D.b.
1524 2599 1557 2627 4.
1583 2587 1648 2629 γὰρ

77 2631 146 2655 om.
162 2621 208 2656 D.
304 2633 337 2668 5.
357 2623 470 2659 ἱέντων
486 2625 522 2660 b.
538 2626 670 2671 Migne.
690 2626 803 2661 ῖέντων
821 2627 867 2661 D.
883 2627 975 2662 Edd.
1071 2627 1104 2663 8.
1123 2630 1160 2663 δέ
1174 2642 1236 2674 pro
1251 2630 1278 2664 δ’
1293 2629 1333 2664 ἂν
1348 2631 1393 2665 D.
1493 2643 1544 2666 10.
1572 2632 1649 2675 ἡμῖν

77 2678 296 2713 assumptum
311 2682 352 2704 ex
368 2671 461 2705 B.D.
646 2684 660 2707 1
671 2684 699 2707 1.
718 2674 771 2708 καὶ
788 2676 833 2720 τῷ
846 2689 882 2708 σ.
897 2675 987 2717 ὑμῶν
1004 2675 1036 2709 τί
1054 2675 1239 2711 ἐνδύσεσθε
1256 2684 1475 2711 accesserunt
1492 2690 1533 2711 ex
1555 2678 1646 2713 BD.

80 2723 134 2747 12.
151 2715 184 2748 A
196 2716 254 2759 τὴν
267 2716 311 2750 ad
321 2717 380 2761 τὴν
395 2719 545 2753 transilit
563 2719 610 2754 D.
659 2722 718 2754 τοῦ
735 2728 955 2765 assumptum
973 2734 1013 2755 ex
1035 2722 1075 2756 Β.
1167 2734 1219 2767 13.
1238 2724 1338 2767 αὐτῆς
1355 2736 1416 2768 pro
1433 2725 1535 2758 αὐτοῦ
1554 2725 1645 2760 Edd.

81 2770 133 2802 15.
151 2763 282 2803 μᾶλλον
298 2775 360 2808 pro
377 2762 468 2808 οἶμαι
486 2766 532 2799 D.
632 2776 685 2812 17.
711 2767 963 2811 καταθρήσομεν
981 2768 1027 2802 D.
1077 2769 1254 2813 καθολικῆς
1272 2770 1318 2805 D.
1422 2771 1473 2804 18.
1493 2771 1564 2805 ἐστι
1584 2785 1646 2816 pro

76 2803 116 2839 ἂν
132 2805 196 2842 εἶεν
214 2809 261 2844 D.
394 2822 447 2857 19.
474 2814 623 2856 συμβεβ.
640 2815 709 2849 τοῖς
725 2813 824 2848 Ἰουδ.
842 2815 911 2848 inv.
929 2814 1004 2849 ord.
1023 2815 1070 2849 D.
1205 2828 1259 2851 20.
1278 2816 1469 2860 ἀβουλήτου
1489 2818 1534 2852 D.
1554 2818 1646 2852 Edd.

77 2852 250 2898 ἀφορήτου
268 2855 310 2890 Β.
361 2859 620 2904 κατηχθισμὲνοι
639 2859 680 2894 Β.
699 2862 937 2905 κατισχημένοι
956 2861 1002 2895 D.
1022 2862 1265 2906 κατηχθημένοι
1287 2863 1375 2897 Edd.
1512 2876 1566 2898 21.
1593 2866 1644 2898 ἐκ-

78 2899 237 2946 τίνυντες]
259 2902 316 2937 Sic
333 2906 464 2939 correxi
481 2918 522 2940 ex
541 2907 587 2940 D.
605 2907 664 2951 qui
682 2907 881 2943 ἐκτιννῦντες
899 2907 968 2941 dat.
987 2908 1168 2945 ἐκτίνοντες
1187 2910 1278 2944 Edd.
1415 2922 1432 2944 2
1437 2920 1467 2955 5.
1496 2926 1530 2945 τε
1549 2913 1644 2956 prius

78 2956 147 2980 om.
168 2947 210 2981 B.
226 2948 328 2983 habet
347 2950 393 2985 D.
583 2953 637 2987 26.
662 2957 727 2987 τῶν
744 2961 776 2987 et
793 2954 841 2988 ἔτι
858 2962 1036 2999 assumpta
1053 2967 1092 2989 ex
1114 2955 1159 2989 D.

137 3013 226 3042 VOL.
250 3015 297 3043 Π.
813 3021 839 3047 K
862 3009 887 3048 k
