2001 3361
257 206 332 241 722
548 226 552 230 -
784 199 996 236 INDEX
1056 199 1311 236 RERUM.

255 323 473 372 Oppressio,
498 333 702 370 pauperum
732 319 1017 368 reprehenditur

311 391 386 425 302
408 400 427 424 e
440 401 448 432 ;
481 389 556 423 303
577 399 610 422 a.

256 453 786 500 Oratio,justorum,quantum
797 450 919 486 valeat
928 448 1016 486 27d.

315 516 429 563 [Vide
452 515 709 562 Intercessi0.]

255 580 423 628 Organa,
445 593 466 616 a
491 580 595 628 Lege
624 579 746 616 Mosis
773 591 848 615 non
876 579 1018 614 sancita

308 648 384 683 307
407 658 440 682 e.

255 710 392 747 Oriens
432 710 574 746 Christi
612 709 758 750 titulus,
794 707 1017 744 Zorobabeli

309 775 506 811 ascribitur
530 776 606 811 677
628 787 669 819 e;
703 777 779 811 704
801 786 843 817 a;
877 775 952 809 705
974 784 1016 817 a;

309 842 386 877 706
414 852 453 885 e;
490 843 566 876 ’707
593 852 634 884 a;
679 851 763 874 cum
796 838 1016 878 Occidente,

308 918 376 952 pro
396 911 477 940 toto
500 904 640 939 mundo
661 903 822 940 sumitur
844 904 919 939 718
942 915 974 938 c.

254 969 423 1018 Originis
443 976 636 1017 peccatum
660 971 708 1005 35
730 981 776 1014 c3
808 969 857 1005 36
879 980 920 1013 a;
953 967 1016 1002 de-

308 1034 485 1082 scriptum
509 1037 558 1071 53
579 1046 620 1079 c;
655 1033 754 1081 [vide
775 1033 1004 1078 Peccatum]

253 1099 386 1140 Oseas,
411 1098 612 1147 Propheta,
641 1112 712 1146 quo
742 1105 912 1145 tempore
938 1097 1015 1132 vix-

307 1164 377 1200 erit
398 1166 420 1200 6
442 1164 487 1209 b;
519 1164 701 1212 quaedam
723 1176 744 1198 a
767 1162 928 1198 Domino
949 1161 1017 1197 sibi

308 1229 428 1264 solum
467 1229 630 1264 revelata
665 1228 807 1276 accepit
847 1230 893 1263 10
929 1227 951 1262 d
972 1239 1015 1271 e;

307 1306 380 1341 quo
411 1306 522 1329 sensu
550 1293 725 1329 fornicari
751 1293 880 1341 jussus
906 1294 948 1327 11
975 1304 1015 1335 a;

312 1361 356 1394 17
389 1371 431 1404 e;
475 1358 689 1406 interpretis
723 1357 916 1405 cujusdam
949 1369 1014 1392 ex-

308 1424 501 1459 cusatione
530 1436 606 1459 non
636 1430 721 1472 eget
754 1425 799 1458 12
821 1422 870 1467 b,
906 1428 1016 1470 typus

306 1488 376 1523 suit
427 1487 567 1523 Christi
619 1500 703 1523 cum
756 1486 1016 1534 peccatoribus

307 1553 538 1588 familiariter
560 1553 742 1588 versantis
768 1554 813 1587 15
828 1551 872 1596 d;
904 1563 1016 1598 quare

307 1618 423 1652 filium
455 1629 562 1653 suum
591 1624 612 1636 ‘¹
630 1617 805 1653 .le21·eel”
831 1615 1017 1664 appellare

303 1683 430 1730 jussus
459 1682 570 1718 fuerit
605 1684 651 1718 18
674 1694 715 1726 a;
755 1683 801 1718 19
824 1694 863 1726 c;
905 1692 1017 1728 quare

307 1744 1016 1794 puellam,“Absque-Misericordiam'’

310 1813 358 1848 23
390 1811 471 1855 ab;
517 1824 629 1859 quare
668 1812 832 1852 tertium,
869 1810 1017 1845 “Non-

308 1875 659 1924 populum-meum‘'
683 1877 732 1911 25
762 1876 806 1920 d;
847 1875 1017 1922 rejectio-

308 1954 393 1977 nem
407 1941 564 1977 carnalis
579 1940 726 1976 Israelis
740 1940 931 1988 praedicit,
946 1939 1018 1986 spi-

308 2006 451 2041 ritualis
474 2006 705 2042 vocationem
729 2007 778 2041 26
800 2005 844 2050 b;
875 2007 923 2041 27
942 2016 1016 2045 ae:

310 2073 359 2107 28
378 2071 401 2106 d
414 2083 449 2116 e;
471 2071 560 2107 item
576 2071 697 2106 Judae
713 2077 749 2106 et
764 2070 912 2106 Israelis
928 2082 1016 2105 con-

305 2136 554 2183 junctionem,
577 2135 654 2171 sive
681 2135 910 2175 historicam,
932 2140 1017 2182 post

310 2200 469 2236 reditum
493 2202 541 2237 29
559 2200 604 2245 b;
633 2200 709 2235 sive
730 2199 959 2247 spiritualem
980 2199 1017 2234 in

312 2265 464 2301 Christo
493 2267 542 2302 30
564 2278 605 2310 a;
637 2265 744 2300 Diem
765 2264 923 2306 Jezreel,
945 2263 966 2299 i.
984 2276 1016 2299 e.

309 2329 459 2371 Judicii,
483 2343 676 2377 magnum,
698 2329 878 2377 praedicit
907 2331 956 2365 30
975 2340 1016 2374 e;

310 2400 439 2430 mouet
494 2394 671 2442 populum
726 2400 765 2429 ut
817 2393 1017 2441 adoptione

309 2458 480 2500 fratrum,
515 2458 538 2493 i.
565 2471 596 2494 e.
638 2459 818 2494 Gentium
856 2458 1018 2505 gaudeat

313 2525 358 2559 31
383 2535 427 2568 a;
459 2536 542 2558 cum
567 2529 698 2565 matre,
720 2522 928 2572 Synagoga
948 2522 1017 2558 sci-

312 2588 410 2629 licet,
438 2588 586 2636 litigare
607 2588 728 2636 jubet,
757 2587 860 2635 quasi
887 2600 907 2622 a
937 2587 1018 2622 Deo

312 2652 541 2699 repudianda
572 2656 617 2689 31
643 2653 690 2698 d3
728 2653 883 2689 eandem
914 2652 1018 2687 adul-

313 2723 431 2752 teram
471 2717 690 2765 ejiciendam
730 2718 852 2758 docet,
884 2717 921 2752 iu
955 2717 1018 2752 de-

314 2789 454 2817 sertum
499 2794 632 2830 nempe
676 2783 877 2830 spiritualis
920 2783 1019 2819 exilii

316 2848 362 2881 32
385 2858 426 2890 e;
459 2849 507 2882 34
530 2847 574 2891 d;
614 2847 781 2895 ejusdem
803 2850 899 2884 inter
918 2861 1017 2883 ama-

313 2915 414 2945 tores
427 2923 514 2946 suos
529 2911 704 2947 describit
717 2912 906 2948 lasciviam
923 2915 972 2949 36
983 2925 1018 2958 a;

315 2975 469 3009 eandem
500 2975 544 3010 ab
575 2977 802 3012 amatoribus
836 2977 1020 3013 desertam

1620 213 1845 237 OPPRESSIO.

1143 322 1190 356 37
1209 332 1250 366 a;
1278 320 1398 356 redire
1419 321 1629 369 cupientem
1650 320 1697 357 ad
1712 321 1847 362 Deum,

1141 397 1306 421 amorem
1341 386 1422 434 ejus
1460 386 1622 434 priorem
1659 387 1706 422 38
1738 398 1769 426 a,
1811 391 1850 420 et

1141 449 1307 485 omnium
1327 450 1510 486 bonorum
1532 457 1723 487 auctorem
1739 452 1786 487 38
1802 450 1848 495 d;

1141 515 1296 550 eandem
1333 528 1353 550 a
1387 514 1472 551 Deo
1505 516 1683 563 rejectam
1715 522 1752 551 et
1782 527 1850 550 nu-

1141 579 1265 614 datam
1306 582 1355 616 39
1388 580 1432 625 d;
1481 581 1582 616 omni
1620 579 1773 621 laetitia,
1812 586 1850 615 et

1140 643 1245 680 festis
1276 645 1351 680 suis
1380 645 1562 692 privatam
1594 647 1640 680 41
1669 657 1710 688 a;
1750 644 1848 692 ejus-

1142 709 1224 745 dem
1253 710 1398 746 vineam
1425 710 1462 745 in
1489 709 1745 746 testimonium
1773 708 1848 744 dis-

1142 786 1287 821 persam
1316 777 1365 811 42
1389 788 1429 820 a,
1465 775 1554 811 item
1581 776 1702 810 Deum
1728 773 1845 809 idolo-

1140 839 1266 875 latrias
1287 840 1453 886 ejusdem
1475 840 1716 875 ulciscentem
1737 842 1786 874 44
1804 851 1846 884 a;

1140 911 1176 940 et
1208 905 1334 951 Ipsum
1364 917 1445 940 eam
1475 904 1636 940 vicissim
1667 904 1847 940 seducen-

1140 975 1215 1005 tem
1248 973 1297 1006 44
1320 970 1370 1015 d3
1402 970 1619 1017 loquentem
1645 975 1771 1005 tamen
1800 968 1847 1003 ad

1142 1047 1206 1070 cor
1232 1035 1311 1083 ejus
1333 1038 1382 1071 45
1405 1047 1445 1080 e;
1477 1041 1513 1070 et
1533 1034 1685 1070 dantem
1712 1033 1745 1069 ei
1772 1032 1845 1080 spi-

1140 1099 1294 1136 rituales
1332 1099 1367 1135 in
1401 1099 1553 1135 Christo
1592 1098 1847 1146 possessiones

1142 1167 1191 1201 46
1226 1165 1271 1207 d;
1317 1177 1382 1212 per
1412 1164 1518 1200 vallis
1549 1163 1673 1199 Achor
1707 1168 1845 1210 myste-

1140 1229 1246 1271 rium,
1272 1229 1400 1265 oculos
1429 1229 1508 1277 ejus
1538 1228 1764 1276 aperientem
1796 1229 1845 1263 47

1140 1308 1158 1330 c
1176 1294 1220 1339 d;
1253 1296 1301 1330 48
1324 1295 1410 1339 adj
1445 1300 1481 1330 et
1509 1294 1558 1329 ibi
1589 1306 1670 1329 eam
1700 1291 1848 1327 humili-

1140 1366 1278 1400 antem,
1293 1359 1386 1395 sicut
1403 1360 1438 1394 in
1458 1359 1606 1395 deserto
1625 1360 1673 1394 49
1687 1357 1726 1402 b;
1749 1357 1847 1404 ejus-

1140 1425 1223 1460 dem
1246 1424 1512 1472 poenitentiam
1533 1423 1712 1459 describit
1733 1424 1782 1458 49
1803 1433 1846 1467 c;

1139 1489 1295 1524 eandem
1317 1501 1383 1537 per
1402 1489 1540 1525 bestias
1560 1494 1691 1532 terrae,
1713 1493 1846 1536 gentes

1141 1553 1293 1593 vicinas,
1315 1554 1516 1589 exercitam
1546 1556 1595 1589 50
1617 1566 1658 1598 c;
1688 1552 1846 1589 eandem

1140 1618 1175 1653 in
1217 1631 1280 1665 spe
1319 1618 1550 1653 habitantem
1594 1629 1720 1653 coram
1762 1616 1846 1652 Deo

1143 1685 1188 1718 51
1214 1683 1258 1728 d3
1294 1688 1330 1718 et
1361 1683 1441 1718 Deo
1471 1682 1506 1717 in
1532 1681 1678 1730 justitia
1706 1687 1743 1717 et
1773 1681 1846 1717 fide

1141 1748 1406 1795 desponsatam
1429 1750 1477 1783 53
1502 1747 1544 1788 b;
1578 1747 1734 1782 Divinae
1751 1747 1846 1781 Gra-

1140 1813 1213 1848 tiae
1247 1811 1371 1859 pluvia
1404 1818 1440 1847 et
1469 1811 1658 1847 frumento
1691 1811 1846 1847 coelitus

1141 1877 1297 1912 ditatam
1329 1879 1378 1912 54
1410 1876 1453 1921 d;
1496 1882 1531 1912 et
1562 1876 1642 1911 Deo
1673 1875 1748 1923 Ipsi
1782 1887 1848 1923 per

1141 1948 1277 1977 terram
1309 1948 1484 1988 tanquam
1518 1940 1694 1988 populum
1726 1940 1847 1988 Ipsius

1141 2006 1361 2042 seminatam
1389 2007 1438 2042 56
1460 2005 1505 2047 d;
1537 2017 1602 2053 per
1629 2005 1847 2053 mysterium

1141 2071 1292 2107 alterius
1331 2083 1414 2106 cum
1458 2070 1626 2106 adultera
1667 2069 1846 2118 conjugii,

1141 2137 1274 2172 iterum
1296 2135 1445 2171 Israelis
1475 2135 1699 2183 apostasiam
1729 2135 1847 2170 insec-

1140 2207 1241 2236 tatur
1272 2203 1320 2237 57
1343 2200 1386 2245 d;
1417 2212 1483 2248 per
1504 2200 1662 2248 figuram
1685 2199 1848 2235 mulieris

1140 2265 1238 2313 apud
1258 2278 1297 2301 se
1318 2265 1473 2301 seorsim
1494 2265 1670 2305 sedentis,
1689 2263 1848 2309 Israelis,

1141 2330 1290 2365 alienati
1323 2343 1344 2365 a
1375 2330 1469 2370 Deo,
1500 2334 1639 2365 statum
1673 2328 1848 2364 describit

1143 2397 1191 2431 59
1224 2395 1268 2440 b;
1314 2394 1474 2430 eundem
1508 2394 1630 2442 gratia
1662 2393 1848 2441 paulisper

1140 2459 1339 2507 privatum,
1371 2459 1582 2494 novissimis
1613 2464 1736 2494 autem
1772 2457 1848 2493 die-

1141 2525 1210 2560 bus
1243 2524 1450 2560 rediturum
1484 2524 1531 2559 ad
1565 2523 1685 2559 Deum
1717 2525 1764 2559 61
1798 2522 1845 2567 d;

1141 2590 1261 2625 Deum
1294 2589 1436 2624 inducit
1463 2588 1717 2636 judicantem,
1762 2599 1846 2635 per-

1142 2654 1227 2689 iisse
1253 2654 1303 2689 ait
1324 2653 1369 2688 de
1389 2659 1489 2689 terra
1508 2653 1715 2693 veritatem,
1735 2651 1846 2687 mise-

1143 2718 1352 2760 ricordiam,
1373 2718 1550 2765 pietatem
1562 2730 1572 2762 ;
1598 2717 1723 2764 vigere
1743 2727 1849 2751 men-

1144 2783 1261 2824 dacia,
1299 2782 1494 2824 adulteria,
1533 2781 1665 2817 caedes
1710 2782 1758 2817 63
1799 2781 1847 2826 b;

1143 2847 1226 2883 ideo
1260 2847 1433 2883 fieturam
1465 2858 1546 2883 esse
1580 2851 1730 2886 terram,
1761 2857 1848 2880 cuni

1145 2912 1378 2952 animalibus,
1401 2911 1425 2946 i.
1443 2923 1472 2947 e.
1495 2921 1580 2946 cum
1607 2909 1737 2945 incolis
1765 2909 1847 2957 qui-

1145 2977 1366 3022 buscunque
1395 2975 1471 3010 suis
1500 2976 1550 3009 66
1571 2986 1611 3017 c;
1648 2980 1684 3010 et
1715 2974 1846 3010 Sacer-
