1997 3361
89 176 199 225 iii.4.
525 177 597 217 IN
640 177 917 217 ABACUC.
978 176 1116 215 TUM.
1153 175 1210 214 ΙΙ.
1575 174 1654 212 129

88 292 114 312 “
145 285 325 339 Πάντες
352 287 442 336 εἰσὶ
469 285 763 351 λειτουργικὰ
789 284 1045 348 πνεύματα,
1071 287 1132 336 εὶς
1160 283 1391 333 διακονίαν
1417 284 1654 332 ἀποστελ-

88 372 115 395 “
141 365 315 429 λόμενα
347 366 422 418 διὰ
456 367 562 421 τοῦς
595 368 860 430 μέλλοντας
895 370 1197 433 κληρονομεῖν
1231 364 1514 430 σωτηρίαν·”
1556 364 1580 413 ὁ
1607 363 1655 413 δὲ

86 453 182 501 τοῖς
215 451 297 512 τῆς
333 449 548 513 θεότητος
581 450 807 515 ἐνίδρυται
846 450 1023 502 θώκοις·
1074 450 1148 498 καὶ
1183 449 1329 498 οὐδενὶ
1357 446 1440 510 μὲν
1475 446 1655 496 ἐκείνων

87 529 258 594 εἴρηται
296 531 424 596 παρὰ
452 537 534 582 τοῦ
561 535 685 582 Θεοῦ
717 534 792 582 καὶ
819 531 1007 597 Πατρός
1045 539 1071 559 “
1092 530 1204 583 Υἱός
1229 552 1319 592 μου
1356 526 1397 579 εἶ
1432 526 1534 589 σῦ,”
1573 526 1656 577 τὸν

47 622 68 660 5
89 610 136 660 δὲ
169 614 243 662 καὶ
266 613 381 681 Υὶὸν
413 615 638 679 ὁμολογεῖ
672 616 747 664 καὶ
787 613 1030 679 ἀγαπητὸν
1062 611 1284 677 ὀνομάζει,
1317 612 1392 661 καὶ
1431 610 1656 675 σύνεδρον

88 692 180 759 ἔχει
219 696 596 759 συνυμνούμενόν
638 719 687 746 τε
730 699 804 746 καὶ
844 694 1366 760 συμπροσκυνούμενον.
1430 692 1520 759 ἔφη
1565 690 1657 756 γὰρ

86 774 233 826 πάλιν
274 778 299 826 ὁ
340 779 592 832 θεσπέσιος
631 782 824 832 Παῦλος
859 779 964 843 περὶ
1003 778 1143 827 αὐτοῦ
1186 774 1381 825 ““Ὀταν
1422 774 1469 824 δὲ
1512 773 1659 824 πάλιν

90 864 117 885 “
142 858 373 927 εἰσαγάγῃ
403 859 485 910 τὸν
513 859 811 927 πρωτότοκον
848 862 908 912 εἰς
948 858 1033 922 τὴν
1070 857 1350 921 οἰκουμένην,
1393 855 1521 920 λέγει
1565 857 1658 905 Καὶ

90 946 116 968 “
142 941 617 1006 προσκυνησάτωσαν
655 943 779 1011 αὐτῷ
819 940 988 995 πάντες
1027 940 1224 1005 ἄγγελοι
1259 939 1427 989 Θεοῦ.”
1494 938 1659 987 οὐκοῦν

23 1042 69 1066 10
90 1021 175 1072 κᾶν
204 1026 239 1072 εὶ
273 1022 461 1088 γέγονεν
499 1022 774 1088 ἱλαστήριον
809 1022 1094 1088 κατηγμένος
1133 1024 1195 1074 εἰς
1232 1018 1571 1085 ἀνθρωπότητα
1602 1017 1656 1068 δι’

88 1104 207 1166 ἡμᾶς
234 1106 309 1154 καὶ
336 1103 449 1170 ὑπὲρ
487 1106 632 1168 ἡμῶν,
659 1104 789 1156 οὐδὲν
826 1103 966 1169 ἧττόν
1004 1105 1105 1154 ἐστι
1131 1101 1268 1161 Θεὸς,
1297 1103 1371 1151 καὶ
1410 1100 1523 1165 ὑπὲρ
1561 1104 1655 1150 πᾶ-

88 1208 183 1236 σαν
222 1187 388 1250 κτίσιν,
429 1186 601 1252 ὁρατὴν
644 1187 700 1250 δὴ
743 1186 867 1252 λέγω
907 1189 982 1236 καὶ
1025 1186 1238 1251 ἀόρατον.
1300 1183 1527 1234 καλύπτει
1565 1181 1657 1247 γὰρ

90 1270 235 1322 οὕτως
266 1268 454 1336 οὐρανοῦς
486 1272 507 1330 ἡ
537 1268 661 1338 depe-ca}
695 1271 840 1320 αὐτοῦ·
880 1269 1013 1319 ἔσται
1040 1267 1087 1318 δὲ
1113 1269 1278 1336 πλήρης
1321 1273 1397 1317 καὶ
1438 1268 1459 1325 ἡ
1497 1264 1556 1330 *γῆ
1586 1264 1658 1323 τῆς

90 1350 284 1406 αἰνέσεως
328 1354 472 1402 αὐτοῦ.
539 1357 676 1402 τοῦτο
726 1354 800 1402 καὶ
852 1350 969 1401 αὐτὰ
1013 1349 1311 1414 διακέκραγεν
1355 1350 1560 1413 ἐναργῶς
1601 1345 1659 1395 τὰ

24 1449 69 1486 15
90 1429 201 1497 ἅγια
227 1436 455 1502 Σεραφὶμ,
481 1433 563 1484 τὸν
598 1438 721 1485 θεῖον
753 1434 893 1484 αὐτοῦ
923 1436 1215 1498 περιεστῶτα
1245 1428 1425 1496 θρόνον,
1453 1430 1527 1479 καὶ
1561 1432 1660 1481 ταῖς

89 1515 332 1583 εὐφημίαις
363 1518 424 1569 ὡς
454 1516 628 1582 Κύριον
655 1514 862 1576 Σαβαὼθ
889 1516 964 1566 καὶ
996 1519 1089 1565 τῶν
1128 1512 1253 1564 ὅλων
1279 1511 1402 1563 Θεὸν
1441 1512 1490 1561 εὖ
1527 1509 1659 1573 μάλα

91 1598 496 1664 καταγεραίροντα·
526 1597 687 1665 πλήρη
708 1598 800 1663 γὰρ
820 1597 1064 1665 φάσκουσι
1089 1596 1170 1646 τόν
1189 1617 1239 1645 τε
1265 1593 1461 1660 οὐρανὸν
1481 1596 1555 1644 καὶ
1574 1592 1659 1656 τὴν

90 1681 180 1744 γῆν
214 1683 296 1743 τῆς
330 1679 470 1748 δόξης
505 1681 658 1732 αὐτοῦ.
710 1685 747 1731 εὶ
781 1679 828 1730 δὲ
863 1679 917 1744 δὴ
952 1676 1175 1739 βούλοιτό
1211 1700 1280 1731 τις
1316 1678 1458 1726 ἐκεῖνο
1492 1676 1658 1740 λέγειν,

91 1761 162 1812 ὅτι
203 1761 387 1828 μεγάλη
438 1764 513 1813 καὶ
557 1760 812 1828 ὑπερτελὴς
850 1764 871 1823 ἡ
916 1760 1039 1831 ἀρετὴ
1079 1765 1161 1811 τοῦ
1205 1762 1436 1825 Χριστοῦ,
1481 1760 1542 1811 ὡς
1583 1758 1659 1807 καὶ

22 1865 70 1888 20
92 1843 255 1898 αὐτοὺς
308 1841 528 1911 καλύψαι
577 1843 682 1897 τοῦς
730 1842 933 1913 οὐρανοὺς,
979 1846 1016 1893 εὶ
1067 1844 1114 1893 ἐν
1161 1841 1342 1907 μεγέθει
1392 1843 1542 1890 νοοῖτο
1592 1842 1658 1906 τῴ

90 1929 316 1995 μετρητῷ,
337 1926 533 1977 πιθανὸν
559 1926 813 1994 εἶσδέξεται
840 1931 964 1976 νοῦν·
1008 1924 1098 1992 ἔφη
1123 1922 1216 1990 γάρ
1241 1946 1334 1974 που
1357 1925 1431 1973 καὶ
1459 1923 1483 1972 ὁ
1510 1920 1657 1983 μακά-

90 2031 187 2073 ριος
225 2008 396 2058 Δαυείδ
435 2015 462 2037 “
485 2008 647 2074 Κύριε,
690 2011 737 2058 ἐν
779 2012 845 2077 τῷ
885 2008 1065 2076 οὐρανῷ
1104 2005 1158 2057 τὸ
1196 2004 1326 2058 ’έλεός
1367 2028 1476 2065 σου,
1517 2006 1592 2054 καὶ
1629 2003 1657 2066 ἡ

91 2097 119 2119 “
144 2089 341 2155 ἀλήθειά
365 2112 455 2140 σου
482 2090 564 2143 ἕως
591 2094 683 2140 τῶν
710 2090 956 2158 νεφελῶν,”
986 2088 1039 2139 τὸ
1065 2091 1147 2152 τῆς
1174 2086 1493 2154 χρηστότητος
1520 2087 1658 2150 ἐπηρ-

91 2171 228 2231 μένον
260 2174 334 2222 καὶ
374 2174 453 2235 τῆς
493 2173 712 2234 ἀληθείας
752 2171 837 2230 τὴν
878 2170 1110 2237 ὑπεροχὴν
1148 2173 1209 2224 ὡς
1247 2171 1295 2220 ἑν
1330 2169 1561 2231 ποσότητι
1601 2170 1658 2234 τῇ

24 2269 71 2307 25
93 2253 209 2305 κατὰ
234 2259 375 2317 σῶμα
401 2256 475 2304 καὶ
502 2252 620 2304 κατὰ
645 2253 816 2307 τόπους
841 2254 1099 2317 σημαίνων.

491 2441 564 2481 Καὶ
591 2442 743 2495 φέΠ-οε
771 2439 899 2480 αὑτοῦ
926 2440 985 2479 <foc
1014 2439 1106 2493 φῶς
1132 2438 1262 2479 ἔσται.

142 2566 170 2588 1.
196 2557 364 2599 λειτουργ.
382 2554 550 2598 πνεύματα
566 2554 632 2588 hoc
650 2552 769 2587 ordine
788 2553 834 2586 D.
883 2552 1171 2594 ἀποστελλόμενοι
1189 2551 1230 2585 Β.
1466 2564 1498 2591 4.
1526 2552 1584 2583 τοῦ
1601 2562 1654 2584 as-

91 2608 271 2646 sumptum
289 2613 330 2635 ex
348 2601 441 2635 B.D.
706 2612 739 2645 5.
766 2601 944 2644 ὁμολογεῖν
961 2599 1041 2641 (Sic)
1059 2598 1152 2631 Aub.
1422 2605 1451 2640 7.
1477 2597 1579 2630 πάλιν
1595 2597 1654 2631 alt.

89 2653 311 2692 assumptum
329 2660 370 2682 ex
389 2648 435 2681 D.
726 2657 779 2681 12.
806 2647 865 2689 τὴν
881 2646 989 2679 κτίσιν
1006 2657 1036 2679 a.
1055 2644 1146 2678 Edd.
1196 2644 1236 2687 δὴ
1256 2643 1296 2677 Β.
1315 2643 1351 2676 δὲ
1370 2642 1459 2676 Edd.
1479 2642 1654 2677 Neutrum

89 2694 220 2728 habent
237 2695 283 2728 D.
296 2706 326 2729 a.
374 2693 521 2739 καλύψει
539 2694 585 2727 D.
599 2705 628 2727 a.
897 2703 949 2736 13.
976 2690 1079 2726 οὕτως
1096 2696 1315 2735 assumptum
1333 2701 1374 2723 ex
1392 2689 1438 2723 D.
1458 2688 1552 2723 deest
1568 2689 1604 2723 in
1621 2701 1653 2724 a.

89 2741 185 2775 ἔσται
203 2741 249 2775 D.
261 2753 291 2775 a.
307 2740 398 2775 Edd.
417 2742 491 2775 ἔστι
506 2741 547 2774 Β.
596 2740 649 2774 καὶ
667 2739 684 2783 ἡ
701 2741 743 2784 γῆ
760 2738 891 2783 πλήρης
907 2739 978 2772 inv.
996 2737 1069 2771 ord.
1090 2737 1136 2771 D.
1250 2747 1303 2778 14.
1329 2736 1588 2780 διακεκράγασιν
1604 2736 1651 2770 D.

90 2788 130 2821 τὰ
147 2788 225 2831 ἅγια
241 2788 394 2833 Σεραφὶμ
413 2787 506 2822 B.D.
524 2788 564 2821 τὰ
581 2792 615 2820 Σ.
633 2788 674 2820 τὰ
690 2788 768 2831 ἅγια
786 2785 877 2819 Edd.
991 2795 1044 2828 17.
1070 2785 1247 2828 φάσκουσι
1265 2783 1307 2816 B.
1326 2783 1478 2827 ἔφασκον
1496 2782 1540 2816 D.
1560 2781 1653 2818 Edd.

94 2835 147 2868 18.
169 2834 269 2878 δόξης
284 2835 330 2868 D.
347 2834 505 2869 αἰνέσεως
522 2834 613 2868 Edd,
660 2833 821 2873 βούλοιτό
838 2846 887 2866 τις
904 2831 950 2865 ε’κ.
967 2829 1018 2875 λ.]
1038 2845 1087 2866 τις
1105 2831 1207 2863 ἐκεῖνο
1224 2830 1277 2863 καὶ
1298 2828 1457 2869 βούλεται
1473 2828 1586 2874 λέγειν
1603 2829 1651 2863 D.

92 2880 162 2914 inv.
181 2892 211 2914 a.
369 2893 420 2925 19.
448 2881 626 2925 ὑπερτενὴς
642 2893 673 2915 a.
827 2890 881 2912 20.
908 2879 1029 2911 νοεῖται
1048 2877 1093 2910 D.
1243 2887 1296 2910 21.
1322 2891 1387 2911 που
1404 2887 1474 2909 0111.
1492 2875 1534 2909 B.
1599 2876 1653 2909 καὶ

93 2934 311 2971 assumptum
329 2939 370 2961 ex
390 2928 435 2962 D.
447 2940 476 2961 a.
708 2937 762 2971 23.
791 2923 958 2970 νεφελῶν]
981 2929 1015 2965 -†-
1036 2926 1094 2957 τοῦ
1113 2924 1252 2968 οὐρανοῦ
1271 2923 1317 2958 D.
1382 2922 1605 2967 ἐπηρτημένον
1621 2933 1652 2957 a.

97 2983 149 3014 25.
176 2974 256 3006 κατὰ
272 2975 310 3006 τὸ
328 2989 362 3009 σ.
381 2986 410 3008 a.

152 3043 241 3071 VOL.
266 3045 309 3071 ΙΙ.
837 3044 854 3070 S

1721 292 1806 321 1h4„

1721 346 1739 365 ι.
1756 345 1801 373 14.

1678 470 1697 493 a
1726 462 1808 494 555
1827 460 1876 494 A.

1720 544 1810 583 Ib.5.

1724 790 1770 820 Ib.
1788 789 1818 820 6.

1679 1200 1703 1239 b

1723 1611 1776 1641 Es.
1794 1612 1833 1642 vi.
1849 1621 1877 1650 3.

1676 1945 1697 1970 C

1719 2021 1772 2050 Ps.

1719 2075 1817 2094 xxxv.
1835 2063 1864 2093 6.
