2060 3387
100 642 122 678 Cn

78 1055 124 1079 10

144 193 327 248 xii.2‚3.
517 195 589 234 IN
632 195 1048 235 ΖΛΟΙΙΛΜΛΜ.
1110 195 1263 235 TOM.
1299 195 1350 234 v.
1648 196 1731 233 ι1477

145 306 171 328 “
197 300 411 366 πώρηκεν
450 303 477 365 η
522 301 840 367 μεγαλωσύνη
883 303 1081 352 αὐτῶν·”
1143 304 1217 352 καὶ
1259 302 1362 363 μεθ’
1408 300 1541 366 ἕτερα
1582 298 1730 350 πάλιν

144 389 170 409 “
199 381 293 431 Διά
337 388 476 433 τοῦτο
521 385 574 434 οὐ
619 383 845 452 φείσομαι
891 384 973 433 οὐκ
1016 382 1080 433 ε”τι
1126 385 1200 434 ἐπὶ
1244 382 1351 435 τοὺς
1403 387 1731 434 κατοικοῦντας
1793 400 1899 447 ⁵3¹=·¹'³*

148 470 176 492 ‘⁶
203 463 289 526 τὴν
328 467 439 528 γῆν,
482 466 608 530 λέγει
652 466 839 532 Κύριος·
898 468 974 516 καὶ
1019 465 1117 516 ἰδοὺ
1157 464 1248 531 ἐγὼ
1289 464 1584 531 παραδίδωμι
1625 463 1732 517 τοὺς
1795 445 1884 472 ³¹⁹⁰*

146 552 172 573 ‘⁶
198 545 484 610 ἀνθρώπους,
531 548 733 597 ἕκαστον
779 551 840 600 εἷς
883 552 1039 614 χεῖρας
1082 553 1165 598 τοῦ
1213 547 1424 611 πλησίον
1469 547 1610 597 αὐτοῦ
1656 548 1730 597 καὶ

145 634 171 655 “
197 631 259 680 εἷς
298 632 454 694 χεῖρας
491 630 733 688 βασιλέως
772 629 928 678 αὐτοῦ.
998 631 1073 679 καὶ
1118 629 1450 698 κατακόψουσι
1494 628 1580 692 τὴν
1617 632 1728 694 γῆν,

145 716 171 737 “’
199 710 273 759 καὶ
318 710 371 759 οὐ
415 709 479 773 μὴ
524 710 756 778 ε’ξέλωμαι
799 712 847 760 ἐκ
892 709 1045 776 χειρὸς
1090 710 1288 761 αὐτῶν.”
1353 712 1401 760 ἐν
1445 710 1499 760 δέ
1538 734 1592 776 γε
1636 715 1732 764 τοῖς

143 791 472 855 προκειμένοις,
500 790 607 845 τοῦς
639 791 758 842 κατὰ
789 794 870 854 τῆς
895 792 1184 856 Ἐκκλησιάς
1212 792 1467 857 γεγονότας
1500 791 1732 856 διωγμοὺς

143 878 488 940 προαφηγεῖται
523 878 709 942 σαφῶς.
765 872 1128 936 πεπολεμήκασι
1160 873 1253 939 γὰρ
1285 878 1379 927 τοῖς
1410 873 1732 924 πιστεύσασιν

145 958 207 1007 εἷς
251 957 481 1021 Χριστόν·
541 955 634 1021 πρὸ
683 955 767 1019 μὲν
808 955 901 1022 γὰρ
946 960 1040 1006 τῶν
1082 955 1248 1006 ἄλλων
1293 954 1515 1006 ἁπάντων
1559 959 1601 1006 οὶ
1647 958 1769 1020 τῆςο

144 1037 382 1087 Ἰουδαίων
423 1041 711 1103 Συναγωγῆς
755 1037 1013 1103 ἡγούμενοι,
1053 1038 1470 1104 παραγγέλλοντες
1511 1036 1596 1099 μὲν
1635 1043 1731 1092 τοῖς

146 1119 295 1182 ἁγίοις
330 1118 620 1173 ἀποστόλοις
654 1119 718 1184 μὴ
753 1124 918 1170 λαλεῖν
949 1122 1021 1171 ἐπὶ
1057 1124 1122 1188 τῷ
1157 1119 1351 1182 ὀνόματι
1383 1125 1465 1170 τοῦ
1497 1123 1729 1185 Χριστοῦ,
1794 1125 1881 1207 {ff
1897 1125 1953 1197 1⁵⁵-

145 1200 450 1266 μαστίζοντες
488 1201 535 1252 δὲ
574 1204 649 1252 καὶ
689 1203 736 1252 ἐν
771 1202 1028 1268 συνεδρίοις
1065 1201 1245 1264 αὐτοὺς,
1285 1205 1645 1262 λιθοβολεῖσθαι
1685 1199 1732 1251 δὲ
1800 1215 1846 1242 Ιὸ-
1877 1193 1881 1197 ’
1935 1192 1940 1197 ι

146 1282 312 1336 αὐτοὺς
345 1282 789 1349 παρασκευάζοντες,
826 1285 899 1334 καὶ
935 1284 982 1333 τί
1009 1281 1103 1349 γὰρ
1139 1284 1241 1350 οὐχὶ
1274 1287 1368 1333 τῶν
1402 1282 1735 1334 ἀνοσιωτάτων

147 1367 345 1429 δρῶντες
390 1367 465 1415 καὶ
511 1365 756 1430 λε’γοντεςς
812 1364 968 1428 ἐπειδὴ
1014 1364 1062 1415 δὲ
1105 1368 1180 1415 καὶ
1222 1366 1271 1414 ἐν
1312 1369 1412 1418 ταῖς
1456 1369 1550 1415 τῶν
1589 1366 1736 1416 ἐθνῶν

147 1445 320 1512 χώραις
370 1447 702 1515 ἐκπεφοίτηκεν
747 1448 772 1497 ὁ
818 1445 963 1512 λόγος
1008 1447 1033 1496 ὁ
1076 1448 1180 1513 περὶ
1230 1450 1462 1512 Χριστοῦ,
1515 1448 1589 1496 καὶ
1641 1450 1735 1497 τῶν

146 1528 462 1593 εὐαγγελικῶν
498 1528 810 1594 κηρυγμάτων
849 1527 1068 1592 κατήκοοι
1107 1527 1364 1594 γεγόνασιν
1400 1531 1441 1578 οἱ
1480 1529 1528 1578 ἐν
1562 1529 1733 1591 αὐταῖς,

147 1609 291 1674 ἕτεροι
329 1609 478 1661 πάλιν
516 1609 745 1676 γεγόνασι
786 1611 981 1676 διωγμοῖ
1021 1610 1097 1660 διὰ
1135 1615 1228 1661 τῶν
1265 1609 1384 1660 κατὰ
1429 1609 1614 1676 καιροὺς
1657 1612 1772 1660 mia
1807 1624 1890 1659 774
1905 1623 1954 1657 A.

146 1691 264 1742 κατὰ
307 1692 463 1759 χώρας
508 1692 859 1759 κεκρατηκότων
900 1692 956 1755 οἳ,
999 1695 1080 1756 τῆς
1123 1695 1337 1756 βεβήλου
1378 1694 1453 1742 καὶ
1496 1696 1733 1758 βδελυροῖς

147 1774 532 1841 εἷδωλολατρειάς
572 1779 927 1837 μεταποιεῖσθαι
965 1774 1309 1840 σπουδάζοντες
1348 1777 1423 1823 καὶ
1459 1776 1734 1838 διαβολικῆς

80 1855 453 1919 20021200157777’09
505 1857 729 1922 ὑπουργοὶ
774 1854 1033 1921 γΕγΟΠόΤξς,
1079 1855 1367 1907 ἀπεκτόνασι
1417 1854 1524 1909 Τοὺς
1575 1856 1734 1920 ἁγίῡυς

147 1941 210 1990 εἰς
236 1936 341 1990 τοὺς
368 1939 442 1988 ἐπὶ
469 1943 564 1991 τοῖς
589 1939 854 2004 μαρτυρίοις
883 1943 1134 1991 καλοῦντες
1162 1939 1361 2003 ἀγῶνας.
1408 1938 1537 2005 ἔδοξε
1563 1938 1735 1992 δέπῶς

148 2019 177 2082 ἡ
222 2018 490 2083 Ἐκκλησία
533 2021 609 2070 καὶ
651 2018 857 2087 πάσχειν
901 2018 1117 2081 εὐκόλως,
1163 2019 1480 2082 ἐπαμύνοντος
1527 2019 1732 2082 οὐδενὸς,

149 2099 340 2150 ἐοικέναι
383 2123 432 2151 τε
479 2100 696 2171 προθύροις
745 2100 1105 2168 σεσαλευμένοις
1152 2102 1227 2151 καὶ
1271 2101 1542 2163 πίπτουσιν,
1587 2100 1615 2165 ἢ
1661 2103 1737 2151 καὶ

150 2180 259 2251 λίθῳ
289 2182 693 2253 καταπατουμένερ.
748 2183 895 2233 καίτοι
920 2182 1012 2249 γὰρ
1040 2182 1219 2250 ἰσχύων
1245 2183 1269 2232 ὁ
1295 2186 1388 2233 τῶν
1414 2182 1540 2232 ὅλων
1568 2181 1737 2248 Σωτὴρ

84 2289 131 2326 25
152 2266 226 2314 καὶ
276 2262 431 2314 πάντα
480 2263 692 2328 πόλεμον
742 2264 1024 2315 κατευνάσαι
1080 2266 1264 2333 ῥαδίως,
1315 2268 1506 2327 μᾶλλον
1557 2263 1605 2314 δὲ
1661 2266 1737 2314 καὶ

151 2346 428 2408 ἀποστῆσαι
469 2351 714 2400 παντελῶς
759 2351 852 2397 τῶν
891 2345 1164 2409 σεβομένων
1202 2344 1357 2406 αὑτὸν,
1406 2347 1479 2395 καὶ
1525 2347 1781 2409 ἀμείνουςὶ)

152 2428 394 2495 ἀποφῆναι
437 2427 613 2481 παντὸς
656 2433 921 2493 πειρασμοῦ
967 2429 1041 2477 καὶ
1085 2430 1167 2491 τῆς
1210 2431 1305 2477 τῶν
1343 2428 1525 2493 ἐχθρῶν
1567 2450 1732 2478 κατευ-

152 2513 464 2575 μεγεθοῦντας
502 2508 668 2576 χειρὸς,
707 2510 878 2576 ἐφῆκεν
916 2512 1214 2571 οἰκονομικῶς
1253 2507 1736 2574 καταλαμπρύνεσθαι

203 2679 234 2703 2.
259 2669 319 2702 οὐκ
336 2674 556 2713 assumptum
575 2680 616 2702 ex
636 2667 676 2702 C.
808 2680 840 2713 9.
867 2668 932 2712 γὰρ
951 2673 1174 2712 assumptum
1192 2679 1232 2701 ex
1253 2667 1293 2702 C.
1425 2678 1475 2712 13.
1502 2668 1623 2703 αὐτοὺς
1639 2683 1675 2701 π.
1697 2668 1737 2702 C.

155 2716 208 2749 καὶ
225 2716 345 2760 ἑτέρως
361 2730 397 2750 π.
416 2715 508 2749 Edd.
720 2723 773 2759 15.
800 2716 817 2747 ὁ
836 2715 893 2748 alt.
913 2726 983 2748 om.
1003 2714 1043 2748 C.
1251 2724 1303 2759 17.
1332 2713 1438 2758 ἕτεροι
1455 2715 1558 2747 πάλιν
1574 2716 1738 2759 γεγόνασι

154 2762 221 2795 hoc
241 2762 363 2796 ordine
381 2761 422 2796 C.
441 2762 549 2806 ἕτεροι
566 2766 646 2806 post
662 2776 735 2806 γεγ.
754 2768 797 2795 tr.
816 2760 876 2794 iid.
953 2760 1050 2794 Haec
1073 2762 1127 2794 καὶ
1149 2761 1231 2794 κατὰ
1252 2763 1366 2806 χώρας
1389 2767 1611 2794 accesserunt
1635 2773 1676 2794 ex
1697 2761 1736 2795 C.

160 2809 212 2842 IS.
237 2810 485 2853 κεκρατηκότων
504 2808 544 2842 C.
562 2809 861 2848 βεβασιλευκότων
879 2806 937 2841 iid.
1244 2818 1298 2841 21.
1325 2807 1402 2842 τοὺς
1419 2819 1482 2851 pro
1500 2809 1569 2842 τοῖς
1586 2807 1675 2852 (sic)
1695 2807 1736 2842 C.

158 2865 213 2898 23.
247 2869 283 2887 τε
313 2866 383 2889 om.
411 2855 452 2889 C.
478 2855 584 2889 habet
610 2855 645 2889 b.
724 2853 963 2896 σαλευομένοις
988 2853 1022 2887 b.
1049 2853 1165 2887 invitis
1193 2853 1284 2887 C.D.
1359 2853 1388 2886 εἶ
1416 2853 1445 2887 C
1476 2865 1583 2887 manu
1613 2855 1735 2898 prima.

157 2911 212 2942 24.
245 2901 350 2935 λίθων
375 2900 673 2945 καταπατουμένων
697 2900 741 2934 ad
766 2900 862 2934 λίθον
888 2899 1179 2943 καταπατούμενον
1204 2912 1265 2944 per
1289 2911 1446 2934 rasuram
1472 2906 1556 2934 cast.
1584 2899 1625 2934 C.
1652 2900 1738 2947 λίθῳ

156 2947 434 2993 καταπατουμένῳ
451 2948 556 2983 habet
574 2948 609 2982 b.
928 2946 983 2981 26.
1009 2947 1198 2990 σευομένων
1217 2946 1308 2981 Edd.
1327 2950 1408 2982 ante
1427 2946 1560 2992 Migne.
1612 2946 1738 2982 Statim

156 2994 264 3028 αὐτῶν
283 2993 362 3029 C.b.
600 2995 655 3029 28.
681 2993 808 3039 ἀφῆκεν
828 2993 868 3028 C.
889 2993 1013 3039 ἐφῆκεν
1029 2993 1134 3028 habet
1151 2993 1186 3027 b.
