2053 3382
276 175 361 214 614
658 174 708 214 Β.
747 172 1022 214 CYRILLI
1074 173 1461 214 ALEXANDR.
1632 171 1689 212 iii.
1714 172 1862 226 13-16.

276 282 425 334 πάλιν
451 284 513 336 εὶς
537 280 622 345 τὴν
646 281 891 343 Ἰουδαίαν,
913 284 1038 332 Θεοῦ
1065 281 1469 348 κατοικτείροντος,
1497 279 1790 346 ἀνετείχισάν
1814 303 1865 331 τε

276 363 363 427 τὴν
388 363 544 425 πόλιν,
570 365 645 413 καὶ
680 363 977 426 ἀνεδείμαντο
1012 362 1095 414 τὸν
1126 362 1253 425 νεὼν,
1279 363 1427 415 πάλιν
1456 361 1713 428 ἐτράποντο
1747 360 1867 427 πρὸς

277 445 331 495 τὸ
356 444 580 513 ῥᾴθυμον,
609 445 662 494 οὐ
687 450 979 510 πληροῦντες
1005 443 1088 498 τὰς
1116 443 1268 512 εὐχὰς,
1295 446 1382 512 οὐχ
1415 443 1628 508 ἑπόμενοι
1661 447 1757 497 τοῖς
1791 443 1867 494 διὰ

278 526 422 589 νόμου
471 526 789 588 θεσπίσμασι,
831 527 886 576 οὐ
934 526 1262 592 προσάγοντες
1312 525 1507 580 δεκάτας
1558 525 1586 591 ἢ
1631 524 1864 593 ἀπαρχάς·

277 608 387 657 ἀλλ’
415 608 602 673 ὀκνηροῖ
640 610 716 658 καὶ
741 608 881 671 μόλις
907 610 981 659 ἐπὶ
1004 607 1059 659 τὸ
1086 608 1211 659 θύειν
1234 607 1489 676 ἐρχόμενοι,
1516 610 1591 659 καὶ
1616 607 1864 675 κατασφά-
1888 621 1910 658 5

231 700 257 740 b
278 688 431 754 ζοντες
465 689 525 740 τὰ
559 689 710 757 χωλοὶ,
737 689 797 741 τὰ
834 689 1010 758 τυφλὰ,
1043 691 1119 741 καὶ
1154 689 1214 741 τὰ
1248 690 1578 758 ἐνοχλούμενα,
1611 691 1686 740 καὶ
1720 694 1867 740 ταῦτα

276 776 485 837 δρῶντας
521 771 741 833 ἐκτόπως,
781 771 913 823 οὐδὲν
950 772 1093 837 ἧττον
1130 773 1340 823 ἐπαίδευε
1379 771 1500 826 Θεὸς
1541 774 1666 841 λιμῷ
1703 794 1753 821 τε
1791 772 1867 821 καὶ

275 855 495 923 ἀκαρπίᾳ.
565 858 608 905 οἱ
652 854 715 917 δὲ,
754 855 902 906 καίτοι
947 855 1065 917 δέον,
1104 854 1231 920 εἴπερ
1275 853 1402 919 ἦσαν
1440 856 1611 920 ἀγαθοὶ
1655 854 1730 904 καὶ
1773 857 1867 903 τῶν

274 935 618 1004 συμφερόντων
655 936 978 1000 ἐπιστήμονες,
1017 941 1119 990 ταῖς
1157 940 1219 990 εἷς
1257 936 1311 987 τὸ
1355 936 1544 1001 ἄμεινον
1582 938 1867 1002 ἀναδρομαῖς

274 1019 544 1083 θεραπεύειν
601 1018 931 1083 λελυπημένον
983 1018 1066 1069 τὸν
1113 1023 1208 1068 τῶν
1258 1018 1385 1068 ὅλων
1438 1018 1582 1080 Θεὸν,
1639 1017 1866 1068 ἀσύνετον

273 1102 514 1151 ἐποιοῦντο
558 1099 644 1164 τὴν
690 1100 947 1164 καταβοήν.
1016 1099 1170 1163 ἐπειδὴ
1216 1099 1310 1166 γὰρ
1355 1098 1512 1166 ἑώρων
1554 1099 1614 1151 τὰ
1655 1100 1867 1165 περίοικα

273 1187 368 1232 τῶν
394 1183 554 1244 ἐθνῶν,
582 1183 731 1233 καίτοι
758 1181 883 1233 Θεὸν
909 1183 992 1233 οὐκ
1018 1181 1186 1245 εἰδότα,
1213 1188 1576 1248 προσκυνοῦντα
1603 1181 1650 1232 δὲ
1676 1186 1868 1245 μᾶλλον

274 1269 370 1317 τοῖς
418 1270 661 1329 γλυπτοῖς,
714 1266 789 1315 καὶ
838 1263 924 1328 τὴν
975 1263 1184 1331 ἐσχάτην
1231 1270 1466 1314 νοσοῦντα
1517 1262 1774 1327 πλάνησιν,
1819 1265 1868 1314 ἐν

235 1346 496 1414 οεῦπαθείᾳ
536 1346 651 1397 ὄντα
695 1348 770 1397 καὶ
809 1350 1023 1413 τρυφαῖς,
1063 1346 1278 1414 ἔφασκον
1318 1345 1556 1399 ἀσυνέτως
1596 1346 1807 1400 Ματαιος
1848 1351 1866 1397 ὁ

277 1425 481 1478 δουλεύων
509 1435 609 1498 Θεῷ
647 1433 724 1479 καὶ
762 1430 806 1479 τί
836 1428 971 1479 πλέον
1002 1428 1065 1478 ’ότι
1100 1428 1396 1497 ἑφυλαῖξαμεν
1428 1428 1488 1479 τοι
1521 1427 1866 1496 προστάγματα

278 1510 437 1570 αὐτοῦς
487 1509 616 1573 ἡμεῖς
653 1509 738 1573 μὲν
772 1509 881 1575 γὰρ,
917 1511 1082 1577 φησὶν,
1118 1512 1160 1560 οἱ
1200 1510 1528 1577 νομοφύλακες
1567 1511 1615 1560 ἐν
1649 1511 1867 1578 ἀφορίαις

278 1589 421 1652 ε’σμέν
467 1593 542 1641 καὶ
592 1596 814 1656 πληγαῖς,
861 1591 1079 1659 ᾠχόμεθα
1130 1589 1179 1641 δὲ
1230 1593 1306 1642 καὶ
1359 1591 1666 1659 αἰχμάλωτοι,
1718 1593 1868 1642 καίτοι

280 1674 661 1738 προσπίπτοντες
709 1675 778 1724 ἀεὶ
819 1675 893 1723 καὶ
941 1673 1083 1723 ἱκέται
1126 1672 1360 1737 γινόμενοι
1400 1677 1466 1742 τῷ
1512 1677 1651 1743 Κυρίῳ
1695 1698 1863 1725 παντο-

283 1752 469 1824 κράτορι·
524 1757 566 1805 οἱ
611 1754 659 1805 δὲ
709 1759 804 1805 τῶν
850 1754 1073 1805 τοιούτων
1122 1757 1321 1820 δρῶντες
1372 1754 1522 1817 οὐδὲν,
1572 1756 1625 1805 οὐ
1674 1755 1869 1820 πληγὴν

281 1836 485 1903 ἔχουσιν,
536 1837 590 1887 οῦ
647 1835 809 1888 πόνον.
887 1837 1054 1887 οὐκοῦν
1102 1837 1408 1906 μακαρίζομεν
1463 1840 1736 1906 ἀλλοτρίους,
1790 1843 1867 1888 καὶ

281 1915 656 1984 ανοικοθομοῦνται
704 1921 916 1973 ποιοῦντες
961 1918 1122 1986 ἄνομα,
1162 1917 1428 1978 αντέστησοιν
1472 1924 1573 1988 Θεῷ
1626 1925 1703 1969 καὶ
1756 1919 1864 1969 εὀ-οὖ-

235 2009 261 2049 d
283 1998 426 2059 θησαν.
473 1999 841 2066 ἀντιπράττουσι
876 1999 969 2065 γὰρ
1004 1999 1124 2050 κατὰ
1159 1998 1384 2063 ἀλήθειαν
1409 2004 1468 2066 τῇ
1493 2005 1576 2050 τοῦ
1604 2003 1727 2051 Θεοῦ
1755 2001 1871 2069 δόξῃ

282 2080 402 2133 κατὰ
440 2082 654 2136 πολλοὺς
692 2081 894 2149 τρόπους
933 2086 975 2132 οἱ
1013 2081 1327 2144 πλανώμενοι,
1368 2083 1442 2131 καὶ
1485 2086 1581 2135 τοῖς
1621 2088 1872 2149 χωνευταῖς

58 2159 200 2190 nimii.

59 2214 109 2242 27.

282 2163 608 2229 προσάγοντες
640 2188 724 2218 τας
760 2164 929 2217 θυσίας
965 2167 1078 2214 καὶί
1083 2167 1179 2232 ίτῷ
1210 2163 1344 2232 ξύλω
1377 2164 1597 2228 λέγοντες
1625 2163 1747 2218 Θεός
1780 2187 1872 2227 μου

299 2243 375 2296 ίεἷ
397 2268 474 2307 συ,
502 2248 578 2296 καὶ
613 2248 680 2297 τῶ
714 2247 835 2315 λίθω
863 2245 931 2296 Συ
965 2244 1220 2311 ἐγεννησάς
1246 2246 1329 2308 με.’
1397 2245 1543 2296 ταῦτα
1575 2250 1700 2314 φησι
1739 2269 1868 2297 κατε-

281 2326 493 2387 λαλησαν
530 2334 565 2378 οἱ
607 2327 868 2397 φοβούμενοι
910 2352 978 2378 τον
1019 2326 1176 2422 Κύριον.
1246 2327 1495 2395 δυσφημία
1540 2327 1588 2377 δὲ
1632 2326 1780 2378 πάλιν
1817 2326 1872 2378 τὸ

281 2408 516 2473 ἔγκλημα,
547 2431 624 2459 και
662 2413 756 2459 τῶν
790 2407 1008 2474 ἐσχάτων
1039 2407 1426 2503 ἀρρωστημάτων
1457 2407 1694 2477 ἀπόδειξις
1732 2410 1867 2474 ἐναρ-

281 2489 383 2554 γής.
446 2490 686 2554 νοσούσης
731 2489 824 2556 γὰρ
866 2489 1070 2543 διανοίας
1111 2512 1153 2539 οι
1191 2489 1342 2554 λόγοι,
1382 2492 1457 2540 καὶ
1496 2489 1748 2552 μεθύοντος
1791 2495 1872 2540 νοῦ

282 2571 534 2637 θεοστυγές
569 2570 865 2639 άπόβρασμα
899 2570 953 2622 τὸ
988 2571 1135 2640 φάναι
1169 2594 1213 2622 τι
1248 2570 1368 2621 κατὰ
1396 2574 1537 2622 Θεοῦ.
1592 2570 1662 2621 ὅτι
1698 2569 1747 2620 δὲ
1779 2575 1873 2622 τῶν

331 2747 363 2770 2.
391 2738 469 2771 ναὸν
487 2737 580 2772 Edd.
854 2749 887 2782 3.
914 2738 973 2773 τὰς
990 2743 1214 2781 assumptum
1231 2748 1272 2771 ex
1293 2736 1335 2771 Β.
1610 2748 1644 2778 4.
1670 2735 1709 2769 οὐ
1727 2735 1872 2769 accessit

283 2795 324 2816 ex
344 2783 386 2817 B.
685 2795 719 2827 5.
744 2784 1027 2829 κατασφάξαντες
1045 2783 1138 2817 Edd.
1441 2794 1495 2816 12.
1521 2781 1644 2826 καίτοι]
1664 2796 1718 2815 και
1735 2783 1793 2816 τὸν
1809 2781 1870 2816 iid.

287 2840 340 2870 14.
367 2830 557 2866 εὐπαθείαις
574 2829 634 2864 iid.
958 2840 1011 2874 15.
1037 2832 1158 2864 πλεῖον
1175 2829 1235 2864 iid.
1298 2828 1564 2874 προστάγματα]
1584 2829 1792 2873 φυλάγματα
1810 2827 1870 2861 iid.

288 2875 340 2908 16.
366 2877 427 2918 μὲν
443 2885 667 2921 assumptum
685 2888 726 2910 ex
747 2876 787 2912 B.
840 2876 958 2910 Habet
978 2878 1088 2921 φησὶν
1111 2876 1150 2910 Β.
1215 2877 1370 2920 ἀποριαις
1388 2875 1447 2910 iid.
1562 2884 1613 2920 17.
1632 2874 1792 2921 ᾠχὴμεθα
1809 2874 1869 2908 iid.

288 2921 340 2955 18.
365 2925 411 2967 τῷ
432 2934 499 2956 om.
524 2923 565 2956 B.
825 2934 880 2957 21.
906 2922 1201 2967 ἀνοικοδομοῦντες
1220 2922 1277 2956 iid.
1514 2921 1570 2957 26.
1596 2922 1793 2966 δυσφημίας
1811 2920 1869 2955 ild.

283 2968 415 3002 πάντως
433 2980 494 3012 pro
512 2970 615 3003 πάλιν
634 2969 692 3004 iid.

1891 1865 1940 1889 20
