1997 3361
91 158 271 214 iii.3‚4.
455 166 525 206 ΙΝ
567 167 986 213 ΖΛΟΠΛἹΗΑΜ.
1047 173 1201 213 TUM.
1237 175 1268 213 1.
1575 175 1656 213 315

87 267 263 332 τρόπον
305 272 406 322 τινὰ
449 276 706 341 παραλύων
749 278 807 328 τὰ
854 280 995 348 δεξιά·
1048 287 1247 344 πολεμεῖ
1285 282 1376 347 γὰρ
1419 282 1520 347 οὐχὶ
1564 285 1659 334 τοῖς

88 357 267 405 σκαιοῖς
313 354 440 416 ἡμῶν
479 357 775 423 πράγμασιν,
820 362 949 412 ἀλλὰ
990 368 1085 417 τοῖς
1127 365 1291 432 δεξιοῖς
1332 366 1406 414 καὶ
1449 366 1657 414 ἐπαινου-

86 430 253 492 μένοις.
319 438 455 488 τοῦτό
495 462 566 489 τοι
609 446 773 492 παθεῖν
822 444 1024 510 ε’πηρᾶτό
1069 469 1171 495 τινα
1215 451 1308 496 τῶν
1347 451 1406 499 εἰς
1442 443 1657 510 Χριστὸν

87 515 504 580 δεδυσσεβηκότων
539 523 562 571 ὁ
596 523 819 588 μακάριος
846 529 1020 577 Δαυεὶδ
1051 529 1170 578 οὕτω
1203 528 1355 592 λέγων
1382 536 1408 557 “
1432 529 1523 578 Καὶ
1559 527 1655 577 διά-
1717 526 1771 601 ἑ*
1791 526 1877 556 ‘³⁴5³'

47 600 286 655 5“fi30)k09
333 601 493 663 στήτω
553 605 602 654 ἐκ
664 606 828 674 δεξιῶν
878 610 1065 659 αὑτοῦ.”
1149 611 1376 660 ἀντέκειτο
1425 611 1578 660 τοίνυν
1630 610 1693 659 ὁο

85 683 307 742 σατανᾶς,
349 682 476 746 πλὴν
519 686 763 749 ἐπετιμᾶτο
805 688 879 739 διὰ
921 694 1079 757 φωνῆς
1118 690 1341 756 ἀγγέλου·
1390 691 1524 755 ἤκουε
1564 690 1655 758 γὰρ

85 758 305 824 λέγοντος
339 767 631 834 Ἐπιτιμήσαι
674 769 818 838 Κύριος
860 772 897 822 ἐν
938 779 1003 822 σοὶ
1050 771 1237 832 ὃιοίβολε
1280 782 1354 824 καὶ
1396 775 1655 841 ἐπιτιμῆσαι

87 840 234 909 Κύριος
266 845 303 894 ἐν
336 853 401 896 σοι
434 854 451 898 ὁ
487 849 779 919 ἐκλεξάμενος
813 852 878 913 τὴν
913 852 1214 922 Ἰερουσαλήμ.

150 921 317 992 ’Άθρει
342 927 446 994 γὰρ,
474 930 598 986 ὅπως
624 933 855 1002 θεομάχον
880 935 1050 1004 ἔδειξεν
1076 936 1222 996 εὐθὺς,
1251 940 1325 988 καὶ
1353 943 1451 991 ταῖς
1478 938 1655 989 ἄνωθεν

20 1030 67 1055 10
84 1004 267 1073 ψήφοις
292 1011 493 1065 ἀνοσίως
519 1015 914 1079 ἀντιταττόμενον.
970 1022 1093 1069 Θεοῦ
1128 1018 1220 1085 γὰρ
1254 1021 1553 1085 οἱκτείροντος
1580 1022 1654 1070 καὶ

83 1088 473 1148 ἀπαλλάττοντος
506 1096 592 1160 ἤδη
625 1101 947 1161 πλημμελείας
978 1099 1058 1150 τὸν
1083 1100 1298 1166 Ἰσραὴλ,
1329 1102 1654 1170 εἰσδεξαμένου

83 1192 132 1220 τε
176 1174 249 1222 καὶ
295 1175 556 1227 ἀπόλεκτον
600 1178 687 1242 ἤδη
731 1203 831 1233 πως
873 1182 1149 1244 ποιουμένου
1193 1182 1277 1247 τὴν
1319 1184 1651 1248 Ἰερουσαλὴμ,

83 1262 357 1323 κατηγορῶν
383 1263 435 1310 οὑ
460 1261 664 1325 παύεται,
691 1266 765 1314 καὶ
795 1267 1080 1331 κατακρίνειν
1112 1269 1361 1336 ἀποτολμᾷ
1385 1267 1491 1322 τοὺς
1518 1270 1652 1334 ἠλεη-
1674 1297 1695 1319 a
1724 1288 1809 1322 674
1822 1287 1871 1321 A.

82 1336 259 1400 μένους.
328 1342 493 1393 οὐκοῦν
536 1344 794 1410 ἀκόρεστον
834 1351 894 1400 εἷς
939 1347 1084 1414 ὀργὰς
1127 1350 1352 1417 διελέγχει
1400 1349 1455 1414 δὴ
1500 1351 1655 1416 λέγων

18 1422 185 1469 ῙόΟὐκ
224 1417 310 1472 &ab
345 1424 462 1475 τοῦτο
502 1427 558 1480 ὡς
594 1423 734 1482 Aba&
774 1427 1105 1498 ἑξετπεισμένος
1131 1431 1181 1482 ἐκ
1208 1433 1366 1500 πυρόςς
1407 1432 1565 1495 ὅμοιον
1593 1435 1654 1486 ὡς

83 1503 119 1550 εἰ
156 1500 285 1567 λέγοι
323 1504 465 1572 τυχόν
504 1509 913 1573 Πεπλημμέληκεν
957 1513 1341 1579 ὁμολογουμένως
1376 1515 1400 1564 ὁ
1439 1514 1654 1580 Ἰσραὴλ,

82 1583 157 1632 καὶ
191 1588 290 1637 ταῖς
324 1591 432 1641 σαῖς
472 1592 784 1659 φιλοψογίαις
822 1593 1129 1661 ε’νεσχημένος
1167 1596 1344 1662 ὁρᾶται.
1409 1595 1537 1661 πλὴν
1574 1600 1648 1648 ε’κ-

82 1663 226 1715 τέτικε
251 1668 378 1721 δίκας
404 1671 457 1720 οὐ
483 1672 684 1737 μετρίας,
704 1674 877 1739 ἀνέτλη
902 1675 985 1729 τὰς
1005 1677 1271 1745 συμφορὰς,
1291 1681 1365 1729 καὶ
1391 1679 1655 1748 ἑξεσ-παῖσθη

81 1744 232 1810 μόλις,
264 1750 321 1804 ὡς
355 1751 404 1802 ἐκ
436 1753 566 1822 πυρὶς
603 1754 762 1822 δᾳδίον
792 1756 1097 1823 ἡμίφλεκτον·
1140 1760 1267 1810 οὔπω
1294 1759 1384 1826 γὰρ
1411 1760 1469 1811 τὰ
1500 1763 1548 1812 ἐκ
1575 1765 1656 1824 τῆς

15 1850 64 1874 20
82 1831 410 1895 αἰχμαλωσίας
443 1835 753 1888 ἀπεκονίσατο
793 1839 977 1903 βλάβη’
1018 1840 1122 1906 ἄρτι
1163 1843 1237 1891 καὶ
1281 1842 1417 1904 μόλις
1455 1846 1536 1907 τῆς
1574 1846 1696 1894 οἷν-ἱ)

81 1909 281 1973 ηκέστου
323 1918 639 1982 ταλαιπωρίας
681 1920 836 1985 διέδρα
879 1919 966 1984 τὴν
1011 1921 1187 1990 φλόγα.
1250 1930 1430 1974 παῦσαι
1475 1925 1531 1989 δὴ
1573 1926 1653 1976 οὖν

94 1992 104 2006 ,
245 1998 265 2007 Α
385 2001 405 2010 Α
472 1998 481 2012 ,
624 1999 637 2015 ι
873 2001 886 2015 x
996 2001 1008 2020 x
1087 2005 1097 2019 c
1271 2009 1291 2018 ν-
1399 2007 1410 2022 t
1462 2007 1472 2021 ε
1713 2003 1798 2033 Rom

80 1999 296 2056 εγκαλων
328 2018 423 2051 τοις
457 2006 724 2064 ηλεημενοις
752 2008 778 2031 “
799 2005 919 2057 Θεος
950 2025 1044 2070 γαρ
1078 2027 1103 2054 ο
1135 2006 1334 2069 δικαιων,
1361 2029 1430 2060 τις
1453 2029 1478 2057 ο
1504 2029 1647 2057 κατα·
1712 2047 1778 2077 νῆὶ.
1795 2027 1846 2087 223„

82 2079 110 2102 ‘⁶
133 2075 302 2141 κρίνων
324 2078 368 2139 ;'’
1714 2100 1764 2131 34-

84 2290 158 2332 Καὶ
194 2291 355 2335 'tasone
395 2293 444 2338 ἦν
492 2298 769 2349 ἐνδεδυμένος
819 2300 962 2352 ἱμάτια
1013 2303 1194 2361 ῥυπαρὰ,
1244 2304 1311 2345 Καὶ
1361 2302 1520 2346 ἷΰΤήΚΕῑ
1567 2307 1691 2363 ΠΡὸῧ

12 2383 61 2422 25
146 2377 379 2433 Προσὼπου
426 2384 499 2422 τοῦ
544 2384 734 2431 ἀΠ-ἑλου.
796 2387 865 2428 καὶ
912 2386 1119 2445 ἀπεκρίθΗ
1165 2389 1233 2429 καὶ
1270 2384 1362 2430 εἷπε
1400 2389 1506 2446 Πρὸς
1551 2391 1691 2440 τοὺε4

126 2561 160 2595 3.
185 2564 238 2584 τοι
264 2551 441 2588 B.C.D.b.
467 2569 498 2588 τι
523 2555 615 2591 Edd.
679 2557 825 2603 ἐπηρᾶτο
851 2559 945 2594 C.D.
973 2559 1106 2604 Migne.
1133 2561 1295 2605 ἐπειρατω
1318 2561 1352 2595 b.
1380 2562 1534 2606 ἐπειρᾶτο
1561 2563 1652 2598 Edd.

80 2608 114 2638 4.
133 2595 219 2631 οὕτω
236 2603 459 2644 assumptum
477 2613 518 2636 ex
537 2602 667 2638 C.D.b.
717 2605 752 2638 δέ
770 2606 859 2649 φησὶ
878 2618 939 2650 pro
956 2606 1066 2652 λέγων
1084 2607 1131 2641 D.
1240 2619 1293 2643 10.
1319 2609 1592 2653 ἀντιταττόμενον
1611 2611 1652 2645 C.

79 2643 343 2687 ἀντιπράττοντα
361 2646 452 2682 Edd.
691 2662 744 2685 12.
769 2666 840 2687 πως
858 2660 1079 2697 assumptum
1098 2665 1139 2687 ex
1158 2653 1198 2688 C.
1390 2667 1442 2698 14.
1469 2657 1508 2698 δὴ
1526 2669 1595 2691 om.
1611 2657 1651 2693 C.

83 2698 135 2734 15.
162 2690 291 2736 ὅμοιον]
316 2696 353 2733 -4-
373 2693 438 2738 γὰρ
457 2694 548 2729 Edd.
565 2696 636 2730 inv.
657 2696 734 2732 C.b.
994 2709 1046 2744 17.
1071 2699 1294 2745 ἐνεσχημένος
1310 2701 1344 2735 b.
1366 2702 1592 2748 ἐνηο-χημένος
1610 2704 1650 2738 C.

80 2735 242 2782 ἐπισχημ.
262 2738 354 2773 Edd.
372 2740 493 2786 ἐπεσχ.
513 2742 645 2787 Migne.
766 2745 817 2778 18.
844 2746 978 2789 μετρίας
997 2745 1074 2780 C.b.
1091 2748 1232 2791 μετρίως
1246 2747 1338 2781 Edd.
1459 2761 1510 2794 19.
1538 2750 1652 2794 δᾳδίον

79 2781 288 2828 ἡμίφλεκτον
305 2784 384 2820 C.b.
402 2787 505 2823 δαλὸς
529 2788 735 2834 ἡμίφλεκτος
761 2790 852 2825 Edd.
916 2794 1007 2826 οὔπω
1033 2794 1098 2837 γὰρ
1125 2795 1165 2826 τὰ
1191 2794 1226 2827 ἐκ
1251 2809 1281 2827 τ.
1308 2794 1339 2828 α’.
1365 2795 1588 2831 ἀπεκονίσατο
1608 2797 1650 2831 Β.

79 2828 165 2863 οὕτω
189 2831 231 2864 τὰ
255 2831 290 2865 ἐκ
314 2846 343 2866 τ.
369 2833 401 2866 ἀ.
426 2833 660 2878 ἀπεκρούσατο
679 2837 719 2871 C.
745 2836 831 2871 οὕτω
857 2838 922 2882 γὰρ
947 2839 987 2872 τὰ
1008 2839 1043 2872 ἐκ
1060 2853 1090 2873 τ.
1109 2839 1139 2873 ἆ.
1158 2840 1394 2875 ἀπεικονίσατο
1413 2842 1503 2876 Edd.
1555 2843 1651 2878 Haec

80 2874 207 2910 desunt
230 2877 267 2911 in
291 2877 326 2912 b.
374 2879 598 2916 ἀπεκοτίσατο
622 2895 685 2928 pro
711 2883 806 2918 ἀπεκ.
837 2884 884 2918 D.
944 2884 1011 2919 Pro
1037 2885 1151 2920 verbis
1180 2887 1319 2932 reliquis
1349 2900 1419 2922 non
1447 2891 1578 2924 contuli
1604 2890 1650 2925 D.

81 2932 137 2963 24.
163 2922 290 2967 ἶστὴκει
309 2924 349 2959 C.
368 2925 488 2970 (Alex.
507 2927 547 2973 Ν)
826 2940 881 2975 25.
906 2930 1072 2978 ἀγγέλου]
1095 2937 1132 2974 -Ι-
1153 2936 1212 2968 τοῦ
1230 2934 1354 2979 Κυρίου
1372 2934 1464 2970 Edd.
1482 2936 1592 2972 invito
1611 2936 1650 2972 C.

83 2966 226 3014 [Κυρίου
243 2970 327 3006 XII.
346 2983 400 3017 23,
422 2984 497 3018 130,
517 2985 596 3021 239,
614 2975 713 3022 311.]

818 3044 923 3075 SS2
