2007 3387
302 210 386 250 240
698 207 747 246 B.
790 202 1068 245 CYRILLI
1110 199 1493 241 ALEXANDR.
1730 195 1788 234 iii.
1814 206 1877 235 20.

303 315 361 368 ἂν
398 315 595 368 εἰκότως.
635 311 901 376 κεκλήμεθα
933 309 989 374 δὴ
1028 309 1109 360 οὖν
1146 310 1193 360 ἐν
1233 313 1406 374 καιροῖς
1436 309 1517 370 τῆς
1551 304 1668 368 μετὰ
1705 300 1881 368 σαρκὸς

303 398 564 461 οἰκονομίας
601 399 684 446 τοῦ
722 397 1038 459 Μονογενοῦς.
1103 389 1207 442 τότε
1243 390 1336 456 γὰρ
1378 388 1434 453 δὴ
1468 386 1571 439 τότε
1609 389 1691 450 τῆς
1729 386 1878 448 ἐπαγ-

302 481 463 548 γελίας
489 479 543 530 τὸ
570 477 715 544 πέρας
739 476 990 540 ἐκβέβηκεν
1017 478 1078 529 εἰς
1103 472 1157 525 τὸ
1184 472 1384 539 ἀτρεκές.

301 689 421 730 Διότι
453 686 583 729 δώσω
615 688 724 735 ὑμᾶς
750 684 1014 734 ὀνομαστοὺς
1043 682 1109 723 καὶ
1141 680 1200 722 εἷο
1228 681 1422 736 καύχΗμα
1448 680 1492 721 ὲν
1520 682 1622 720 mim
1648 674 1736 719 τοῖς
1763 673 1882 716 λαοῖς

369 776 444 814 τῆς
471 774 558 821 Γιῖιε,
584 770 629 811 ἐν
655 771 716 823 τῷ
741 768 1014 825 ἐπιστρέφειν
1042 781 1092 815 με
1123 766 1200 807 τὴν
1235 762 1527 820 αἰχμαλωσίαν
1555 762 1671 810 ὑμῶν
1697 758 1882 802 ἐνώπιον
1905 766 1926 803 5

370 856 501 907 ὑμῶν,
528 856 640 903 λὲΓει
669 853 832 911 Κύριος.

84 996 168 1030 625
183 994 232 1028 A.
265 1003 286 1027 a
379 979 834 1046 Ἀνακεφαλαιοῦται
861 972 1036 1041 τρόπον
1059 970 1162 1022 τινὰ
1195 973 1277 1034 τῆς
1303 972 1585 1034 θεοπρεποῦς
1612 965 1884 1033 φιλοτιμίας

307 1059 391 1111 τὸν
432 1059 630 1123 σκοπὸν,
665 1061 738 1109 καὶ
783 1060 830 1108 ἐν
877 1055 942 1110 οἷς
983 1056 1172 1107 ἔσονται
1214 1052 1401 1105 πάντως
1436 1054 1477 1101 οὶ
1515 1046 1887 1108 πεπιστευκότες,

310 1145 386 1197 διὰ
411 1146 589 1196 τούτων
615 1145 724 1209 ἡμῖν
749 1143 993 1212 ὑποφαίνει
1023 1144 1208 1208 σαφῶς.
1274 1135 1549 1200 διαβοήτους
1577 1133 1669 1199 γὰρ
1695 1133 1889 1183 ε”σεσθαι

312 1230 453 1297 φησί,
483 1228 559 1278 καὶ
599 1225 882 1294 αὐχημάτων
920 1224 1032 1274 ε’ίσω
1072 1225 1319 1287 λαμπρῶν,
1346 1221 1420 1269 καὶ
1457 1217 1632 1270 παντὸς
1660 1215 1818 1267 ε”θνους
1844 1216 1891 1265 ἐν
1914 1230 1960 1255 10

312 1311 542 1375 ἀμείνοσι.
609 1307 902 1375 προσεπάγει
944 1305 991 1357 δὲ
1035 1303 1182 1356 πάλιν
1225 1305 1299 1354 καὶ
1340 1301 1445 1352 καθ’
1493 1299 1572 1353 οὓς
1609 1297 1796 1349 ἔσονται
1833 1296 1893 1347 τὰ

312 1392 465 1444 τοιάδε
489 1390 687 1458 καιροὺς,
713 1391 930 1457 πανταχῆ
965 1386 1252 1450 μεμνημένος
1290 1387 1373 1447 τῆς
1410 1381 1527 1447 μετὰ
1561 1379 1738 1447 σαρκὸς
1765 1383 1887 1430 οἰκο-

315 1476 474 1538 νομίας
500 1480 581 1525 τοῦ
610 1477 927 1538 Μονογενοῦς,
955 1470 1043 1532 ὅτε,
1072 1468 1281 1533 καθάπερ
1308 1466 1426 1535 ε”φην
1460 1464 1640 1531 ἀρτίως,
1668 1463 1695 1526 ἡ
1719 1460 1893 1514 παντός

315 1556 543 1626 ἀνάδειξις
570 1557 763 1621 ἀγαθοῦ,
792 1556 866 1605 καὶ
901 1556 997 1605 πᾶν
1032 1553 1185 1602 ὁτιοῦν
1218 1554 1312 1601 τῶν
1346 1544 1739 1610 τεθαυμασμένων
1765 1543 1893 1603 ἐκβέ-

266 1648 293 1688 b
315 1646 459 1705 βηκεν
493 1642 555 1692 εἰς
590 1639 726 1702 ἡμᾶς.
793 1636 897 1687 τότε
935 1634 1028 1701 γὰρ
1066 1633 1170 1685 τότε
1207 1633 1282 1682 καὶ
1320 1630 1408 1682 ὑπὸ
1441 1634 1573 1697 χεῖρα
1603 1626 1895 1693 πράττοντας
1918 1642 1963 1680 15

316 1720 592 1785 διαβολικὴν
642 1722 717 1771 καί
768 1724 863 1773 τοῖς
912 1720 993 1781 τῆς
1044 1712 1222 1781 σαρκός
1272 1712 1475 1765 πάθεσιν
1528 1708 1894 1776 ὑπεζευγμένους,

315 1803 595 1872 παραδόξως
629 1801 848 1872 ἐξείλετο·
891 1799 994 1850 τότε
1030 1799 1105 1849 καὶ
1143 1800 1225 1860 τῆς
1264 1794 1499 1846 πολυθεόυ
1524 1792 1709 1855 πλάνης
1735 1789 1890 1855 ἀπήλ-

317 1893 459 1937 λαττε
481 1887 555 1936 καὶ
575 1885 795 1947 μετετίθει
821 1881 939 1949 πρὸς
965 1879 1204 1945 ἀλήθειαν·
1246 1876 1351 1928 τότε
1378 1878 1564 1927 καὶτῶν
1589 1879 1671 1924 τοῦ
1694 1872 1897 1924 θανάτου

319 1973 508 2032 δεσμῶν
532 1968 749 2037 ἐξείλετο,
777 1965 882 2020 δοὺς
918 1962 1081 2015 ἑαυτὸν
1114 1963 1391 2026 ἀντίλυτρον
1420 1956 1534 2024 ὑπὲρ
1560 1957 1704 2021 ἡμῶν,
1731 1957 1805 2005 καὶ
1832 1956 1896 2023 τῷ

321 2055 429 2120 Θεῷ
455 2052 530 2101 καὶ
561 2052 714 2115 Πατρὶ
751 2047 1101 2109 κατακτώμενος
1134 2043 1219 2107 τὴν
1256 2043 1328 2093 ὑπ’
1356 2041 1566 2107 οὐρανόν.
1634 2035 1899 2101 κεκλήμεθα
1919 2055 1968 2079 20

319 2132 413 2200 γὰρ
439 2132 493 2184 δι’
522 2133 676 2194 αὐτοῦ,
705 2133 781 2181 καὶ
815 2128 900 2193 τὴν
936 2130 983 2179 ἐν
1012 2125 1252 2190 Πνεύματι
1277 2121 1600 2190 προσαγωγὴν
1624 2122 1697 2171 καὶ
1733 2117 1893 2170 οἰκειό-

321 2238 439 2279 τητα
470 2213 861 2278 πεπλουτήκαμεν
897 2211 951 2262 δι’
982 2211 1137 2270 αὐτοῦ,
1165 2209 1286 2275 φημὶ
1319 2205 1374 2270 δὴ
1406 2208 1634 2270 Χριστοῦ,
1662 2202 1715 2252 δι’
1745 2202 1798 2252 οὗ
1824 2202 1900 2251 καὶ

281 2322 302 2348 0
322 2299 426 2361 μεθ’
456 2297 509 2348 οὗ
535 2301 601 2366 τῷ
626 2299 733 2364 Θεῷ
760 2296 834 2345 καὶ
862 2294 1016 2358 Πατρὶ
1048 2292 1075 2356 ἡ
1102 2289 1232 2359 δόξα,
1258 2288 1349 2339 σὺν
1374 2291 1440 2357 τῷ
1468 2286 1617 2355 Ἀγίω
1647 2284 1898 2347 Πνεύματι,

325 2385 406 2431 νῦν
431 2382 506 2430 καὶ
533 2380 601 2429 ἀεὶ
625 2379 700 2428 καὶ
724 2381 785 2430 εἰς
811 2373 918 2429 τοὺς
943 2378 1111 2427 αἰῶνας
1135 2376 1228 2423 τῶν
1256 2370 1448 2431 αἰώνων,
1475 2367 1643 2432 Ἀμήν.

371 2546 404 2576 4.
432 2530 548 2585 δώσω]
568 2530 662 2575 θήσω
683 2530 719 2565 F.
909 2540 940 2573 9.
969 2527 1045 2571 ἡμῖν
1062 2528 1284 2569 assumptum
1302 2535 1343 2557 ex
1363 2523 1405 2557 B.
1607 2531 1659 2554 11.
1685 2520 1738 2553 καὶ
1756 2518 1830 2552 καθ’
1851 2518 1899 2553 D.

474 2589 535 2606 ΤΟυς

325 2613 416 2648 Edd.
435 2613 487 2646 καὶ
506 2611 580 2646 καθ’
600 2611 655 2646 οὓς
674 2610 716 2644 Β.
977 2618 1027 2649 15.
1053 2608 1129 2641 τότε
1147 2606 1204 2639 alt.
1224 2616 1293 2638 om.
1316 2603 1362 2636 D.
1614 2609 1666 2644 17.
1692 2599 1745 2633 καὶ
1762 2610 1831 2632 om.
1852 2598 1898 2631 D.

324 2660 517 2704 ἀπήλλαττε
535 2659 587 2692 καὶ
604 2656 767 2702 μετετίθει
787 2656 832 2690 D.
852 2654 943 2689 Edd.
960 2653 1134 2697 ἀπήλλαξε
1153 2653 1205 2685 καὶ
1222 2649 1379 2694 μετέθετο
1398 2648 1439 2682 Β.
1458 2647 1673 2691 ἀπήλλαττεν
1690 2646 1723 2678 b.
1744 2645 1900 2679 scholion

325 2707 461 2741 finiens·
655 2716 708 2749 19.
734 2703 883 2746 ἐξείλετο
907 2702 953 2735 D.
973 2700 1063 2734 Edd.
1083 2698 1249 2744 ε’ῤῥύσατο
1269 2697 1310 2730 Β.
1533 2705 1587 2728 22.
1612 2691 1899 2735 πεπλουτήκαμεν,

326 2752 354 2800 ᾧ
370 2753 388 2797 ἡ
407 2753 489 2796 δόξα
507 2753 553 2788 εἷς
569 2751 646 2786 τοὺς
664 2751 793 2785 αἰῶνας.
813 2750 869 2782 Sic
888 2748 1014 2782 desinit
1032 2747 1077 2781 D.
1128 2745 1168 2780 δι’
1187 2745 1289 2778 αὐτοῦ
1305 2742 1344 2785 δή
1363 2743 1450 2786 φημι
1465 2740 1558 2775 Edd.
1806 2749 1859 2783 23.
1881 2738 1900 2781 ἡ

327 2806 547 2844 assumptum
566 2811 606 2833 ex
627 2798 669 2832 B.
719 2795 818 2841 δόξα]
842 2800 879 2836 -Ι-
901 2796 1019 2839 κράτος
1037 2793 1112 2837 τιμὴ
1131 2793 1183 2827 καὶ
1200 2789 1431 2835 προσκύνησις
1446 2787 1537 2821 Edd.
1587 2788 1631 2832 τῷ
1651 2797 1719 2819 om.
1742 2785 1781 2819 B.
