2053 3382
248 198 324 234 640

301 316 579 366 oppressionem
615 327 820 364 pauperum
856 317 932 352 302
957 315 1004 357 b;

301 382 494 418 avaritiam
530 381 607 418 302
636 392 679 422 c;
724 379 1005 428 oppressionem

296 448 483 495 justorum
506 447 583 482 303
603 445 650 487 b;
685 445 858 481 caninam
885 445 1005 494 impu-

301 511 464 547 dentiam
484 512 560 547 303
577 509 624 552 d;
656 510 703 546 ad
722 510 901 560 pietatem
917 510 1003 547 hor-

299 581 400 612 tatur
438 578 513 612 304
550 574 600 617 d;
649 581 688 611 et
731 575 779 611 ad
821 574 1004 624 justitiam

300 643 377 678 304
413 653 456 683 e;
505 640 553 677 ad
589 640 781 689 planctum
819 649 929 678 vocat
969 647 1007 678 et

299 705 444 747 urbem,
467 709 505 741 et
524 704 709 753 agricolas
731 707 807 742 305
826 705 865 750 b;
897 705 1004 741 Diem

298 769 465 812 Domini,
501 770 525 807 i.
543 782 575 806 e.
610 770 793 819 supplicii,
827 770 1007 818 praedicit

300 837 377 872 306
399 847 442 878 c;
476 835 608 883 impias
629 835 915 885 Hierosolymae
936 835 1007 872 fes-

298 901 465 937 tivitates
502 900 731 937 condemnat
765 903 842 938 306
877 913 919 943 e;
969 907 1007 938 et

299 965 480 1002 sacrificia
518 965 798 1014 hypocritarum
838 969 915 1003 307
955 967 978 1003 b
997 983 1004 1009 ;

298 1037 337 1067 et
374 1030 625 1067 instrumenta
661 1031 803 1068 musica
843 1034 919 1069 308
956 1045 1003 1076 a;

297 1102 336 1132 et
363 1096 548 1132 idolorum
569 1096 727 1132 Moloch
752 1102 790 1133 et
811 1097 1005 1146 Remphan

297 1161 438 1197 cultum
470 1163 547 1198 309
577 1161 624 1203 b;
661 1160 918 1199 Samaritanos
948 1175 1005 1199 re-

297 1226 509 1274 prehendit,
536 1226 726 1263 Samariae
757 1227 936 1270 fidentes;
969 1234 1006 1265 ct

296 1291 319 1327 J
326 1291 475 1337 udaeos,
492 1291 647 1328 Sionem
664 1304 768 1328 suam
786 1299 1005 1341 spernentes

300 1360 373 1393 311
399 1369 477 1402 ae3
509 1359 584 1394 314
606 1357 657 1404 b;
692 1363 729 1394 et
758 1358 828 1394 hos
857 1364 895 1394 et
923 1358 1004 1395 illos

298 1422 345 1458 de
379 1422 549 1458 terminis
580 1422 687 1471 regni
722 1429 920 1470 querentes
948 1424 1002 1459 in-

298 1486 397 1535 grati
425 1488 501 1523 312
523 1499 598 1528 ae;
630 1487 740 1523 Diem
769 1487 905 1523 malam
935 1488 1003 1524 mi-

298 1552 438 1588 nitatur
499 1552 666 1589 Sabbata
725 1552 1004 1601 negligentibus

299 1620 375 1654 314
416 1618 464 1663 b;
517 1617 729 1659 luxuriosis,
777 1623 815 1654 et
862 1619 1004 1669 patriae

297 1682 421 1718 oblitis
443 1685 519 1720 315
542 1695 586 1728 03
619 1684 695 1719 316
717 1683 765 1729 b;
806 1688 843 1719 et
877 1684 1003 1732 populi

297 1748 510 1795 pastoribus
532 1750 608 1784 316
626 1748 918 1784 d.—Invehitur
935 1748 1002 1784 Sa-

297 1813 446 1854 mariae,
473 1812 521 1848 ob
551 1812 763 1860 superbiam
792 1818 1003 1860 equestrem

299 1880 375 1914 317
397 1890 440 1924 a3
473 1884 511 1914 et
530 1878 691 1925 posteris
710 1878 842 1920 Jacob,
864 1878 912 1914 ob
932 1878 1004 1914 fas-

296 1948 390 1984 tum,
434 1942 516 1978 Deo
563 1942 819 1979 abominatum
860 1945 936 1979 317
970 1956 1002 1979 e.

297 2007 500 2043 Civitatem
512 2012 631 2043 totam
645 2006 884 2043 auferendam
898 2020 1004 2056 prae-

297 2072 387 2109 dicit
404 2074 479 2109 318
497 2073 541 2119 (13
571 2072 815 2122 Ephraimitis
836 2072 1003 2122 increpat

296 2137 450 2185 impium
472 2137 596 2173 Divini
618 2138 794 2174 Nominis
815 2138 1002 2174 silentium

297 2205 374 2239 319
396 2214 442 2248 03
481 2202 613 2239 iisdem
644 2203 841 2239 denuntiat
870 2202 1003 2239 domus

296 2280 384 2303 suae
405 2267 696 2304 confractionem
716 2270 793 2304 320
810 2280 852 2310 e;
883 2268 907 2304 J
911 2268 1003 2304 udae

296 2331 430 2367 domus
459 2337 652 2380 rupturam
685 2334 758 2369 321
785 2344 831 2378 a3
871 2333 1001 2369 ambo-

295 2408 378 2432 rum
406 2396 534 2445 fugam
555 2395 721 2445 Assyriis
745 2397 999 2445 persequenti-

297 2460 378 2503 bus,
400 2461 580 2509 praedicit
601 2463 674 2499 321
694 2462 740 2508 b3
772 2462 861 2498 item
882 2461 999 2511 Assy-

296 2526 371 2561 rios
387 2527 516 2563 Nilum
533 2532 570 2563 et
584 2527 748 2563 Aemath
769 2527 1002 2575 subjecturos

295 2603 377 2627 esse
411 2593 487 2628 322
519 2604 566 2638 a‚·
610 2593 752 2640 Regem
789 2592 889 2640 Gog,
925 2593 1002 2630 sive

296 2654 536 2701 senacherib,
574 2655 776 2692 irruentem
825 2656 1002 2693 describit

297 2722 374 2757 323
389 2733 428 2766 a3
456 2720 578 2757 Deum
594 2721 728 2769 ipsum,
741 2722 820 2770 jam
838 2721 1001 2758 ulturum

297 2784 397 2821 videt
414 2787 490 2822 325
505 2798 545 2832 a3
577 2786 614 2821 in
634 2786 852 2823 idololatras
872 2799 1002 2823 omnes

297 2849 496 2891 invehitur,
556 2851 625 2887 sub
681 2851 833 2887 nomine
892 2851 999 2888 Beel-

297 2913 441 2961 phegor
463 2915 539 2951 326
561 2928 606 2961 a3
642 2928 663 2952 a
691 2915 785 2952 falso
815 2915 1002 2963 Propheta

297 2975 449 3015 Amasin
469 2984 662 3016 accusatus
686 2981 761 3017 326
783 2980 824 3025 dg
857 2983 933 3018 327
955 2980 1000 3028 1)3

782 194 996 231 INDEX
1055 194 1303 231 RERUM.

1719 207 1836 232 Amos.

1132 315 1325 353 “videre''
1374 318 1514 366 jussus,
1567 315 1837 353 contumeliose

1133 382 1209 418 327
1224 394 1264 427 e3
1289 383 1364 419 328
1383 394 1422 429 e3
1453 388 1490 418 et
1507 380 1686 418 ‘'vivere''
1706 382 1781 417 328
1797 393 1836 425 e;

1130 446 1186 481 vir
1223 446 1416 488 honestus,
1455 453 1494 483 et
1531 446 1612 482 Deo
1660 445 1838 482 obediens

1131 513 1208 548 329
1230 524 1252 547 a
1265 524 1276 558 3
1315 511 1504 560 caprarius
1524 511 1696 559 simplex,
1719 509 1834 560 Syca-

1131 576 1224 612 mori
1278 576 1403 613 fructu
1453 576 1614 613 nutritus
1663 578 1740 613 329
1789 588 1809 612 c
1825 589 1835 621 3

1129 640 1305 677 Amasiae
1318 641 1521 690 respondet
1533 641 1680 678 fortiter
1688 640 1834 686 329de;

1130 706 1377 742 revelationes
1390 706 1458 742 Dei
1471 719 1538 754 per
1550 705 1658 755 signa
1673 705 1837 755 agrestia

1129 771 1295 821 explicat
1329 774 1406 809 330
1437 771 1487 818 d3
1526 771 1654 820 templi
1690 771 1834 807 desola-

1130 835 1270 872 tionem
1305 836 1487 884 praedicit
1517 839 1590 873 331
1622 849 1670 884 a;
1707 848 1833 886 repre-

1130 901 1261 938 hendit
1315 901 1567 938 Sabbatorum
1620 901 1835 950 neglectum

1131 969 1204 1004 331
1231 967 1275 1013 d;
1306 973 1344 1004 et
1364 967 1555 1004 Sabbatici
1582 967 1668 1003 anni
1691 969 1767 1004 333
1788 966 1834 1013 b;

1129 1032 1218 1068 item
1246 1032 1439 1068 avaritiam
1466 1038 1504 1068 et
1530 1032 1680 1068 fraudes
1705 1031 1833 1068 foene-

1129 1104 1294 1135 ratorum
1335 1100 1411 1135 333
1443 1098 1488 1143 d;
1532 1097 1709 1135 describit
1746 1097 1835 1134 solis

1128 1164 1428 1200 obscurationem
1447 1165 1523 1201 336
1538 1176 1579 1209 a;
1607 1164 1696 1200 item
1709 1163 1837 1212 populi

1128 1228 1269 1264 luctum
1297 1234 1334 1264 et
1361 1229 1550 1265 calvitium
1573 1230 1649 1265 336
1671 1228 1715 1273 b;
1746 1240 1833 1275 pro·

1129 1293 1314 1342 digioruin
1324 1293 1588 1330 Crucifixionis
1600 1300 1710 1342 typos
1719 1293 1835 1339 337d;

1127 1359 1230 1394 verbi
1244 1358 1370 1395 Divini
1383 1359 1519 1395 samem
1534 1358 1713 1407 praedicit
1723 1360 1833 1404 338c;

1128 1423 1408 1460 idololatrarum
1458 1424 1646 1460 Samariae
1693 1422 1831 1471 suppli-

1127 1489 1223 1524 cium
1254 1492 1328 1526 339
1350 1489 1395 1535 b;
1435 1489 1639 1525 Dominum
1670 1494 1831 1524 stantem

1128 1566 1239 1601 super
1258 1554 1374 1590 altare
1391 1554 1491 1590 videt
1509 1556 1581 1590 341
1600 1554 1645 1598 b;
1677 1553 1831 1589 exitium

1126 1619 1268 1666 templo
1297 1625 1333 1655 et
1361 1619 1617 1655 sacerdotibus
1643 1618 1832 1654 illaturum

1128 1685 1204 1720 342
1241 1684 1284 1729 b3
1329 1684 1508 1732 effugium
1547 1683 1709 1719 declarat
1744 1695 1833 1718 nus-

1127 1761 1237 1797 quam
1258 1748 1337 1784 fore
1358 1761 1379 1784 a
1397 1749 1522 1784 furore
1542 1748 1678 1784 Divino
1696 1750 1772 1784 343
1789 1760 1831 1793 a;

1127 1826 1169 1849 ex
1188 1813 1369 1849 charitate
1383 1826 1460 1854 sua,
1476 1813 1706 1861 argumentis
1718 1813 1832 1850 fidem

1127 1878 1356 1914 audientium
1415 1878 1612 1914 confirmat
1666 1881 1741 1915 344
1786 1891 1831 1923 a;

1128 1945 1205 1980 345
1227 1956 1268 1988 a;
1300 1943 1516 1991 resipiscere
1537 1943 1706 1979 volentes
1734 1955 1831 1979 sem-

1126 2020 1192 2056 per
1222 2008 1418 2044 miseratur
1452 2011 1527 2045 344
1560 2008 1604 2053 b;
1644 2008 1713 2044 sibi
1749 2021 1833 2058 pro-

1127 2073 1289 2122 positum
1329 2073 1442 2110 habet
1477 2073 1665 2109 deterrere
1699 2073 1830 2114 malos,

1122 2139 1246 2186 justos
1271 2139 1496 2186 persuadere
1525 2141 1601 2175 345
1623 2151 1664 2184 e;
1695 2140 1831 2175 Ascen-

1126 2203 1268 2239 sionem
1299 2203 1449 2239 Domini
1480 2203 1658 2251 praedicit
1689 2206 1765 2240 346
1787 2216 1830 2249 a;

1126 2267 1215 2304 item
1237 2268 1476 2315 rejectionem
1497 2268 1657 2309 Israelis,
1674 2274 1710 2305 et
1728 2268 1829 2305 Gen-

1125 2333 1218 2369 tium
1255 2332 1488 2368 vocationem
1530 2335 1606 2369 347
1641 2345 1686 2378 c;
1734 2346 1830 2370 non-

1125 2397 1248 2434 nullos
1285 2403 1411 2433 tamen
1460 2397 1610 2434 relictos
1652 2397 1695 2433 iri
1733 2398 1828 2434 affir-

1126 2469 1202 2499 mat
1232 2465 1307 2499 348
1339 2475 1383 2507 e;
1432 2468 1469 2499 et
1510 2463 1663 2498 Davidis
1705 2463 1828 2499 taber-

1125 2527 1297 2563 naculum
1336 2533 1555 2563 renovatum
1593 2527 1637 2563 iri
1677 2530 1753 2564 349
1786 2540 1829 2574 e;

1125 2592 1283 2640 denique
1298 2591 1440 2628 Christi
1455 2592 1684 2639 triumphum
1700 2595 1776 2629 350
1790 2606 1827 2638 e;

1124 2657 1313 2693 Ecclesiae
1373 2669 1503 2704 pacem
1560 2658 1632 2693 351
1681 2656 1729 2701 b;
1791 2666 1829 2694 et

1126 2722 1278 2758 Gratiae
1330 2721 1595 2758 abundantiam
1649 2721 1828 2769 praedicit

1125 2789 1200 2824 352
1222 2799 1288 2823 ae.

1072 2851 1409 2893 Anameel,nomen
1423 2849 1534 2887 turris
1544 2849 1827 2898 Hierosolymae

1126 2918 1201 2953 804
1224 2928 1254 2952 e.

1072 2980 1236 3017 Ananias
1250 2979 1461 3028 Discipulus
1476 2978 1626 3020 Christi,
1641 2979 1688 3014 ob
1704 2979 1826 3021 fidem,
