2007 3366
304 159 360 199 88
695 162 746 203 Β.
786 162 1065 203 CYRILLI
1108 161 1490 202 ALEXANDR.
1673 160 1700 200 i.
1723 173 1785 215 13,
1813 172 1876 210 14.

303 268 469 320 τούτου
505 272 670 338 φησὶν,
697 270 767 321 ὅτι
801 269 866 334 μὴ
905 270 1024 320 κατὰ
1062 268 1208 324 πόδας
1246 269 1378 325 εὐθὺς
1416 274 1509 323 τοῖς
1543 272 1881 332 πλημμελοῦσι

85 360 172 395 530
189 359 238 394 A·
265 351 358 403 arb
397 353 680 419 κολάζεσθαι
722 356 815 403 δεῖν
859 354 1118 414 ἀκολουθεῖ,
1163 352 1457 420 κεχωρήκασι
1498 350 1546 403 δὲ
1588 355 1777 414 μᾶλλον
1819 351 1882 403 εἰς

304 435 574 499 ἀνάβλησιν
618 438 659 485 οἱ
698 436 847 497 θυμοὶ,
888 433 1105 502 ταύτῃτοι
1143 434 1442 485 κατώλισθον
1482 436 1524 484 οἱ
1567 434 1640 484 ἐπὶ
1677 434 1759 495 τῆς
1795 433 1882 496 γῆς

308 521 371 570 εἷς
415 517 469 567 τὸ
519 516 833 576 βουλεύεσθαι
883 515 1063 579 λοιπὸν,
1115 519 1189 567 καὶ
1237 516 1293 580 δὴ
1341 517 1418 567 καὶ
1471 519 1713 583 ἐπιχειρεῖν
1764 512 1883 565 κατὰ

304 597 387 650 τὸν
427 598 534 650 ἴσον
585 597 736 662 ἰχθύσι
786 597 961 665 τρόπον
1005 601 1079 650 καὶ
1128 597 1235 652 τοὺς
1277 598 1641 663 ἀσθενεστέρους
1685 595 1876 648 κατανέ-
1902 615 1924 654 5

304 685 491 744 μεσθαι,
542 683 616 731 καὶ
673 679 771 732 οἷον
829 680 1072 745 ἀλλήλους
1122 682 1424 749 καταῤῥοφᾶν
1474 679 1631 750 ἀθύρῳ
1693 702 1743 730 τε
1807 679 1883 729 καὶ

305 762 542 832 ἀπλήστῳ
575 762 794 826 στόματι·
837 762 1055 829 σκληρὰν
1090 763 1137 814 δὲ
1173 765 1294 814 οὕτω
1331 765 1406 813 καὶ
1442 762 1635 827 ἄμικτον
1666 764 1741 812 καὶ
1772 783 1884 828 τρα-

305 850 432 912 χεῖαν
458 843 577 910 ζωὴν
607 845 900 910 ἐπιτηδεύειν,
928 848 989 899 ὡς
1024 845 1205 915 ἑρπετῶν
1243 850 1336 896 τῶν
1375 847 1423 896 ἐν
1460 845 1591 912 ὄρεσι
1629 847 1705 895 καὶ
1742 848 1885 912 χειαῖς

306 928 448 992 ὀλίγα
489 930 744 993 διενεγκεῖν,
791 928 821 978 ἂ
860 927 934 979 διὰ
978 926 1168 992 πολλὴν
1212 927 1466 994 ἀγριότητα
1505 929 1580 978 καὶ
1618 925 1886 993 ὑπερβολὴν

306 1010 490 1075 πικρίας
539 1009 745 1060 ἀτίθασά
794 1033 843 1061 τε
893 1012 995 1061 ἐστὶ
1041 1013 1115 1060 καὶ
1165 1010 1248 1064 τὰς
1289 1014 1383 1060 τῶν
1423 1010 1589 1076 ἑτέρων
1634 1008 1761 1078 ζῴων
1803 1009 1886 1059 οὐκ

261 1098 288 1138 b
308 1093 605 1155 ἀπομιμεῖται
632 1092 814 1161 φύσεις,
843 1092 872 1144 ἂ
902 1095 976 1143 καὶ
1011 1091 1243 1158 ἀγεληδὸν
1275 1092 1378 1143 ἔσθ’
1408 1092 1483 1143 ὅτε
1516 1094 1590 1143 καὶ
1625 1092 1701 1160 ὑφ’
1730 1093 1794 1142 ἑνὶ
1819 1091 1886 1159 τῷ

307 1176 562 1242 προῦχοντι
610 1176 686 1226 καὶ
748 1178 831 1239 τῆς
888 1173 1066 1239 ἀγέλης
1122 1175 1497 1245 προβεβλημένη)
1559 1179 1753 1226 ποιεῖται
1803 1173 1887 1228 τὰς

309 1256 467 1320 νομὰς,
512 1259 674 1323 ὁρᾶται
719 1257 766 1309 δὲ
810 1257 972 1323 ὥσπερ
1015 1259 1089 1307 καὶ
1140 1257 1544 1324 στρατηγούμενα.
1611 1258 1796 1321 ἄμικτοι
1839 1256 1887 1308 δὲ

309 1342 385 1390 καὶ
417 1343 459 1390 οἱ
488 1339 798 1403 Βαβυλώνιοι,
825 1342 899 1391 καὶ
933 1344 1027 1393 τοῖς
1062 1339 1228 1393 ἄλλοις
1260 1340 1521 1406 ἀπρόσιτοι,
1546 1340 1705 1407 πικροί
1733 1363 1781 1391 τε
1812 1342 1888 1391 καὶ

310 1420 493 1483 ἱοβόλοι
533 1424 607 1472 καὶ
643 1422 841 1488 ὀλέθρου
879 1424 1046 1485 μεστοὶ
1084 1424 1160 1472 καὶ
1199 1420 1374 1490 χανδὸν
1414 1425 1743 1476 καταπίνοντες
1779 1421 1888 1477 τοὺς

308 1505 689 1570 ἀσθενεστέρους.

384 1588 488 1638 Οὐκ
523 1587 750 1638 ἀπίθανον
785 1586 832 1638 δὲ
867 1586 951 1650 τὴν
978 1586 1140 1655 φωνὴν
1174 1592 1255 1637 τοῦ
1284 1586 1543 1655 Προφήτου
1573 1586 1692 1638 κατά
1725 1609 1775 1637 τε
1807 1592 1889 1638 τοῦ

310 1669 538 1730 διαβόλου
581 1673 656 1720 καὶ
702 1673 795 1720 τῶν
836 1668 927 1720 συν
971 1670 1095 1738 αὐτῷ
1141 1669 1379 1731 δυνάμεων
1415 1674 1633 1735 πονηρῶν
1671 1668 1890 1734 γενέσθαι

313 1755 478 1802 δοκεῖν.
533 1754 867 1821 καταφρονηταὶ
892 1750 985 1818 γὰρ
1011 1751 1154 1805 ὅντως
1181 1753 1351 1813 ἐκεῖνοι,
1369 1751 1450 1802 τὸν
1475 1751 1559 1816 μὲν
1585 1756 1708 1803 θεῖον
1734 1751 1891 1820 φόβον

275 1833 587 1900 Οὸλοτρόπως
614 1834 952 1896 ἀποσειόμενοι,
980 1833 1279 1901 φαυλότητος
1313 1833 1361 1885 δὲ
1396 1833 1584 1898 ἀπάσης
1620 1837 1695 1885 καὶ
1732 1833 1890 1898 μέντοι

313 1918 387 1966 καὶ
426 1915 704 1980 σκαιότητος
736 1920 797 1970 εἷς
832 1914 957 1966 ἅπαν
996 1916 1183 1980 ἥκοντες
1221 1917 1402 1982 μέτρον,
1434 1917 1580 1967 καίτοι
1617 1916 1744 1968 πολὺ
1782 1917 1892 1967 λίαν

313 1999 694 2067 ἀνεξικακοῦντος
729 2002 870 2049 Θεοῦ.
938 1997 1092 2062 ἐπειδὴ
1131 1997 1179 2048 δὲ
1215 1996 1349 2067 ἅπαξ
1383 1997 1643 2064 γεγόναμεν
1669 1999 1743 2050 ὑπ’
1772 1999 1888 2050 ἐκεί-

313 2103 426 2143 νοις,
462 2080 707 2145 ἀλλήλους
745 2085 787 2131 οὶ
823 2080 1013 2131 δείλαιοι
1048 2079 1428 2145 κατεδηδόκαμεν.
1493 2082 1546 2132 οὐ
1583 2080 1676 2147 γὰρ
1714 2079 1772 2144 ἧν
1808 2082 1891 2144 τῆς

311 2163 492 2228 εἰρήνης
531 2164 555 2213 ὁ
589 2162 866 2229 βραβευτὴς,
899 2163 1127 2231 ἡγούμενος
1160 2165 1231 2230 ἐφ’
1261 2163 1394 2227 ἡμᾶς,
1426 2162 1639 2214 τουτέστι
1664 2161 1890 2229 Χριστὸς,

312 2246 336 2295 ὁ
364 2248 450 2311 γῆς
487 2268 536 2296 τε
573 2247 649 2296 καὶ
687 2247 882 2311 οὐρανοῦ
922 2248 997 2296 καὶ
1031 2245 1221 2296 πάντων
1253 2246 1503 2309 δεσπότης·
1566 2244 1783 2313 ταύτῃτοι
1813 2267 1891 2310 γε-

311 2326 514 2393 γόναμεν
554 2331 611 2383 ὡς
651 2327 807 2391 ἰχθύες,
846 2328 1141 2394 ἀλογώτατοι
1178 2328 1262 2393 μὲν
1300 2330 1375 2379 καὶ
1413 2328 1592 2396 ἄφωνοι
1628 2331 1888 2381 παντελῶς.

363 2508 392 2531 1.
418 2497 596 2532 ἀκολουθεῖ
613 2503 692 2532 ante
709 2500 779 2534 τοῖς
795 2500 856 2532 πλ.
875 2504 919 2532 tr.
940 2498 985 2533 D.
1190 2510 1223 2544 3.
1249 2498 1435 2542 ἀνάκλησιν
1454 2496 1544 2531 Edd.
1749 2509 1783 2540 4.
1808 2498 1891 2537 βου-

311 2544 472 2578 λεὺεσθαι
492 2545 537 2578 l).
554 2544 744 2585 βούλεσθαι
765 2545 808 2579 Β.
824 2544 1090 2589 προσβαλέσθαι
1109 2545 1168 2579 iid.
1434 2554 1466 2589 5.
1492 2546 1550 2578 τὸν
1566 2543 1643 2578 ἴσον
1660 2543 1681 2578 ἶ.
1700 2546 1826 2588 τρόπον
1844 2544 1891 2578 D.

315 2590 405 2624 Edd.
424 2593 461 2625 τὸ
478 2590 555 2626 ἴσον
573 2591 689 2637 ἰχθύσι
710 2592 751 2626 Β.
817 2593 870 2625 καὶ
887 2599 1107 2637 assumptum
1126 2604 1167 2626 ex
1184 2592 1229 2626 D.
1295 2591 1538 2635 κατανέμεσθαι
1554 2591 1631 2626 τοὺς
1655 2590 1735 2625 ἀσθ.
1754 2591 1892 2626 inverso

312 2637 433 2672 ordine
453 2639 498 2672 D.
739 2638 772 2673 6.
800 2638 1036 2684 κιιτιιῤῥοφᾶν]
1057 2638 1282 2684 κιιταῤῥοφεῖν
1298 2638 1358 2672 iid.
1606 2646 1637 2682 7.
1664 2638 1716 2671 καὶ
1733 2639 1893 2683 τραχεῖαν

313 2702 535 2740 assumptum
554 2709 594 2730 ex
615 2697 662 2731 D.
1029 2697 1062 2731 8.
1089 2697 1217 2740 ἐπιτηδ.
1237 2698 1265 2739 ζ.
1283 2697 1352 2730 inv,
1371 2694 1446 2729 ord.
1467 2695 1512 2729 D.
1577 2697 1684 2740 χειαῖς
1703 2695 1795 2730 Β.Ι).
1813 2685 1892 2740 χεῖ*

314 2741 407 2775 Edd.
654 2756 687 2787 9.
713 2742 733 2777 ἃ
751 2742 1002 2788 διὰ-πικρίας]
1022 2744 1075 2777 διὰ
1092 2744 1226 2787 πολλὴν
1242 2744 1319 2788 ιίγρ.
1337 2743 1421 2786 ὅπερ
1442 2742 1487 2776 D.
1739 2753 1792 2776 12.
1817 2756 1892 2776 ποι-

314 2789 426 2820 οῦνται
444 2788 503 2831 τὴν
521 2791 622 2834 νομὴν
641 2790 687 2825 D.
905 2802 958 2833 14.
983 2791 1064 2835 ἀπρ.
1082 2793 1152 2826 τοῖς
1168 2791 1200 2824 ἅ.
1219 2790 1290 2824 inv.
1308 2789 1429 2824 ordine
1448 2789 1494 2823 D.
1705 2799 1758 2833 17.
1776 2789 1894 2834 φωνὴν

315 2840 394 2876 post
411 2837 518 2879 προφ.
538 2844 580 2870 tr.
602 2838 648 2872 D.
936 2838 988 2871 18.
1005 2841 1160 2881 πονηρῶν
1177 2849 1246 2871 om.
1267 2837 1313 2871 D.
1604 2846 1655 2879 19-
1681 2836 1797 2879 φόβον
1813 2842 1894 2880 post

314 2879 419 2913 ἀποσ.
438 2887 480 2915 tr.
501 2883 546 2916 l).
785 2895 838 2918 20.
864 2885 1077 2928 φαυλότατοι
1095 2883 1187 2918 Edd.
1424 2893 1479 2916 21.
1505 2882 1551 2917 εἷς
1567 2882 1655 2915 ἅπαν
1671 2890 1893 2927 assumptum

315 2938 356 2959 ex
378 2926 469 2960 B.D.
688 2941 741 2975 23.
768 2931 1042 2976 κατεδηδόκειμεν
1061 2931 1106 2965 D.
1328 2931 1453 2974 23-26.
1480 2930 1738 2965 οὐ--παντελῶς
1756 2941 1824 2963 om.
1846 2929 1892 2963 D.

319 2982 373 3017 25.
399 2974 552 3008 ἁπάντων
571 2975 660 3010 Edd.

1908 1038 1956 1063 10

1911 1855 1960 1881 20

1912 2265 1960 2302 25
