<?xml version="1.0" encoding="UTF-8"?>
<!DOCTYPE html PUBLIC "-//W3C//DTD XHTML 1.0 Transitional//EN"
    "http://www.w3.org/TR/xhtml1/DTD/xhtml1-transitional.dtd">
<html xmlns="http://www.w3.org/1999/xhtml" xml:lang="en" lang="en">
 <head>
  <title>
</title>
<meta http-equiv="Content-Type" content="text/html;charset=utf-8" />
  <meta name='ocr-system' content='tesseract 3.04.00' />
  <meta name='ocr-capabilities' content='ocr_page ocr_carea ocr_par ocr_line ocrx_word'/>
</head>
<body>
  <div class='ocr_page' id='page_1' title='image "./operacyrilli02cyriuoft/operacyrilli02cyriuoft_0358.png"; bbox 0 0 2053 3382; ppageno 0'>
   <div class='ocr_carea' id='block_1_1' title="bbox 109 478 264 513">
    <p class='ocr_par' dir='ltr' id='par_1_1' title="bbox 109 478 264 513">
     <span class='ocr_line' id='line_1_1' title="bbox 109 478 264 513; baseline 0.006 -1"><span class='ocrx_word' id='word_1_1' title='bbox 109 479 196 512; x_wconf 88' lang='grc'>696</span> <span class='ocrx_word' id='word_1_2' title='bbox 214 478 264 513; x_wconf 86' lang='grc' dir='ltr'><strong>Α.</strong></span> 
     </span>
    </p>
   </div>
   <div class='ocr_carea' id='block_1_2' title="bbox 107 643 259 771">
    <p class='ocr_par' dir='ltr' id='par_1_2' title="bbox 107 643 259 771">
     <span class='ocr_line' id='line_1_2' title="bbox 107 643 239 681; baseline 0 -8"><span class='ocrx_word' id='word_1_3' title='bbox 107 653 126 681; x_wconf 77' lang='lat'><em>3</em></span> <span class='ocrx_word' id='word_1_4' title='bbox 145 643 239 673; x_wconf 77' lang='lat' dir='ltr'><strong>Esdr.</strong></span> 
     </span>
     <span class='ocr_line' id='line_1_3' title="bbox 109 687 259 718; baseline 0.013 -2"><span class='ocrx_word' id='word_1_5' title='bbox 109 687 175 718; x_wconf 82' lang='lat' dir='ltr'><strong>viii.</strong></span> <span class='ocrx_word' id='word_1_6' title='bbox 196 688 259 717; x_wconf 83' lang='lat'>88-</span> 
     </span>
     <span class='ocr_line' id='line_1_4' title="bbox 110 739 161 771; baseline 0.039 -12"><span class='ocrx_word' id='word_1_7' title='bbox 110 739 161 771; x_wconf 88' lang='lat'>92.</span> 
     </span>
    </p>
   </div>
   <div class='ocr_carea' id='block_1_3' title="bbox 331 196 1900 241">
    <p class='ocr_par' dir='ltr' id='par_1_3' title="bbox 331 196 1900 241">
     <span class='ocr_line' id='line_1_5' title="bbox 331 196 1900 241; baseline -0.005 -2"><span class='ocrx_word' id='word_1_8' title='bbox 331 200 415 239; x_wconf 84' lang='lat'>350</span> <span class='ocrx_word' id='word_1_9' title='bbox 723 202 770 239; x_wconf 90' lang='lat' dir='ltr'>B.</span> <span class='ocrx_word' id='word_1_10' title='bbox 817 198 1092 239; x_wconf 83' lang='lat' dir='ltr'><strong>CYRILLI</strong></span> <span class='ocrx_word' id='word_1_11' title='bbox 1146 196 1526 236; x_wconf 79' lang='lat' dir='ltr'><strong>ALEXANDR.</strong></span> <span class='ocrx_word' id='word_1_12' title='bbox 1750 206 1900 241; x_wconf 54' lang='grc' dir='ltr'>και-4.</span> 
     </span>
    </p>
   </div>
   <div class='ocr_carea' id='block_1_4' title="bbox 291 301 1907 622">
    <p class='ocr_par' dir='ltr' id='par_1_4' title="bbox 291 301 1907 622">
     <span class='ocr_line' id='line_1_6' title="bbox 328 301 1905 376; baseline -0.006 -17"><span class='ocrx_word' id='word_1_13' title='bbox 328 309 618 376; x_wconf 79' lang='grc' dir='ltr'>ἐνισχημένοι</span> <span class='ocrx_word' id='word_1_14' title='bbox 655 310 967 371; x_wconf 83' lang='grc' dir='ltr'>πταίσμασιν,</span> <span class='ocrx_word' id='word_1_15' title='bbox 1003 307 1056 357; x_wconf 75' lang='grc' dir='ltr'>οὗ</span> <span class='ocrx_word' id='word_1_16' title='bbox 1095 306 1151 371; x_wconf 85' lang='grc' dir='ltr'>δὴ</span> <span class='ocrx_word' id='word_1_17' title='bbox 1190 305 1437 372; x_wconf 80' lang='grc' dir='ltr'>γεγονότος</span> <span class='ocrx_word' id='word_1_18' title='bbox 1469 302 1735 367; x_wconf 82' lang='grc' dir='ltr'>κατεθρήνει</span> <span class='ocrx_word' id='word_1_19' title='bbox 1766 301 1848 364; x_wconf 80' lang='grc' dir='ltr'>μὲν</span> <span class='ocrx_word' id='word_1_20' title='bbox 1881 302 1905 349; x_wconf 84' lang='grc' dir='ltr'><strong>ὁ</strong></span> 
     </span>
     <span class='ocr_line' id='line_1_7' title="bbox 321 381 1906 456; baseline -0.007 -15"><span class='ocrx_word' id='word_1_21' title='bbox 321 388 553 456; x_wconf 77' lang='grc' dir='ltr'>’Έσδρας,</span> <span class='ocrx_word' id='word_1_22' title='bbox 589 392 663 440; x_wconf 82' lang='grc' dir='ltr'>καὶ</span> <span class='ocrx_word' id='word_1_23' title='bbox 701 389 757 453; x_wconf 81' lang='grc' dir='ltr'>δὴ</span> <span class='ocrx_word' id='word_1_24' title='bbox 797 391 872 439; x_wconf 77' lang='grc' dir='ltr'>καὶ</span> <span class='ocrx_word' id='word_1_25' title='bbox 910 389 991 439; x_wconf 81' lang='grc' dir='ltr'>τὸν</span> <span class='ocrx_word' id='word_1_26' title='bbox 1025 392 1148 439; x_wconf 79' lang='grc' dir='ltr'>θεῖον</span> <span class='ocrx_word' id='word_1_27' title='bbox 1182 386 1308 438; x_wconf 78' lang='grc' dir='ltr'>οἶκον</span> <span class='ocrx_word' id='word_1_28' title='bbox 1343 384 1642 446; x_wconf 80' lang='grc' dir='ltr'>καταλαβὼν,</span> <span class='ocrx_word' id='word_1_29' title='bbox 1675 382 1754 436; x_wconf 79' lang='grc' dir='ltr'>τὰς</span> <span class='ocrx_word' id='word_1_30' title='bbox 1795 381 1906 446; x_wconf 80' lang='grc' dir='ltr'>ὑπέρ</span> 
     </span>
     <span class='ocr_line' id='line_1_8' title="bbox 291 467 1907 537; baseline -0.006 -14"><span class='ocrx_word' id='word_1_31' title='bbox 291 489 385 537; x_wconf 62' lang='grc' dir='ltr'>ξιγε</span> <span class='ocrx_word' id='word_1_32' title='bbox 425 477 517 522; x_wconf 90' lang='grc' dir='ltr'>τῶν</span> <span class='ocrx_word' id='word_1_33' title='bbox 556 469 860 535; x_wconf 81' lang='grc' dir='ltr'>ἠσεβηκότων</span> <span class='ocrx_word' id='word_1_34' title='bbox 891 472 1085 522; x_wconf 79' lang='grc' dir='ltr'>ἐποιεῖτο</span> <span class='ocrx_word' id='word_1_35' title='bbox 1123 468 1273 523; x_wconf 78' lang='grc' dir='ltr'>λιτάς.</span> <span class='ocrx_word' id='word_1_36' title='bbox 1341 467 1438 519; x_wconf 80' lang='grc' dir='ltr'>εἶτα</span> <span class='ocrx_word' id='word_1_37' title='bbox 1468 469 1516 518; x_wconf 88' lang='grc' dir='ltr'>τί</span> <span class='ocrx_word' id='word_1_38' title='bbox 1544 467 1761 532; x_wconf 78' lang='grc' dir='ltr'>γενέσθαι</span> <span class='ocrx_word' id='word_1_39' title='bbox 1786 487 1907 526; x_wconf 91' lang='grc' dir='ltr'>συμ-</span> 
     </span>
     <span class='ocr_line' id='line_1_9' title="bbox 330 546 1902 622; baseline -0.006 -19"><span class='ocrx_word' id='word_1_40' title='bbox 330 554 543 617; x_wconf 73' lang='grc' dir='ltr'>βέβηκεν,</span> <span class='ocrx_word' id='word_1_41' title='bbox 569 553 626 622; x_wconf 73' lang='grc' dir='ltr'>ἐξ</span> <span class='ocrx_word' id='word_1_42' title='bbox 658 554 810 603; x_wconf 81' lang='grc' dir='ltr'>αὐτῶν</span> <span class='ocrx_word' id='word_1_43' title='bbox 845 552 1068 616; x_wconf 77' lang='grc' dir='ltr'>εἰσόμεθα</span> <span class='ocrx_word' id='word_1_44' title='bbox 1106 557 1200 602; x_wconf 86' lang='grc' dir='ltr'>τῶν</span> <span class='ocrx_word' id='word_1_45' title='bbox 1237 553 1344 618; x_wconf 91' lang='grc' dir='ltr'>παρ’</span> <span class='ocrx_word' id='word_1_46' title='bbox 1377 552 1518 601; x_wconf 82' lang='grc' dir='ltr'>αὐτοῦ</span> <span class='ocrx_word' id='word_1_47' title='bbox 1554 546 1902 615; x_wconf 77' lang='grc' dir='ltr'>γεγραμμένων.</span> 
     </span>
    </p>
   </div>
   <div class='ocr_carea' id='block_1_5' title="bbox 332 631 1948 702">
    <p class='ocr_par' dir='ltr' id='par_1_5' title="bbox 332 631 1948 702">
     <span class='ocr_line' id='line_1_10' title="bbox 332 631 1948 702; baseline -0.004 -18"><span class='ocrx_word' id='word_1_48' title='bbox 332 635 422 702; x_wconf 74' lang='grc' dir='ltr'>ἔχει</span> <span class='ocrx_word' id='word_1_49' title='bbox 457 634 504 685; x_wconf 76' lang='grc' dir='ltr'>δὲ</span> <span class='ocrx_word' id='word_1_50' title='bbox 542 637 662 686; x_wconf 72' lang='grc' dir='ltr'>οὕτω</span> <span class='ocrx_word' id='word_1_51' title='bbox 689 642 715 664; x_wconf 86' lang='grc'><strong>“</strong></span> <span class='ocrx_word' id='word_1_52' title='bbox 736 637 829 685; x_wconf 80' lang='grc' dir='ltr'>Καὶ</span> <span class='ocrx_word' id='word_1_53' title='bbox 861 634 936 686; x_wconf 81' lang='grc' dir='ltr'>ὅτε</span> <span class='ocrx_word' id='word_1_54' title='bbox 974 632 1350 701; x_wconf 78' lang='grc' dir='ltr'>προσευχόμενος</span> <span class='ocrx_word' id='word_1_55' title='bbox 1375 631 1592 698; x_wconf 76' lang='grc' dir='ltr'>’Έσδρας</span> <span class='ocrx_word' id='word_1_56' title='bbox 1626 633 1902 691; x_wconf 86' lang='grc' dir='ltr'>ἀνθωμολο-</span> <span class='ocrx_word' id='word_1_57' title='bbox 1927 643 1948 678; x_wconf 90' lang='grc'>5</span> 
     </span>
    </p>
   </div>
   <div class='ocr_carea' id='block_1_6' title="bbox 288 712 1912 2297">
    <p class='ocr_par' dir='ltr' id='par_1_6' title="bbox 288 712 1912 2265">
     <span class='ocr_line' id='line_1_11' title="bbox 332 712 1901 784; baseline -0.005 -16"><span class='ocrx_word' id='word_1_58' title='bbox 332 724 359 746; x_wconf 81' lang='grc'><strong>“</strong></span> <span class='ocrx_word' id='word_1_59' title='bbox 385 722 526 783; x_wconf 81' lang='grc' dir='ltr'>γεῖτο,</span> <span class='ocrx_word' id='word_1_60' title='bbox 562 719 737 768; x_wconf 84' lang='grc' dir='ltr'>κλαίων</span> <span class='ocrx_word' id='word_1_61' title='bbox 771 720 845 768; x_wconf 78' lang='grc' dir='ltr'>καὶ</span> <span class='ocrx_word' id='word_1_62' title='bbox 884 716 1173 784; x_wconf 75' lang='grc' dir='ltr'>χαμαιπετὴς</span> <span class='ocrx_word' id='word_1_63' title='bbox 1212 715 1478 782; x_wconf 78' lang='grc' dir='ltr'>ε”μπροσθεν</span> <span class='ocrx_word' id='word_1_64' title='bbox 1512 719 1593 764; x_wconf 83' lang='grc' dir='ltr'>τοῦ</span> <span class='ocrx_word' id='word_1_65' title='bbox 1628 715 1765 776; x_wconf 74' lang='grc' dir='ltr'>ἱεροῦ,</span> <span class='ocrx_word' id='word_1_66' title='bbox 1803 712 1901 761; x_wconf 86' lang='grc' dir='ltr'>ἐπι-</span> 
     </span>
     <span class='ocr_line' id='line_1_12' title="bbox 332 790 1908 865; baseline -0.003 -15"><span class='ocrx_word' id='word_1_67' title='bbox 332 806 358 828; x_wconf 66' lang='lat' dir='ltr'>a&lt;</span> <span class='ocrx_word' id='word_1_68' title='bbox 384 799 698 865; x_wconf 83' lang='grc' dir='ltr'>συνήχθησαν</span> <span class='ocrx_word' id='word_1_69' title='bbox 735 798 852 865; x_wconf 80' lang='grc' dir='ltr'>πρὸς</span> <span class='ocrx_word' id='word_1_70' title='bbox 887 796 1028 849; x_wconf 78' lang='grc' dir='ltr'>αὐτὸν</span> <span class='ocrx_word' id='word_1_71' title='bbox 1067 796 1160 849; x_wconf 80' lang='grc' dir='ltr'>ἀπὸ</span> <span class='ocrx_word' id='word_1_72' title='bbox 1199 796 1543 864; x_wconf 80' lang='grc' dir='ltr'>Ἱεροσολύμων</span> <span class='ocrx_word' id='word_1_73' title='bbox 1581 794 1725 862; x_wconf 75' lang='grc' dir='ltr'>ὄχλος</span> <span class='ocrx_word' id='word_1_74' title='bbox 1759 790 1908 845; x_wconf 78' lang='grc' dir='ltr'>πολὺς</span> 
     </span>
     <span class='ocr_line' id='line_1_13' title="bbox 331 874 1909 948; baseline -0.005 -16"><span class='ocrx_word' id='word_1_75' title='bbox 331 889 358 912; x_wconf 88' lang='grc'>“</span> <span class='ocrx_word' id='word_1_76' title='bbox 383 880 590 948; x_wconf 85' lang='grc' dir='ltr'>σφόδρα,</span> <span class='ocrx_word' id='word_1_77' title='bbox 633 882 793 947; x_wconf 79' lang='grc' dir='ltr'>ἄνδρες</span> <span class='ocrx_word' id='word_1_78' title='bbox 835 883 909 931; x_wconf 78' lang='grc' dir='ltr'>καὶ</span> <span class='ocrx_word' id='word_1_79' title='bbox 949 885 1158 945; x_wconf 81' lang='grc' dir='ltr'>γυναῖκες</span> <span class='ocrx_word' id='word_1_80' title='bbox 1198 882 1271 930; x_wconf 79' lang='grc' dir='ltr'>καὶ</span> <span class='ocrx_word' id='word_1_81' title='bbox 1312 879 1497 930; x_wconf 87' lang='grc' dir='ltr'>νεανίαι·</span> <span class='ocrx_word' id='word_1_82' title='bbox 1540 874 1778 938; x_wconf 80' lang='grc' dir='ltr'>κλαυθμὸς</span> <span class='ocrx_word' id='word_1_83' title='bbox 1817 874 1909 940; x_wconf 77' lang='grc' dir='ltr'>γὰρ</span> 
     </span>
     <span class='ocr_line' id='line_1_14' title="bbox 331 957 1908 1032; baseline -0.004 -18"><span class='ocrx_word' id='word_1_84' title='bbox 331 971 357 994; x_wconf 84' lang='grc'><strong><em>“</em></strong></span> <span class='ocrx_word' id='word_1_85' title='bbox 383 963 440 1028; x_wconf 81' lang='grc' dir='ltr'>ἧν</span> <span class='ocrx_word' id='word_1_86' title='bbox 472 963 617 1030; x_wconf 79' lang='grc' dir='ltr'>μέγας</span> <span class='ocrx_word' id='word_1_87' title='bbox 655 965 703 1013; x_wconf 82' lang='grc' dir='ltr'>ἐν</span> <span class='ocrx_word' id='word_1_88' title='bbox 738 967 804 1032; x_wconf 74' lang='grc' dir='ltr'>τῷ</span> <span class='ocrx_word' id='word_1_89' title='bbox 838 962 1023 1026; x_wconf 88' lang='grc' dir='ltr'>πλήθει.</span> <span class='ocrx_word' id='word_1_90' title='bbox 1091 966 1167 1012; x_wconf 83' lang='grc' dir='ltr'>καὶ</span> <span class='ocrx_word' id='word_1_91' title='bbox 1206 961 1433 1030; x_wconf 81' lang='grc' dir='ltr'>φωνήσας</span> <span class='ocrx_word' id='word_1_92' title='bbox 1470 960 1691 1027; x_wconf 86' lang='grc' dir='ltr'>Ἰεχονίας</span> <span class='ocrx_word' id='word_1_93' title='bbox 1728 957 1908 1022; x_wconf 88' lang='grc' dir='ltr'>Ἰεήλου</span> 
     </span>
     <span class='ocr_line' id='line_1_15' title="bbox 331 1038 1908 1112; baseline -0.004 -16"><span class='ocrx_word' id='word_1_94' title='bbox 331 1054 358 1075; x_wconf 83' lang='grc'>“</span> <span class='ocrx_word' id='word_1_95' title='bbox 385 1050 478 1096; x_wconf 89' lang='grc' dir='ltr'>τῶν</span> <span class='ocrx_word' id='word_1_96' title='bbox 504 1049 613 1097; x_wconf 77' lang='grc' dir='ltr'>υἱῶν</span> <span class='ocrx_word' id='word_1_97' title='bbox 639 1046 840 1112; x_wconf 88' lang='grc' dir='ltr'>Ἰσραὴλ</span> <span class='ocrx_word' id='word_1_98' title='bbox 876 1042 1000 1096; x_wconf 74' lang='grc' dir='ltr'>εἶπεν</span> <span class='ocrx_word' id='word_1_99' title='bbox 1023 1043 1228 1110; x_wconf 83' lang='grc' dir='ltr'>”Εσδρα,</span> <span class='ocrx_word' id='word_1_100' title='bbox 1264 1044 1391 1107; x_wconf 79' lang='grc' dir='ltr'>ἡμεῖς</span> <span class='ocrx_word' id='word_1_101' title='bbox 1426 1041 1690 1108; x_wconf 73' lang='grc' dir='ltr'>ἡμάρτομεν</span> <span class='ocrx_word' id='word_1_102' title='bbox 1729 1044 1789 1094; x_wconf 82' lang='grc' dir='ltr'>εἷς</span> <span class='ocrx_word' id='word_1_103' title='bbox 1827 1038 1908 1090; x_wconf 75' lang='grc' dir='ltr'>τὸν</span> 
     </span>
     <span class='ocr_line' id='line_1_16' title="bbox 333 1126 1906 1196; baseline -0.003 -17"><span class='ocrx_word' id='word_1_104' title='bbox 333 1136 359 1157; x_wconf 84' lang='grc'>“</span> <span class='ocrx_word' id='word_1_105' title='bbox 389 1128 564 1194; x_wconf 82' lang='grc' dir='ltr'>Κύριον</span> <span class='ocrx_word' id='word_1_106' title='bbox 602 1130 675 1178; x_wconf 73' lang='grc' dir='ltr'>καὶ</span> <span class='ocrx_word' id='word_1_107' title='bbox 715 1126 851 1188; x_wconf 75' lang='grc' dir='ltr'>Θεὸν,</span> <span class='ocrx_word' id='word_1_108' title='bbox 894 1129 969 1177; x_wconf 80' lang='grc' dir='ltr'>καὶ</span> <span class='ocrx_word' id='word_1_109' title='bbox 1014 1128 1344 1196; x_wconf 76' lang='grc' dir='ltr'>συνῳκίσαμεν</span> <span class='ocrx_word' id='word_1_110' title='bbox 1382 1130 1600 1191; x_wconf 82' lang='grc' dir='ltr'>γυναῖκας</span> <span class='ocrx_word' id='word_1_111' title='bbox 1641 1126 1906 1189; x_wconf 80' lang='grc' dir='ltr'>ἀλλογενεῖς</span> 
     </span>
     <span class='ocr_line' id='line_1_17' title="bbox 288 1204 1907 1275; baseline -0.002 -15"><span class='ocrx_word' id='word_1_112' title='bbox 288 1212 315 1251; x_wconf 74' lang='lat' dir='ltr'>b</span> <span class='ocrx_word' id='word_1_113' title='bbox 336 1218 361 1240; x_wconf 72' lang='lat'>‘⁶</span> <span class='ocrx_word' id='word_1_114' title='bbox 387 1209 480 1262; x_wconf 78' lang='grc' dir='ltr'>ἀπὸ</span> <span class='ocrx_word' id='word_1_115' title='bbox 507 1215 599 1261; x_wconf 91' lang='grc' dir='ltr'>τῶν</span> <span class='ocrx_word' id='word_1_116' title='bbox 626 1213 771 1261; x_wconf 84' lang='grc' dir='ltr'>ἐθνῶν</span> <span class='ocrx_word' id='word_1_117' title='bbox 795 1212 876 1272; x_wconf 80' lang='grc' dir='ltr'>τῆς</span> <span class='ocrx_word' id='word_1_118' title='bbox 907 1212 1005 1275; x_wconf 76' lang='grc' dir='ltr'>γῆς,</span> <span class='ocrx_word' id='word_1_119' title='bbox 1034 1211 1107 1259; x_wconf 70' lang='grc' dir='ltr'>καὶ</span> <span class='ocrx_word' id='word_1_120' title='bbox 1143 1214 1223 1259; x_wconf 82' lang='grc' dir='ltr'>νῦν</span> <span class='ocrx_word' id='word_1_121' title='bbox 1248 1210 1377 1259; x_wconf 86' lang='grc' dir='ltr'>ἐστιν</span> <span class='ocrx_word' id='word_1_122' title='bbox 1402 1207 1554 1259; x_wconf 78' lang='grc' dir='ltr'>ἐπάνω</span> <span class='ocrx_word' id='word_1_123' title='bbox 1580 1211 1671 1260; x_wconf 80' lang='grc' dir='ltr'>πᾶς</span> <span class='ocrx_word' id='word_1_124' title='bbox 1694 1204 1907 1270; x_wconf 88' lang='grc' dir='ltr'>Ἰσραήλ.</span> 
     </span>
     <span class='ocr_line' id='line_1_18' title="bbox 334 1289 1904 1362; baseline -0.004 -18"><span class='ocrx_word' id='word_1_125' title='bbox 334 1301 360 1322; x_wconf 87' lang='grc'>“</span> <span class='ocrx_word' id='word_1_126' title='bbox 386 1296 434 1344; x_wconf 80' lang='grc' dir='ltr'>ἐν</span> <span class='ocrx_word' id='word_1_127' title='bbox 471 1293 619 1362; x_wconf 82' lang='grc' dir='ltr'>τούτῳ</span> <span class='ocrx_word' id='word_1_128' title='bbox 655 1293 858 1359; x_wconf 73' lang='grc' dir='ltr'>γινέσθω</span> <span class='ocrx_word' id='word_1_129' title='bbox 896 1293 1002 1356; x_wconf 80' lang='grc' dir='ltr'>ἡμῖν</span> <span class='ocrx_word' id='word_1_130' title='bbox 1042 1292 1313 1358; x_wconf 86' lang='grc' dir='ltr'>ὁρκωμοσία</span> <span class='ocrx_word' id='word_1_131' title='bbox 1350 1290 1468 1357; x_wconf 79' lang='grc' dir='ltr'>πρὸς</span> <span class='ocrx_word' id='word_1_132' title='bbox 1506 1290 1587 1341; x_wconf 78' lang='grc' dir='ltr'>τὸν</span> <span class='ocrx_word' id='word_1_133' title='bbox 1616 1289 1804 1354; x_wconf 81' lang='grc' dir='ltr'>Κύριον,</span> <span class='ocrx_word' id='word_1_134' title='bbox 1830 1291 1904 1339; x_wconf 81' lang='grc' dir='ltr'>ε’κ-</span> 
     </span>
     <span class='ocr_line' id='line_1_19' title="bbox 333 1373 1910 1439; baseline -0.002 -14"><span class='ocrx_word' id='word_1_135' title='bbox 333 1383 358 1405; x_wconf 82' lang='grc'>“</span> <span class='ocrx_word' id='word_1_136' title='bbox 382 1380 549 1436; x_wconf 82' lang='grc' dir='ltr'>βαλεῖν</span> <span class='ocrx_word' id='word_1_137' title='bbox 579 1374 738 1428; x_wconf 82' lang='grc' dir='ltr'>πάσας</span> <span class='ocrx_word' id='word_1_138' title='bbox 773 1374 857 1428; x_wconf 81' lang='grc' dir='ltr'>τὰς</span> <span class='ocrx_word' id='word_1_139' title='bbox 890 1379 1110 1439; x_wconf 81' lang='grc' dir='ltr'>γυναῖκας</span> <span class='ocrx_word' id='word_1_140' title='bbox 1145 1375 1276 1437; x_wconf 85' lang='grc' dir='ltr'>ἡμῶν</span> <span class='ocrx_word' id='word_1_141' title='bbox 1307 1373 1390 1427; x_wconf 80' lang='grc' dir='ltr'>τὰς</span> <span class='ocrx_word' id='word_1_142' title='bbox 1423 1376 1472 1424; x_wconf 84' lang='grc' dir='ltr'>ἐκ</span> <span class='ocrx_word' id='word_1_143' title='bbox 1504 1378 1596 1424; x_wconf 90' lang='grc' dir='ltr'>τῶν</span> <span class='ocrx_word' id='word_1_144' title='bbox 1636 1374 1910 1437; x_wconf 78' lang='grc' dir='ltr'>ἀλλογενῶν</span> 
     </span>
     <span class='ocr_line' id='line_1_20' title="bbox 335 1455 1909 1522; baseline -0.003 -14"><span class='ocrx_word' id='word_1_145' title='bbox 335 1465 361 1487; x_wconf 82' lang='grc'>“</span> <span class='ocrx_word' id='word_1_146' title='bbox 384 1457 476 1508; x_wconf 72' lang='grc' dir='ltr'>σὺν</span> <span class='ocrx_word' id='word_1_147' title='bbox 512 1463 608 1511; x_wconf 80' lang='grc' dir='ltr'>τοῖς</span> <span class='ocrx_word' id='word_1_148' title='bbox 645 1458 817 1510; x_wconf 78' lang='grc' dir='ltr'>τέκνοις</span> <span class='ocrx_word' id='word_1_149' title='bbox 849 1458 1016 1515; x_wconf 80' lang='grc' dir='ltr'>αὐτῶν,</span> <span class='ocrx_word' id='word_1_150' title='bbox 1046 1459 1108 1510; x_wconf 84' lang='grc' dir='ltr'>ὡς</span> <span class='ocrx_word' id='word_1_151' title='bbox 1145 1457 1300 1522; x_wconf 82' lang='grc' dir='ltr'>ἐκρίθη</span> <span class='ocrx_word' id='word_1_152' title='bbox 1339 1479 1431 1517; x_wconf 91' lang='grc' dir='ltr'>σοι,</span> <span class='ocrx_word' id='word_1_153' title='bbox 1469 1458 1543 1506; x_wconf 79' lang='grc' dir='ltr'>καὶ</span> <span class='ocrx_word' id='word_1_154' title='bbox 1583 1455 1688 1505; x_wconf 80' lang='grc' dir='ltr'>ὅσοι</span> <span class='ocrx_word' id='word_1_155' title='bbox 1719 1458 1909 1519; x_wconf 89' lang='grc' dir='ltr'>πειθαρ-</span> 
     </span>
     <span class='ocr_line' id='line_1_21' title="bbox 335 1536 1910 1609; baseline -0.003 -19"><span class='ocrx_word' id='word_1_156' title='bbox 335 1548 362 1569; x_wconf 81' lang='grc'>“</span> <span class='ocrx_word' id='word_1_157' title='bbox 388 1545 529 1607; x_wconf 85' lang='grc' dir='ltr'>χοῦσι</span> <span class='ocrx_word' id='word_1_158' title='bbox 559 1543 624 1609; x_wconf 73' lang='grc' dir='ltr'>τῷ</span> <span class='ocrx_word' id='word_1_159' title='bbox 660 1539 785 1608; x_wconf 79' lang='grc' dir='ltr'>νόμῳ</span> <span class='ocrx_word' id='word_1_160' title='bbox 821 1540 1009 1604; x_wconf 82' lang='grc' dir='ltr'>Κυρίου.</span> <span class='ocrx_word' id='word_1_161' title='bbox 1067 1538 1275 1591; x_wconf 79' lang='grc' dir='ltr'>ἀναστὰς</span> <span class='ocrx_word' id='word_1_162' title='bbox 1311 1538 1523 1588; x_wconf 78' lang='grc' dir='ltr'>ἐπιτέλει·</span> <span class='ocrx_word' id='word_1_163' title='bbox 1572 1537 1688 1602; x_wconf 82' lang='grc' dir='ltr'>πρὸς</span> <span class='ocrx_word' id='word_1_164' title='bbox 1726 1536 1784 1586; x_wconf 80' lang='grc' dir='ltr'>σὲ</span> <span class='ocrx_word' id='word_1_165' title='bbox 1818 1536 1910 1602; x_wconf 79' lang='grc' dir='ltr'>γὰρ</span> 
     </span>
     <span class='ocr_line' id='line_1_22' title="bbox 334 1617 1910 1687; baseline -0.003 -15"><span class='ocrx_word' id='word_1_166' title='bbox 334 1630 361 1651; x_wconf 86' lang='grc'>“</span> <span class='ocrx_word' id='word_1_167' title='bbox 388 1621 441 1672; x_wconf 82' lang='grc' dir='ltr'>τὸ</span> <span class='ocrx_word' id='word_1_168' title='bbox 469 1627 680 1687; x_wconf 81' lang='grc' dir='ltr'>πρᾶγμα,</span> <span class='ocrx_word' id='word_1_169' title='bbox 706 1624 778 1672; x_wconf 78' lang='grc' dir='ltr'>καὶ</span> <span class='ocrx_word' id='word_1_170' title='bbox 806 1623 933 1685; x_wconf 78' lang='grc' dir='ltr'>ἡμεῖς</span> <span class='ocrx_word' id='word_1_171' title='bbox 960 1621 1076 1682; x_wconf 82' lang='grc' dir='ltr'>μετὰ</span> <span class='ocrx_word' id='word_1_172' title='bbox 1102 1627 1193 1671; x_wconf 78' lang='grc' dir='ltr'>σοῦ</span> <span class='ocrx_word' id='word_1_173' title='bbox 1218 1618 1357 1687; x_wconf 75' lang='grc' dir='ltr'>ἰσχὺν</span> <span class='ocrx_word' id='word_1_174' title='bbox 1383 1625 1543 1671; x_wconf 80' lang='grc' dir='ltr'>ποιεῖν.</span> <span class='ocrx_word' id='word_1_175' title='bbox 1599 1620 1674 1670; x_wconf 77' lang='grc' dir='ltr'>καὶ</span> <span class='ocrx_word' id='word_1_176' title='bbox 1701 1617 1910 1672; x_wconf 75' lang='grc' dir='ltr'>ἀναστὰς</span> 
     </span>
     <span class='ocr_line' id='line_1_23' title="bbox 334 1702 1909 1771; baseline -0.002 -17"><span class='ocrx_word' id='word_1_177' title='bbox 334 1702 598 1770; x_wconf 59' lang='grc' dir='ltr'>απΕσδρας</span> <span class='ocrx_word' id='word_1_178' title='bbox 625 1703 797 1770; x_wconf 76' lang='grc' dir='ltr'>ὥρκισε</span> <span class='ocrx_word' id='word_1_179' title='bbox 832 1703 938 1757; x_wconf 79' lang='grc' dir='ltr'>τοὺς</span> <span class='ocrx_word' id='word_1_180' title='bbox 973 1703 1246 1771; x_wconf 82' lang='grc' dir='ltr'>φυλάρχους</span> <span class='ocrx_word' id='word_1_181' title='bbox 1285 1707 1377 1752; x_wconf 88' lang='grc' dir='ltr'>τῶν</span> <span class='ocrx_word' id='word_1_182' title='bbox 1417 1703 1569 1767; x_wconf 76' lang='grc' dir='ltr'>ἱερέων</span> <span class='ocrx_word' id='word_1_183' title='bbox 1601 1703 1675 1752; x_wconf 77' lang='grc' dir='ltr'>καὶ</span> <span class='ocrx_word' id='word_1_184' title='bbox 1703 1706 1909 1752; x_wconf 83' lang='grc' dir='ltr'>Λευιτῶν</span> 
     </span>
     <span class='ocr_line' id='line_1_24' title="bbox 335 1785 1907 1854; baseline -0.002 -14"><span class='ocrx_word' id='word_1_185' title='bbox 335 1797 361 1817; x_wconf 84' lang='grc'><strong>“</strong></span> <span class='ocrx_word' id='word_1_186' title='bbox 388 1789 562 1842; x_wconf 81' lang='grc' dir='ltr'>παντὸς</span> <span class='ocrx_word' id='word_1_187' title='bbox 603 1794 685 1839; x_wconf 83' lang='grc' dir='ltr'>τοῦ</span> <span class='ocrx_word' id='word_1_188' title='bbox 730 1789 929 1854; x_wconf 79' lang='grc' dir='ltr'>Ἰσραὴλ</span> <span class='ocrx_word' id='word_1_189' title='bbox 972 1791 1167 1851; x_wconf 77' lang='grc' dir='ltr'>ποιῆσαι</span> <span class='ocrx_word' id='word_1_190' title='bbox 1214 1790 1330 1838; x_wconf 82' lang='grc' dir='ltr'>κατὰ</span> <span class='ocrx_word' id='word_1_191' title='bbox 1365 1793 1526 1845; x_wconf 79' lang='grc' dir='ltr'>ταῦτα,</span> <span class='ocrx_word' id='word_1_192' title='bbox 1560 1789 1634 1837; x_wconf 77' lang='grc' dir='ltr'>καὶ</span> <span class='ocrx_word' id='word_1_193' title='bbox 1669 1785 1907 1850; x_wconf 79' lang='grc' dir='ltr'>ὤμοσαν.”</span> 
     </span>
     <span class='ocr_line' id='line_1_25' title="bbox 336 1867 1911 1940; baseline 0 -18"><span class='ocrx_word' id='word_1_194' title='bbox 336 1871 608 1935; x_wconf 87' lang='grc' dir='ltr'>ὀμωμοκόσι</span> <span class='ocrx_word' id='word_1_195' title='bbox 648 1871 704 1935; x_wconf 82' lang='grc' dir='ltr'>δὴ</span> <span class='ocrx_word' id='word_1_196' title='bbox 740 1872 820 1922; x_wconf 78' lang='grc' dir='ltr'>οὖν</span> <span class='ocrx_word' id='word_1_197' title='bbox 851 1871 908 1921; x_wconf 77' lang='grc' dir='ltr'>τὰ</span> <span class='ocrx_word' id='word_1_198' title='bbox 947 1875 1012 1940; x_wconf 73' lang='grc' dir='ltr'>τῷ</span> <span class='ocrx_word' id='word_1_199' title='bbox 1052 1870 1176 1939; x_wconf 78' lang='grc' dir='ltr'>νόμῳ</span> <span class='ocrx_word' id='word_1_200' title='bbox 1216 1874 1440 1920; x_wconf 83' lang='grc' dir='ltr'>δοκοῦντα</span> <span class='ocrx_word' id='word_1_201' title='bbox 1472 1875 1698 1935; x_wconf 81' lang='grc' dir='ltr'>πληροῦν,</span> <span class='ocrx_word' id='word_1_202' title='bbox 1725 1867 1782 1932; x_wconf 75' lang='grc' dir='ltr'>ἦν</span> <span class='ocrx_word' id='word_1_203' title='bbox 1811 1893 1911 1923; x_wconf 88' lang='grc' dir='ltr'>πως</span> 
     </span>
     <span class='ocr_line' id='line_1_26' title="bbox 298 1951 1912 2022; baseline -0.001 -18"><span class='ocrx_word' id='word_1_204' title='bbox 298 1982 319 2008; x_wconf 84' lang='lat'>0</span> <span class='ocrx_word' id='word_1_205' title='bbox 337 1955 590 2019; x_wconf 81' lang='grc' dir='ltr'>ἀναγκαῖον</span> <span class='ocrx_word' id='word_1_206' title='bbox 616 1953 862 2019; x_wconf 81' lang='grc' dir='ltr'>ἐπαρτίσαι</span> <span class='ocrx_word' id='word_1_207' title='bbox 892 1953 977 2018; x_wconf 87' lang='grc' dir='ltr'>τὴν</span> <span class='ocrx_word' id='word_1_208' title='bbox 1009 1954 1127 2022; x_wconf 69' lang='grc' dir='ltr'>ἐιρὲιν,</span> <span class='ocrx_word' id='word_1_209' title='bbox 1154 1952 1238 2016; x_wconf 81' lang='grc' dir='ltr'>τὴν</span> <span class='ocrx_word' id='word_1_210' title='bbox 1273 1957 1367 2005; x_wconf 79' lang='grc' dir='ltr'>τοῖς</span> <span class='ocrx_word' id='word_1_211' title='bbox 1399 1954 1673 2020; x_wconf 76' lang='grc' dir='ltr'>ψευδορκεῖν</span> <span class='ocrx_word' id='word_1_212' title='bbox 1697 1951 1912 2002; x_wconf 79' lang='grc' dir='ltr'>εἰωθόσιν</span> 
     </span>
     <span class='ocr_line' id='line_1_27' title="bbox 335 2034 1911 2102; baseline -0.001 -16"><span class='ocrx_word' id='word_1_213' title='bbox 335 2039 523 2100; x_wconf 80' lang='grc' dir='ltr'>ἀπηνῶς</span> <span class='ocrx_word' id='word_1_214' title='bbox 548 2036 954 2102; x_wconf 82' lang='grc' dir='ltr'>ἐπιθρώσκουσαν,</span> <span class='ocrx_word' id='word_1_215' title='bbox 982 2036 1057 2085; x_wconf 86' lang='grc' dir='ltr'>ἵνα</span> <span class='ocrx_word' id='word_1_216' title='bbox 1091 2038 1164 2085; x_wconf 76' lang='grc' dir='ltr'>καὶ</span> <span class='ocrx_word' id='word_1_217' title='bbox 1203 2034 1407 2100; x_wconf 75' lang='grc' dir='ltr'>γένοιντο</span> <span class='ocrx_word' id='word_1_218' title='bbox 1438 2035 1645 2102; x_wconf 80' lang='grc' dir='ltr'>φύλακες</span> <span class='ocrx_word' id='word_1_219' title='bbox 1670 2039 1763 2084; x_wconf 89' lang='grc' dir='ltr'>τῶν</span> <span class='ocrx_word' id='word_1_220' title='bbox 1790 2036 1911 2097; x_wconf 86' lang='grc' dir='ltr'>ὀμω-</span> 
     </span>
     <span class='ocr_line' id='line_1_28' title="bbox 333 2119 598 2181; baseline 0.004 -13"><span class='ocrx_word' id='word_1_221' title='bbox 333 2119 598 2181; x_wconf 80' lang='grc' dir='ltr'>μοσμένων.</span> 
     </span>
     <span class='ocr_line' id='line_1_29' title="bbox 407 2198 1911 2297; baseline -0.002 -46"><span class='ocrx_word' id='word_1_222' title='bbox 407 2199 599 2264; x_wconf 85' lang='grc' dir='ltr'>Ἐπειδὴ</span> <span class='ocrx_word' id='word_1_223' title='bbox 626 2199 673 2250; x_wconf 77' lang='grc' dir='ltr'>δὲ</span> <span class='ocrx_word' id='word_1_224' title='bbox 698 2199 1081 2297; x_wconf 67' lang='grc' dir='ltr'>οἰκοδομουμένου</span> <span class='ocrx_word' id='word_1_225' title='bbox 1116 2205 1198 2250; x_wconf 82' lang='grc' dir='ltr'>τοῦ</span> <span class='ocrx_word' id='word_1_226' title='bbox 1232 2201 1354 2251; x_wconf 85' lang='grc' dir='ltr'>θείου</span> <span class='ocrx_word' id='word_1_227' title='bbox 1394 2205 1505 2250; x_wconf 85' lang='grc' dir='ltr'>ναοῦ</span> <span class='ocrx_word' id='word_1_228' title='bbox 1542 2198 1704 2263; x_wconf 83' lang='grc' dir='ltr'>πολλὴ</span> <span class='ocrx_word' id='word_1_229' title='bbox 1731 2198 1911 2265; x_wconf 77' lang='grc' dir='ltr'>χρημά-</span> 
     </span>
    </p>
   </div>
   <div class='ocr_carea' id='block_1_7' title="bbox 335 2280 1944 2348">
    <p class='ocr_par' dir='ltr' id='par_1_7' title="bbox 335 2280 1944 2348">
     <span class='ocr_line' id='line_1_30' title="bbox 335 2280 1944 2348; baseline -0.001 -15"><span class='ocrx_word' id='word_1_230' title='bbox 335 2305 430 2333; x_wconf 91' lang='grc' dir='ltr'>των</span> <span class='ocrx_word' id='word_1_231' title='bbox 456 2283 669 2348; x_wconf 79' lang='grc' dir='ltr'>ἄθροισις</span> <span class='ocrx_word' id='word_1_232' title='bbox 696 2281 766 2346; x_wconf 82' lang='grc' dir='ltr'>ἧν,</span> <span class='ocrx_word' id='word_1_233' title='bbox 792 2288 930 2333; x_wconf 80' lang='grc' dir='ltr'>τοῦτο</span> <span class='ocrx_word' id='word_1_234' title='bbox 968 2305 1052 2345; x_wconf 93' lang='grc' dir='ltr'>μεν</span> <span class='ocrx_word' id='word_1_235' title='bbox 1086 2283 1287 2348; x_wconf 82' lang='grc' dir='ltr'>Δαρειου</span> <span class='ocrx_word' id='word_1_236' title='bbox 1326 2305 1560 2345; x_wconf 84' lang='grc' dir='ltr'>νεμοντος,</span> <span class='ocrx_word' id='word_1_237' title='bbox 1587 2304 1723 2332; x_wconf 86' lang='grc' dir='ltr'>τουτο</span> <span class='ocrx_word' id='word_1_238' title='bbox 1756 2280 1802 2331; x_wconf 90' lang='grc' dir='ltr'>δε</span> <span class='ocrx_word' id='word_1_239' title='bbox 1830 2304 1911 2332; x_wconf 94' lang='grc' dir='ltr'>του</span> <span class='ocrx_word' id='word_1_240' title='bbox 1940 2313 1944 2316; x_wconf 54' lang='grc'><strong><em>&lt;</em></strong></span> 
     </span>
    </p>
   </div>
   <div class='ocr_carea' id='block_1_8' title="bbox 335 2361 1911 2430">
    <p class='ocr_par' dir='ltr' id='par_1_8' title="bbox 335 2361 1911 2430">
     <span class='ocr_line' id='line_1_31' title="bbox 335 2361 1911 2430; baseline -0.001 -15"><span class='ocrx_word' id='word_1_241' title='bbox 335 2370 455 2415; x_wconf 77' lang='grc' dir='ltr'>λαοῦ</span> <span class='ocrx_word' id='word_1_242' title='bbox 497 2387 943 2430; x_wconf 70' lang='grc' dir='ltr'>πρΟσΚΕΚΟμίκθΤΟς,</span> <span class='ocrx_word' id='word_1_243' title='bbox 990 2361 1087 2414; x_wconf 74' lang='lat' dir='ltr'><em>eL’Ta</em></span> <span class='ocrx_word' id='word_1_244' title='bbox 1121 2387 1247 2418; x_wconf 67' lang='lat' dir='ltr'>‘swas‘</span> <span class='ocrx_word' id='word_1_245' title='bbox 1282 2363 1338 2428; x_wconf 74' lang='grc' dir='ltr'>ἦν</span> <span class='ocrx_word' id='word_1_246' title='bbox 1376 2387 1492 2418; x_wconf 67' lang='lat' dir='ltr'><strong>emes*</strong></span> <span class='ocrx_word' id='word_1_247' title='bbox 1531 2368 1623 2414; x_wconf 73' lang='grc' dir='ltr'>Τῶν</span> <span class='ocrx_word' id='word_1_248' title='bbox 1658 2387 1717 2413; x_wconf 74' lang='lat' dir='ltr'>Ta</span> <span class='ocrx_word' id='word_1_249' title='bbox 1758 2363 1911 2414; x_wconf 73' lang='grc' dir='ltr'>Τοιάδε</span> 
     </span>
    </p>
   </div>
   <div class='ocr_carea' id='block_1_9' title="bbox 337 2588 1911 2959">
    <p class='ocr_par' dir='ltr' id='par_1_9' title="bbox 337 2588 1911 2959">
     <span class='ocr_line' id='line_1_32' title="bbox 384 2588 1910 2635; baseline 0.001 -14"><span class='ocrx_word' id='word_1_250' title='bbox 384 2602 417 2630; x_wconf 83' lang='lat'>4.</span> <span class='ocrx_word' id='word_1_251' title='bbox 443 2589 585 2631; x_wconf 71' lang='grc' dir='ltr'>ισόμεθα</span> <span class='ocrx_word' id='word_1_252' title='bbox 606 2589 645 2622; x_wconf 90' lang='lat' dir='ltr'>C.</span> <span class='ocrx_word' id='word_1_253' title='bbox 695 2588 771 2633; x_wconf 80' lang='grc' dir='ltr'>παρ’</span> <span class='ocrx_word' id='word_1_254' title='bbox 791 2590 891 2622; x_wconf 79' lang='grc' dir='ltr'>αὐτοῦ</span> <span class='ocrx_word' id='word_1_255' title='bbox 911 2589 951 2623; x_wconf 91' lang='lat' dir='ltr'>C.</span> <span class='ocrx_word' id='word_1_256' title='bbox 969 2589 1057 2635; x_wconf 74' lang='grc' dir='ltr'>αὐτῷ</span> <span class='ocrx_word' id='word_1_257' title='bbox 1080 2588 1170 2623; x_wconf 87' lang='lat' dir='ltr'><strong>Edd.</strong></span> <span class='ocrx_word' id='word_1_258' title='bbox 1442 2589 1474 2623; x_wconf 90' lang='lat'>6.</span> <span class='ocrx_word' id='word_1_259' title='bbox 1502 2590 1554 2623; x_wconf 77' lang='grc' dir='ltr'>καὶ</span> <span class='ocrx_word' id='word_1_260' title='bbox 1571 2592 1789 2633; x_wconf 80' lang='lat' dir='ltr'><strong>assumptum</strong></span> <span class='ocrx_word' id='word_1_261' title='bbox 1809 2601 1849 2623; x_wconf 87' lang='lat' dir='ltr'>ex</span> <span class='ocrx_word' id='word_1_262' title='bbox 1870 2589 1910 2622; x_wconf 91' lang='lat' dir='ltr'>C.</span> 
     </span>
     <span class='ocr_line' id='line_1_33' title="bbox 337 2634 1909 2694; baseline 0 -26"><span class='ocrx_word' id='word_1_263' title='bbox 337 2634 619 2694; x_wconf 76' lang='grc' dir='ltr'>ἐπεσυνὴχθησιιν</span> <span class='ocrx_word' id='word_1_264' title='bbox 637 2636 677 2669; x_wconf 88' lang='lat' dir='ltr'>C.</span> <span class='ocrx_word' id='word_1_265' title='bbox 976 2645 1006 2680; x_wconf 80' lang='lat'>7.</span> <span class='ocrx_word' id='word_1_266' title='bbox 1032 2636 1137 2681; x_wconf 78' lang='grc' dir='ltr'>ὄχλος</span> <span class='ocrx_word' id='word_1_267' title='bbox 1152 2637 1259 2671; x_wconf 81' lang='grc' dir='ltr'>πολὺς</span> <span class='ocrx_word' id='word_1_268' title='bbox 1277 2635 1317 2670; x_wconf 89' lang='lat' dir='ltr'>C.</span> <span class='ocrx_word' id='word_1_269' title='bbox 1337 2636 1442 2677; x_wconf 83' lang='lat' dir='ltr'><strong>(A.V.</strong></span> <span class='ocrx_word' id='word_1_270' title='bbox 1462 2637 1539 2679; x_wconf 61' lang='lat' dir='ltr'><strong>Sec.)</strong></span> <span class='ocrx_word' id='word_1_271' title='bbox 1558 2636 1659 2681; x_wconf 73' lang='grc' dir='ltr'>ὄχλοι</span> <span class='ocrx_word' id='word_1_272' title='bbox 1675 2637 1800 2669; x_wconf 85' lang='grc' dir='ltr'>πολλοι</span> <span class='ocrx_word' id='word_1_273' title='bbox 1819 2635 1909 2668; x_wconf 86' lang='lat' dir='ltr'><strong>Edd.</strong></span> 
     </span>
     <span class='ocr_line' id='line_1_34' title="bbox 342 2681 1909 2728; baseline 0 -13"><span class='ocrx_word' id='word_1_274' title='bbox 342 2693 393 2716; x_wconf 85' lang='lat'>10.</span> <span class='ocrx_word' id='word_1_275' title='bbox 421 2683 478 2716; x_wconf 84' lang='grc' dir='ltr'>τὸν</span> <span class='ocrx_word' id='word_1_276' title='bbox 497 2681 620 2726; x_wconf 80' lang='grc' dir='ltr'>Κύριον</span> <span class='ocrx_word' id='word_1_277' title='bbox 637 2683 689 2715; x_wconf 84' lang='grc' dir='ltr'>καὶ</span> <span class='ocrx_word' id='word_1_278' title='bbox 708 2682 748 2715; x_wconf 89' lang='lat' dir='ltr'><strong>C.</strong></span> <span class='ocrx_word' id='word_1_279' title='bbox 769 2682 891 2726; x_wconf 79' lang='grc' dir='ltr'>Κύριον</span> <span class='ocrx_word' id='word_1_280' title='bbox 908 2683 965 2716; x_wconf 85' lang='grc' dir='ltr'>τὸν</span> <span class='ocrx_word' id='word_1_281' title='bbox 984 2682 1074 2716; x_wconf 84' lang='lat' dir='ltr'><strong>Edd.</strong></span> <span class='ocrx_word' id='word_1_282' title='bbox 1097 2682 1171 2728; x_wconf 82' lang='grc' dir='ltr'>[τὸν</span> <span class='ocrx_word' id='word_1_283' title='bbox 1189 2682 1312 2726; x_wconf 87' lang='grc' dir='ltr'>Κυριον</span> <span class='ocrx_word' id='word_1_284' title='bbox 1329 2681 1445 2727; x_wconf 83' lang='lat' dir='ltr'><strong>Alex.]</strong></span> <span class='ocrx_word' id='word_1_285' title='bbox 1751 2693 1763 2715; x_wconf 96' lang='lat'>1</span> <span class='ocrx_word' id='word_1_286' title='bbox 1776 2693 1803 2715; x_wconf 88' lang='grc' dir='ltr'>Ι.</span> <span class='ocrx_word' id='word_1_287' title='bbox 1829 2697 1909 2716; x_wconf 87' lang='grc' dir='ltr'>συν-</span> 
     </span>
     <span class='ocr_line' id='line_1_35' title="bbox 338 2728 1911 2773; baseline 0.001 -12"><span class='ocrx_word' id='word_1_288' title='bbox 338 2728 514 2772; x_wconf 83' lang='grc' dir='ltr'>ωκήσαμεν</span> <span class='ocrx_word' id='word_1_289' title='bbox 533 2730 572 2762; x_wconf 85' lang='lat' dir='ltr'>C.</span> <span class='ocrx_word' id='word_1_290' title='bbox 625 2730 748 2762; x_wconf 72' lang='lat' dir='ltr'>Statim</span> <span class='ocrx_word' id='word_1_291' title='bbox 767 2730 895 2764; x_wconf 78' lang='grc' dir='ltr'>ἑαυτοῖς</span> <span class='ocrx_word' id='word_1_292' title='bbox 912 2728 992 2762; x_wconf 82' lang='lat' dir='ltr'><strong>add.</strong></span> <span class='ocrx_word' id='word_1_293' title='bbox 1013 2729 1102 2763; x_wconf 87' lang='lat' dir='ltr'><strong>Edd.</strong></span> <span class='ocrx_word' id='word_1_294' title='bbox 1123 2730 1231 2763; x_wconf 85' lang='lat' dir='ltr'>invito</span> <span class='ocrx_word' id='word_1_295' title='bbox 1250 2729 1289 2763; x_wconf 91' lang='lat' dir='ltr'><strong>C.</strong></span> <span class='ocrx_word' id='word_1_296' title='bbox 1308 2729 1367 2773; x_wconf 89' lang='lat' dir='ltr'><strong>(A.</strong></span> <span class='ocrx_word' id='word_1_297' title='bbox 1373 2729 1415 2763; x_wconf 87' lang='lat' dir='ltr'>V.</span> <span class='ocrx_word' id='word_1_298' title='bbox 1434 2730 1496 2763; x_wconf 85' lang='lat' dir='ltr'>&amp;c.</span> <span class='ocrx_word' id='word_1_299' title='bbox 1502 2730 1513 2771; x_wconf 91' lang='lat'><em>)</em></span> <span class='ocrx_word' id='word_1_300' title='bbox 1666 2739 1718 2762; x_wconf 90' lang='lat'><strong>12.</strong></span> <span class='ocrx_word' id='word_1_301' title='bbox 1743 2731 1801 2762; x_wconf 89' lang='grc' dir='ltr'>νῦν</span> <span class='ocrx_word' id='word_1_302' title='bbox 1817 2728 1911 2763; x_wconf 81' lang='grc' dir='ltr'>ἐστιν</span> 
     </span>
     <span class='ocr_line' id='line_1_36' title="bbox 338 2774 1909 2819; baseline -0.001 -11"><span class='ocrx_word' id='word_1_303' title='bbox 338 2775 447 2808; x_wconf 76' lang='grc' dir='ltr'>ἐπάνω</span> <span class='ocrx_word' id='word_1_304' title='bbox 467 2775 507 2809; x_wconf 89' lang='lat' dir='ltr'><strong>C.</strong></span> <span class='ocrx_word' id='word_1_305' title='bbox 525 2775 636 2819; x_wconf 77' lang='lat' dir='ltr'><strong>(A.V.</strong></span> <span class='ocrx_word' id='word_1_306' title='bbox 659 2775 743 2817; x_wconf 60' lang='lat'><strong>850.)</strong></span> <span class='ocrx_word' id='word_1_307' title='bbox 761 2775 921 2810; x_wconf 77' lang='grc' dir='ltr'>σύνεστιν</span> <span class='ocrx_word' id='word_1_308' title='bbox 937 2775 1051 2811; x_wconf 83' lang='grc' dir='ltr'>αυτιιῖς</span> <span class='ocrx_word' id='word_1_309' title='bbox 1069 2776 1510 2819; x_wconf 78' lang='lat' dir='ltr'><strong>Edd.13.</strong></span> <span class='ocrx_word' id='word_1_310' title='bbox 1537 2774 1682 2819; x_wconf 75' lang='grc' dir='ltr'>γινέσθω</span> <span class='ocrx_word' id='word_1_311' title='bbox 1701 2776 1740 2808; x_wconf 89' lang='lat' dir='ltr'><strong>C.</strong></span> <span class='ocrx_word' id='word_1_312' title='bbox 1759 2775 1909 2819; x_wconf 81' lang='grc' dir='ltr'>γενέσθω</span> 
     </span>
     <span class='ocr_line' id='line_1_37' title="bbox 340 2821 1908 2866; baseline 0.001 -12"><span class='ocrx_word' id='word_1_313' title='bbox 340 2821 430 2855; x_wconf 79' lang='lat' dir='ltr'><strong>Edd.</strong></span> <span class='ocrx_word' id='word_1_314' title='bbox 449 2821 524 2866; x_wconf 83' lang='lat'>(19,</span> <span class='ocrx_word' id='word_1_315' title='bbox 548 2824 622 2861; x_wconf 76' lang='lat'>108,</span> <span class='ocrx_word' id='word_1_316' title='bbox 647 2822 742 2866; x_wconf 84' lang='lat'><strong>121.)</strong></span> <span class='ocrx_word' id='word_1_317' title='bbox 988 2822 1040 2857; x_wconf 80' lang='lat'>16.</span> <span class='ocrx_word' id='word_1_318' title='bbox 1069 2823 1193 2866; x_wconf 88' lang='grc' dir='ltr'>Κυρίου</span> <span class='ocrx_word' id='word_1_319' title='bbox 1211 2823 1354 2855; x_wconf 74' lang='lat' dir='ltr'>accessit</span> <span class='ocrx_word' id='word_1_320' title='bbox 1371 2834 1411 2855; x_wconf 85' lang='lat' dir='ltr'>ex</span> <span class='ocrx_word' id='word_1_321' title='bbox 1431 2821 1470 2855; x_wconf 93' lang='lat' dir='ltr'>C.</span> <span class='ocrx_word' id='word_1_322' title='bbox 1490 2821 1552 2866; x_wconf 81' lang='lat' dir='ltr'>(A.</span> <span class='ocrx_word' id='word_1_323' title='bbox 1557 2821 1599 2854; x_wconf 90' lang='lat' dir='ltr'>V.</span> <span class='ocrx_word' id='word_1_324' title='bbox 1619 2821 1680 2855; x_wconf 65' lang='grc' dir='ltr'>διο.</span> <span class='ocrx_word' id='word_1_325' title='bbox 1687 2821 1703 2865; x_wconf 88' lang='grc'>)</span> <span class='ocrx_word' id='word_1_326' title='bbox 1722 2821 1827 2866; x_wconf 83' lang='grc' dir='ltr'>τούτῳ</span> <span class='ocrx_word' id='word_1_327' title='bbox 1847 2834 1908 2866; x_wconf 88' lang='lat' dir='ltr'>pro</span> 
     </span>
     <span class='ocr_line' id='line_1_38' title="bbox 338 2868 1909 2913; baseline 0.001 -13"><span class='ocrx_word' id='word_1_328' title='bbox 338 2869 452 2911; x_wconf 87' lang='grc' dir='ltr'>κυρίου</span> <span class='ocrx_word' id='word_1_329' title='bbox 472 2868 513 2902; x_wconf 84' lang='grc' dir='ltr'><strong>Β.</strong></span> <span class='ocrx_word' id='word_1_330' title='bbox 578 2869 724 2904; x_wconf 81' lang='grc' dir='ltr'>ἀναστὰς</span> <span class='ocrx_word' id='word_1_331' title='bbox 743 2868 783 2903; x_wconf 87' lang='lat' dir='ltr'>C.</span> <span class='ocrx_word' id='word_1_332' title='bbox 803 2869 902 2913; x_wconf 55' lang='grc' dir='ltr'>(ΑΝ</span> <span class='ocrx_word' id='word_1_333' title='bbox 907 2868 972 2913; x_wconf 82' lang='grc'><strong>.)</strong></span> <span class='ocrx_word' id='word_1_334' title='bbox 954 2870 1083 2903; x_wconf 83' lang='grc' dir='ltr'>ανάστα</span> <span class='ocrx_word' id='word_1_335' title='bbox 1101 2869 1192 2903; x_wconf 87' lang='lat' dir='ltr'><strong>Edd.</strong></span> <span class='ocrx_word' id='word_1_336' title='bbox 1210 2868 1316 2913; x_wconf 84' lang='lat' dir='ltr'><strong>(XI.)</strong></span> <span class='ocrx_word' id='word_1_337' title='bbox 1534 2879 1585 2913; x_wconf 84' lang='lat'>19.</span> <span class='ocrx_word' id='word_1_338' title='bbox 1611 2871 1670 2901; x_wconf 82' lang='grc' dir='ltr'>τοῦ</span> <span class='ocrx_word' id='word_1_339' title='bbox 1687 2875 1909 2913; x_wconf 82' lang='lat' dir='ltr'>assumptum</span> 
     </span>
     <span class='ocr_line' id='line_1_39' title="bbox 338 2914 1907 2959; baseline 0.002 -13"><span class='ocrx_word' id='word_1_340' title='bbox 338 2925 377 2946; x_wconf 83' lang='lat' dir='ltr'>ex</span> <span class='ocrx_word' id='word_1_341' title='bbox 399 2914 438 2947; x_wconf 88' lang='lat' dir='ltr'>C.</span> <span class='ocrx_word' id='word_1_342' title='bbox 708 2927 762 2950; x_wconf 86' lang='lat'>20.</span> <span class='ocrx_word' id='word_1_343' title='bbox 788 2919 827 2949; x_wconf 84' lang='grc' dir='ltr'>τὰ</span> <span class='ocrx_word' id='word_1_344' title='bbox 847 2915 965 2949; x_wconf 81' lang='lat' dir='ltr'><strong>deest</strong></span> <span class='ocrx_word' id='word_1_345' title='bbox 958 2927 993 2949; x_wconf 88' lang='lat' dir='ltr'>m</span> <span class='ocrx_word' id='word_1_346' title='bbox 1013 2915 1103 2950; x_wconf 89' lang='lat' dir='ltr'><strong>Edd.</strong></span> <span class='ocrx_word' id='word_1_347' title='bbox 1122 2916 1191 2949; x_wconf 90' lang='lat' dir='ltr'><strong>inv.</strong></span> <span class='ocrx_word' id='word_1_348' title='bbox 1213 2916 1254 2949; x_wconf 85' lang='lat' dir='ltr'>B.</span> <span class='ocrx_word' id='word_1_349' title='bbox 1260 2914 1299 2948; x_wconf 91' lang='lat' dir='ltr'>C</span> <span class='ocrx_word' id='word_1_350' title='bbox 1306 2915 1338 2949; x_wconf 90' lang='lat' dir='ltr'>b.</span> <span class='ocrx_word' id='word_1_351' title='bbox 1589 2925 1643 2948; x_wconf 82' lang='lat'>21.</span> <span class='ocrx_word' id='word_1_352' title='bbox 1670 2915 1847 2959; x_wconf 80' lang='grc' dir='ltr'>ἐπαρτίσαι</span> <span class='ocrx_word' id='word_1_353' title='bbox 1867 2915 1907 2949; x_wconf 93' lang='lat' dir='ltr'>C.</span> 
     </span>
    </p>
   </div>
   <div class='ocr_carea' id='block_1_10' title="bbox 337 2959 1905 3049">
    <p class='ocr_par' dir='ltr' id='par_1_10' title="bbox 337 2959 1905 3049">
     <span class='ocr_line' id='line_1_40' title="bbox 338 2959 1905 3008; baseline 0.002 -16"><span class='ocrx_word' id='word_1_354' title='bbox 338 2959 523 3008; x_wconf 73' lang='grc' dir='ltr'>ἐπαρτῆσιιι</span> <span class='ocrx_word' id='word_1_355' title='bbox 542 2960 634 2995; x_wconf 81' lang='lat' dir='ltr'><strong>Edd.</strong></span> <span class='ocrx_word' id='word_1_356' title='bbox 684 2961 722 3004; x_wconf 81' lang='grc' dir='ltr'>ἣν</span> <span class='ocrx_word' id='word_1_357' title='bbox 739 2974 801 3006; x_wconf 84' lang='lat' dir='ltr'>pro</span> <span class='ocrx_word' id='word_1_358' title='bbox 818 2962 876 3005; x_wconf 84' lang='grc' dir='ltr'>τὴν</span> <span class='ocrx_word' id='word_1_359' title='bbox 894 2963 951 2995; x_wconf 87' lang='lat' dir='ltr'><strong>alt.</strong></span> <span class='ocrx_word' id='word_1_360' title='bbox 971 2962 1011 2996; x_wconf 91' lang='lat' dir='ltr'>C.</span> <span class='ocrx_word' id='word_1_361' title='bbox 1187 2973 1240 2996; x_wconf 80' lang='lat'>22.</span> <span class='ocrx_word' id='word_1_362' title='bbox 1266 2976 1415 3007; x_wconf 87' lang='grc' dir='ltr'>γενοιντο</span> <span class='ocrx_word' id='word_1_363' title='bbox 1437 2961 1521 2995; x_wconf 89' lang='lat' dir='ltr'><strong>B.C.</strong></span> <span class='ocrx_word' id='word_1_364' title='bbox 1542 2961 1675 3006; x_wconf 82' lang='lat' dir='ltr'><strong>Migne.</strong></span> <span class='ocrx_word' id='word_1_365' title='bbox 1694 2962 1852 3007; x_wconf 77' lang='grc' dir='ltr'>γένωνται</span> <span class='ocrx_word' id='word_1_366' title='bbox 1871 2962 1905 2996; x_wconf 89' lang='lat' dir='ltr'>b.</span> 
     </span>
     <span class='ocr_line' id='line_1_41' title="bbox 337 3005 1038 3049; baseline 0.006 -11"><span class='ocrx_word' id='word_1_367' title='bbox 337 3005 469 3049; x_wconf 78' lang='grc' dir='ltr'>γένοιτο</span> <span class='ocrx_word' id='word_1_368' title='bbox 492 3007 579 3040; x_wconf 76' lang='lat' dir='ltr'><strong>Edd.</strong></span> <span class='ocrx_word' id='word_1_369' title='bbox 771 3008 824 3041; x_wconf 81' lang='lat'>26.</span> <span class='ocrx_word' id='word_1_370' title='bbox 851 3011 986 3041; x_wconf 81' lang='grc' dir='ltr'>τοιαῦτα</span> <span class='ocrx_word' id='word_1_371' title='bbox 1004 3008 1038 3042; x_wconf 90' lang='lat' dir='ltr'>b.</span> 
     </span>
    </p>
   </div>
   <div class='ocr_carea' id='block_1_11' title="bbox 1932 1063 1979 1087">
    <p class='ocr_par' dir='ltr' id='par_1_11' title="bbox 1932 1063 1979 1087">
     <span class='ocr_line' id='line_1_42' title="bbox 1932 1063 1979 1087; baseline 0.021 -1"><span class='ocrx_word' id='word_1_372' title='bbox 1932 1063 1979 1087; x_wconf 92' lang='lat'>10</span> 
     </span>
    </p>
   </div>
   <div class='ocr_carea' id='block_1_12' title="bbox 1932 1889 1980 1913">
    <p class='ocr_par' dir='ltr' id='par_1_12' title="bbox 1932 1889 1980 1913">
     <span class='ocr_line' id='line_1_43' title="bbox 1932 1889 1980 1913; baseline 0 0"><span class='ocrx_word' id='word_1_373' title='bbox 1932 1889 1980 1913; x_wconf 89' lang='lat'>20</span> 
     </span>
    </p>
   </div>
  </div>
 </body>
</html>
