2018 3387
110 173 168 214 iii.
191 187 231 228 3,
253 189 294 225 4.
471 174 543 215 IN
588 173 1021 214 MALACIIIAM.
1081 171 1234 213 ΤΟΜ.
1270 170 1330 210 ΙΙ.
1610 169 1689 208 601

113 283 187 324 Καὶ
225 284 394 326 ἔσονται
431 286 492 340 τῷ
532 284 670 341 Κυρίῳ
704 285 994 342 ΠροσάΓοντεε
1039 282 1184 325 Θυσίας
1227 282 1272 323 ὲν
1310 280 1573 335 δικαιοσύνῃ·
1624 278 1733 322 »mm

176 367 320 423 ἀρέσει
364 370 425 421 τῷ
471 368 609 424 Κυρίῳ
656 368 776 409 Θυσία
814 368 957 407 Ἰούδα
1009 367 1072 407 καὶ
1109 364 1407 423 Ἰερουσαλὴμ,
1458 362 1600 403 καθὼς
1651 358 1733 401 uic

177 449 332 505 ἡμέραι
370 453 444 491 τοῦ
483 449 642 492 αἰῶνος
682 450 750 491 καὶ
789 450 932 491 καθὼς
969 450 1020 491 τὰ
1059 450 1132 490 ἔτη
1170 449 1221 490 τὰ
1259 450 1515 504 ἔμπροσθεν.

182 609 543 660 Ἀνακείσονταί
583 613 707 677 φησι
745 613 812 678 τῷ
851 613 970 678 Θεῷ·
1022 615 1161 660 τοῦτο
1199 608 1291 674 γὰρ
1337 606 1467 671 οἶμαί
1502 608 1604 656 ἐστι
1642 602 1696 655 τό

69 688 310 740 5ἸΕσοντοιι
351 696 413 760 τῷ
449 693 585 760 Κυρίῳ
625 691 936 760 προσάγοντες.
1002 691 1344 752 ἀνακεισόμεθα
1383 688 1430 739 δὲ
1469 692 1535 756 τῷ
1576 690 1696 755 Θεῷ,

112 771 276 836 ζῶντες
322 770 406 834 μὲν
445 773 622 825 ἑαυτοῖς
660 773 828 834 οὐκέτι,
871 773 1201 837 προσκείμενοι
1240 771 1287 822 δὲ
1329 768 1601 835 ὁλοτρόπως
1639 772 1697 835 τῇ

112 856 174 905 εἷς
213 852 356 903 αὑτὸν
395 854 570 920 ἀγάπῃ,
611 856 686 903 καὶ
724 856 864 904 παντὶ
904 853 960 916 δὴ
995 853 1152 903 σθένει
1187 856 1445 917 κατορθοῦν
1478 849 1700 918 ᾑρημένοι

111 932 171 983 τὰ
209 938 304 986 τοῖς
343 935 478 987 θείοις
518 935 660 985 αὑτοῦ
699 937 924 985 δοκοῦντα
964 933 1204 995 νεύμασιν.
1267 933 1358 1000 ἔφη
1400 955 1443 982 τι
1490 937 1700 981 τοιοῦτον

113 1017 189 1066 καὶ
227 1016 252 1065 ὃ
292 1014 545 1069 θεσπέσιος
587 1020 781 1069 Παῦλος
819 1018 924 1081 περὶ
963 1021 1044 1066 τοῦ
1083 1014 1274 1066 πάντων
1313 1015 1443 1077 ἡμῶν
1481 1015 1699 1077 Σωτῆρος

47 1120 95 1145 το
113 1100 330 1162 Χριστοῦ
372 1096 500 1151 ίίΕἷς
536 1096 630 1163 γὰρ
669 1096 784 1163 ὑπὲρ
823 1097 1014 1148 πάντων
1053 1096 1294 1158 ἀπέθανεν,
1333 1096 1408 1146 ἵνα
1449 1098 1490 1145 οὶ
1536 1094 1700 1160 ζῶντες

114 1184 141 1208 “
166 1176 328 1241 μηκέτι
371 1179 547 1233 ἑαυτοῖς
589 1178 746 1244 ζῶσιν,
786 1178 916 1229 ἀλλὰ
954 1183 1020 1247 τῷ
1065 1177 1179 1244 ὑπὲρ
1225 1179 1378 1228 αὐτῶν
1417 1175 1700 1227 ἀποθανόντι

113 1266 141 1288 “
167 1262 242 1309 καὶ
281 1260 559 1324 ἐγερθε’ντι.”
612 1261 935 1328 καταγράφων
974 1259 1021 1310 δὲ
1066 1260 1176 1323 ἡμῖν
1215 1257 1378 1324 ὥσπερ
1417 1261 1499 1320 τῆς
1537 1257 1701 1306 ἑαυτοῦ

113 1342 354 1395 πολιτείας
389 1341 443 1392 τὸ
479 1342 673 1404 κάλλος,
707 1344 781 1392 καὶ
817 1347 900 1392 τοῦ
939 1341 1056 1392 κατὰ
1086 1340 1303 1406 Χριστὸν
1329 1339 1590 1404 μυστηρίου
1616 1336 1703 1400 τὴν

116 1422 311 1486 δύναμιν
346 1425 532 1491 ἐμφανῆ
570 1423 816 1485 καθιστὰς,
853 1423 945 1491 ε”φη
979 1421 1127 1474 πάλιν
1159 1429 1186 1451 “
1203 1425 1404 1489 Χριστῷ
1439 1419 1702 1471 συνεσταύ-

49 1511 144 1561 15“
169 1523 337 1569 ρωμαι·
385 1504 445 1570 ζῶ
481 1505 528 1556 δὲ
568 1506 717 1556 οὐκέτι
756 1506 866 1570 ἐγὼ,
905 1504 963 1572 ζῇ
1005 1504 1053 1555 δὲ
1092 1506 1140 1554 ἐν
1174 1505 1273 1565 ἐμοὶ
1311 1501 1539 1568 Χριστός·
1593 1500 1617 1552 ὃ
1653 1501 1701 1551 δὲ

117 1592 145 1614 “
172 1591 252 1637 νῦν
280 1585 339 1651 ζῶ
375 1589 423 1636 ἐν
448 1589 606 1653 σαρκὶ,
641 1589 689 1638 ἐν
715 1586 872 1638 πίστει
907 1587 968 1653 ζῶ
1002 1589 1061 1653 τῇ
1089 1591 1170 1636 τοῦ
1197 1589 1314 1636 Υἱοῦ
1340 1590 1423 1634 τοῦ
1450 1588 1590 1641 Θεοῦ,
1619 1589 1702 1634 τοῦ

117 1674 144 1696 66

1635 1666 1700 1682 Α),

171 1666 511 1732 ἀγαπήσαντός
563 1691 621 1732 με
681 1670 755 1719 καὶ
805 1668 1099 1733 παραδόντος
1159 1665 1322 1718 ἑαυτὸν
1373 1664 1485 1730 ὑπὲρ
1545 1667 1671 1728 ἐμου.

119 1748 286 1799 ἔσονται
323 1748 379 1812 δὴ
415 1750 510 1812 οῦν,
548 1751 683 1817 φησὶ,
719 1749 1016 1818 προσάγοντες
1055 1754 1116 1818 τῷ
1156 1750 1307 1817 Κυρίῳ,
1345 1746 1573 1808 τουτέστι,
1606 1750 1702 1798 τοῖς

118 1830 260 1880 αὐτοῦ
295 1829 560 1894 θελήμασιν
591 1832 916 1881 ἀνακείσονται
950 1829 1122 1893 μόνοις,
1157 1830 1210 1879 οὐ
1237 1836 1263 1858 “

1278 1827 1337 1879 τὰ
1371 1829 1548 1893 ἐπίγεια
1582 1832 1701 1894 φρο-

51 1936 101 1961 20
119 1918 146 1940 ‘⁴
171 1912 394 1973 νοῦντες,”
432 1913 485 1962 οὐ
519 1911 626 1965 τοὺς
664 1914 714 1962 ἐκ
752 1914 834 1975 τῆς
873 1912 1050 1963 ἀδικίας
1089 1912 1365 1975 ἀγαπῶντες
1409 1907 1701 1972 μολυσμοὺς,

119 1993 174 2043 οὐ
211 1992 489 2060 πλεονεξίαν
522 1992 607 2056 τὴν
640 1993 759 2043 κατά
796 2015 934 2043 τινων
965 1996 1104 2055 τιμᾶν
1136 1990 1370 2058 ᾑρημένοι,
1405 1988 1703 2056 προσάγοντες

119 2072 168 2124 δὲ
216 2078 406 2137 μᾶλλον
451 2073 603 2129 θυσίοις
648 2071 943 2137 δικαιοσύνης.
1013 2074 1093 2123 καί
1138 2095 1218 2135 μοι
1262 2075 1389 2122 δοκεῖ
1433 2075 1601 2138 σοφῶς
1646 2069 1703 2133 δὴ

118 2153 228 2205 λίαν
262 2155 286 2203 ὁ
323 2158 520 2208 Παῦλος
555 2159 696 2206 εἰπεῖν
723 2162 749 2184 “
769 2154 1147 2218 Μετατιθεμένης
1180 2152 1274 2219 γὰρ
1314 2155 1396 2215 τῆς
1436 2151 1701 2217 ἱερωσύνης,

121 2243 149 2266 “
173 2236 229 2304 ἐξ
261 2234 466 2301 ἀνάγκης
501 2239 576 2287 καὶ
617 2236 761 2300 νόμου
798 2235 1047 2300 μετάθεσις
1080 2235 1294 2301 γίνεται.”
1344 2233 1579 2300 πρόσιμεν
1609 2233 1703 2299 γὰρ

54 2337 103 2376 25
123 2320 164 2367 οἱ
201 2318 249 2367 ἐν
288 2321 488 2386 Χριστῷ
528 2317 801 2382 κεκλημένοι
839 2317 957 2383 πρὸς
995 2316 1254 2383 ἱερουργίαν
1288 2317 1343 2366 δι’
1373 2314 1583 2378 αἱμάτων
1620 2314 1705 2378 μὲν

122 2398 271 2449 οὐκέτι
310 2402 386 2449 καὶ
426 2404 632 2458 καπνῶν,
670 2401 773 2450 οὕτε
813 2398 906 2462 μὴν
941 2398 1113 2462 ἀμνοῦς
1151 2397 1180 2463 ἢ
1218 2398 1404 2466 ἐρίφους
1441 2397 1703 2463 προσκομί-

122 2478 259 2545 ζομεν
298 2484 364 2548 τῷ
410 2484 534 2549 Θεῷ,
579 2486 852 2546 πληροῦμεν
893 2479 941 2531 δὲ
986 2484 1177 2543 μᾶλλον
1217 2481 1265 2529 ἐν
1307 2478 1577 2541 ἐκκλησίαις
1619 2477 1706 2542 τὴν

121 2563 170 2612 ἐν
207 2564 408 2630 Χριστῷ
449 2561 701 2625 νοουμένην
741 2561 912 2612 θυσίαν
951 2561 1037 2625 τὴν
1075 2561 1213 2627 ἁγίαν
1258 2562 1333 2610 καὶ
1376 2558 1705 2623 πνευματικὴν,

176 2743 205 2766 1.
233 2731 352 2767 θυσίας
371 2731 413 2766 Β.
431 2732 467 2774 (Ν
485 2730 588 2776 XII.)
607 2731 650 2765 cf.
670 2730 769 2764 infra.
789 2730 911 2764 θυσίαν
928 2729 1020 2764 Edd.
1210 2742 1242 2771 4.
1269 2729 1343 2763 ἐστι
1361 2735 1583 2773 assumptum
1600 2741 1642 2763 ex
1661 2728 1705 2763 B.

127 2787 160 2824 5.
185 2779 418 2823 προσάγοντες
435 2790 505 2812 orn.
526 2778 567 2811 B.
748 2776 781 2811 6.
807 2776 1020 2822 ὁλοτρόπως]
1043 2780 1081 2817 -4-
1102 2776 1155 2809 καὶ
1174 2775 1265 2809 Edd.
1455 2784 1485 2820 7.
1513 2776 1552 2819 δὴ
1571 2787 1641 2809 om.
1662 2776 1705 2810 Β.

131 2824 184 2859 16.
210 2827 270 2858 τοῦ
288 2825 483 2859 secundum
501 2830 723 2868 assumptum
741 2835 783 2856 ex
804 2823 845 2856 B.
1073 2831 1126 2867 17.
1152 2821 1250 2867 ἐμοῦ]
1275 2827 1311 2862 -ξ-
1333 2822 1391 2856 οὐκ
1408 2821 1515 2856 ἀθετῶ
1532 2822 1592 2864 τὴν
1608 2823 1708 2866 χάριν

127 2873 187 2905 τοῦ
206 2873 293 2904 Θεοῦ
312 2871 405 2905 Edd.
591 2871 643 2904 18.
668 2871 901 2914 προσάγοντες
918 2880 988 2903 om.
1008 2868 1051 2903 B.
1233 2880 1286 2913 19.
1311 2870 1425 2910 μόνοις
1444 2870 1587 2902 accessit
1604 2880 1643 2901 ex
1666 2868 1707 2902 B.

131 2928 186 2959 24.
210 2917 395 2961 προσίεμεν
413 2916 504 2951 Edd.
1035 2926 1089 2958 25.
1114 2916 1199 2959 πρὸς
1218 2914 1423 2960 ἱερουργίαν]
1445 2916 1631 2960 ἱερουργίας
1649 2915 1706 2949 iid-

130 2973 185 3008 27.
212 2963 373 3007 ἐκκλησίᾳ
391 2963 449 2998 iid-

187 3030 279 3057 vm„
304 3030 352 3058 11.
882 3031 909 3067 4
932 3030 959 3055 H

1764 1111 1779 1132 2
1798 1102 1872 1131 Cor.

1761 1156 1791 1176 v.
1813 1153 1860 1184 ¹5-

1718 1188 1746 1228 d

1762 1432 1835 1462 Gal.
1856 1431 1889 1462 ii.

1764 1486 1815 1506 20.

1720 1774 1741 1800 e

1763 1846 1849 1877 Phil.
1868 1845 1914 1876 iii.

1766 1898 1815 1931 ¹9-

1763 2173 1852 2205 Heb.
1868 2173 1925 2204 vii.

1769 2225 1781 2247 1
1791 2226 1817 2248 2.

1720 2423 1742 2447 a
1770 2415 1857 2448 854
1872 2414 1925 2449 Α.
