2060 3387
158 160 211 200 xi.
245 174 304 211 ¹4·
525 161 596 200 IN
640 159 1057 200 ΖΛΟΙΙΛΠΙΛΜ.
1120 157 1269 197 '1¹0M.
1304 156 1383 196 IV.
1659 154 1742 192 407

155 267 241 330 μὲν
285 272 369 319 “oi
420 271 632 332 ἀληθινοὶ
679 269 1040 332 προσκυνηταὶ,”
1090 268 1208 319 τίνες
1262 265 1308 315 δέ
1359 264 1417 313 αὖ
1463 266 1504 313 οἱ
1547 264 1665 313 ὡςί
1670 267 1744 309 εν
1762 270 1812 308 d
1807 299 1847 318 Η
1869 297 1920 326 ²3

156 356 183 378 ‘⁶
210 351 434 413 ἐνδύμασι
473 350 759 416 προβάτων”
801 350 917 415 πρὸς
957 350 1076 411 ἡμᾶς
1116 346 1355 414 ἐρχόμενοι
1395 353 1420 374 “
1439 342 1620 395 λύκοι.

1804 247 1835 275 S.
1855 245 1955 275 Joan.

1805 341 1966 372 S.31.2tt}1.

1807 396 1859 415 Vll.
1884 393 1928 424 15,

160 601 234 641 Καὶ
287 600 505 656 ἁπὲῤῥιψο(
556 602 631 641 τήν
682 602 839 656 ῥάβδον
890 601 964 642 τέιν
1018 600 1234 654 δευτέραν,
1284 598 1331 638 τὸ
1388 595 1619 650 σχοίνισμο,
1669 596 1811 634 τοῦῐ4

222 682 500 724 διασκεδάσαι
550 683 625 724 τήν
677 684 884 725 buxeriam
935 683 1014 723 ἀνά
1067 683 1195 730 μέσον
1241 683 1312 721 τοῦ
1351 678 1493 719 Ἰούδα
1546 677 1613 716 καὶ
1662 675 1742 716 ἀνὰ

114 764 136 801 5
224 767 351 812 μέσον
389 770 462 806 τοῦ
496 766 687 822 Ἰσραήλ.

230 911 462 973 Ῥάβδους
508 913 599 981 ἔφη
642 913 724 963 δύο
770 912 1017 980 λήψεσθαι
1066 910 1297 976 Χριστὸν,
1338 910 1458 959 οὕτω
1504 929 1553 956 τε
1597 928 1741 956 κατα-

157 992 374 1057 νεμήσειν
414 995 462 1044 ἐν
503 996 661 1048 αὐταῖς
705 994 765 1044 τὰ
810 998 951 1044 οἰκεῖα
989 991 1222 1058 πρόβατα,
1262 993 1408 1054 δῆλον
1448 988 1496 1039 δὲ
1543 987 1613 1039 ὅτι
1652 992 1746 1037 τῶν

157 1074 232 1125 διὰ
275 1075 481 1129 πίστεως
526 1076 823 1139 κεκλημένων
865 1074 952 1138 τὴν
996 1075 1134 1139 ἁγίαν
1174 1071 1378 1136 πληθύν.
1449 1072 1524 1121 καὶ
1568 1068 1746 1136 ῥάβδον

157 1155 242 1219 μὲν
273 1154 387 1206 εἶναι
413 1156 499 1221 τὴν
526 1157 678 1220 καλὴν
704 1156 925 1221 ἐλέγομεν
952 1155 1036 1219 τὴν
1061 1154 1288 1215 παιδειάν,
1317 1153 1417 1216 η’τοι
1443 1150 1496 1202 τὸ
1530 1150 1744 1216 κήρυγμα
1763 1170 1784 1196 e

92 1261 139 1286 10
157 1237 211 1288 τὸ
236 1238 555 1303 εὐαγγελικὸν,
581 1239 666 1301 τὴν
687 1238 834 1303 γεμὴν
861 1238 1033 1302 ἑτέραν,
1061 1235 1275 1287 τουτέστι
1301 1235 1345 1285 τὶ)
1374 1235 1633 1299 σχοίνισμει,
1661 1230 1746 1295 τὴν

158 1318 235 1370 διὰ
274 1320 521 1373 Μωυσέως
558 1319 771 1382 ἐντολὴν,
811 1321 873 1371 ὡς
907 1321 973 1386 τῷ
1008 1317 1317 1383 σχοινίσματι
1352 1319 1418 1383 τῷ
1455 1313 1746 1376 ἐκνεμηθέντι

160 1404 284 1451 Θεῶ·
342 1401 556 1452 τουτέστι
602 1405 668 1469 τῷ
705 1400 924 1466 Ἰσραήλ·
989 1402 1208 1449 δοθεῖσαν
1253 1400 1315 1451 εἷς
1365 1395 1588 1460 βοήθειαν
1628 1394 1747 1445 κατὰ

158 1481 244 1546 τὴν
277 1488 361 1533 τοῦ
394 1482 643 1550 προφητου
677 1481 842 1550 φωνήν
873 1479 1084 1543 ((Νόμον
1113 1478 1206 1545 γάρ
1244 1483 1396 1548 φησιν
1432 1480 1494 1530 εἷς
1527 1475 1747 1540 βοήθειαν

160 1571 187 1593 “
213 1564 454 1615 δέ.”δωκεν
527 1564 597 1615 ὅτι
643 1566 798 1615 τοίνυν
841 1565 943 1632 οὐχὶ
986 1563 1042 1627 δὴ
1089 1563 1247 1626 μόνοις
1290 1568 1385 1616 τοῖς
1429 1563 1748 1626 εὐαγγελικοῖς

95 1664 140 1702 15
160 1647 471 1708 παιδεύμασιν
509 1646 537 1709 ἡ
575 1650 670 1697 τῶν
703 1647 849 1696 ἐθνῶν
888 1646 1057 1709 ε”μελλε
1095 1647 1503 1710 παιδαγωγεῖσθαι
1541 1641 1745 1706 πληθὺς,

161 1727 292 1779 ἀλλὰ
339 1727 432 1794 γὰρ
484 1729 559 1778 καὶ
609 1728 767 1781 αὐταῖς
817 1732 916 1780 ταῖς
965 1726 1116 1778 πάλαι
1168 1749 1217 1777 τε
1262 1728 1336 1776 καὶ
1381 1724 1456 1776 διὰ
1502 1723 1750 1776 Μωυσέως

160 1811 395 1864 δοθείσαις
418 1811 657 1867 ἐντολαῖς,
692 1807 1137 1872 μεταπλαττομένης
1173 1806 1392 1871 δηλονότι
1422 1809 1505 1869 τῆς
1538 1807 1587 1856 ἐν
1622 1803 1749 1872 νόμῳ

161 1896 299 1945 σκιᾶς
333 1895 395 1945 εἷς
430 1890 668 1955 ἀλήθειαν,
703 1893 777 1941 καὶ
810 1889 886 1940 διὰ
921 1893 1015 1940 τῶν
1045 1888 1362 1954 προκειμένων
1387 1887 1496 1951 ἡμῖν
1521 1887 1748 1950 καθίστη-

1808 913 1914 953 Supra

1808 968 1872 987 ver.
1897 965 1924 995 7.

1808 1305 1909 1336 Dent.

1808 1349 1910 1379 xxxii.
1923 1359 1960 1386 0:

1808 1393 1847 1422 of.
1872 1402 1971 1431 supra

1812 1435 1909 1474 7622..

1810 1490 1862 1520 Es.
1884 1490 1950 1519 viii.

1811 1542 1862 1564 20.

161 1995 242 2023 σιν
276 1973 478 2038 ἐναργές.
538 1969 698 2038 ὥσπερ
738 1970 831 2037 γὰρ
870 1971 1192 2038 ἀποῤῥιφῆναί
1225 1992 1273 2020 τε
1313 1971 1389 2020 καὶ
1427 1970 1787 2031 σκεδασθῆναιᾶ
1818 1987 1903 2022 ’,768
1921 1986 1974 2021 Α.

95 2078 144 2103 20
162 2053 247 2118 τὴν
285 2052 437 2117 καλὴν
470 2053 562 2150 ἔφη
600 2051 794 2119 ῥάβδον·
845 2053 1077 2118 διεσπάρη
1110 2050 1204 2117 γὰρ
1243 2049 1407 2116 ὥσπερ
1441 2052 1489 2101 ἐν
1520 2054 1619 2102 ταῖς
1654 2053 1749 2100 τῶν

162 2133 442 2186 Χαναναίων
485 2134 658 2202 χώραις
703 2134 730 2198 ἡ
773 2133 1053 2198 εὐαγγελικὴ
1097 2134 1357 2195 παίδευσις,
1400 2134 1750 2198 περιενεχθεΐσα

164 2215 382 2281 δηλονότι
428 2215 502 2267 διὰ
547 2220 641 2266 τῶν
685 2215 833 2281 ἁγίων
877 2214 1182 2265 ἀποστόλων·
1242 2215 1363 2265 οὕτω
1412 2236 1487 2264 και
1538 2213 1566 2275 ἡ
1618 2212 1751 2278 ἑτέρα

165 2294 344 2392 ῥάβδος,
396 2296 498 2360 ἠτοι
548 2297 805 2358 παίδευσις,
857 2295 1072 2347 τουτέστι
1124 2320 1169 2347 το
1217 2318 1477 2363 σχοινισμοι,
1528 2294 1674 2387 ἤγουν
1725 2295 1751 2343 ὁ

166 2377 324 2441 νόμος,
357 2379 381 2428 ὁ
416 2380 463 2428 ἐν
494 2377 624 2446 τάξει
661 2375 865 2438 διαθήκης
900 2377 1029 2443 παρὰ
1065 2381 1190 2428 Θεοῦ
1222 2379 1364 2429 τεθεὶς
1395 2377 1482 2428 ἐινέι
1517 2399 1646 2443 μεσον
1678 2399 1749 2426 του

98 2456 309 2517 25Ἰοῦθει
364 2465 441 2510 καὶ
494 2457 579 2509 alvo}
627 2458 758 2527 μέσον
807 2460 877 2510 τοῧ
919 2456 1121 2527 Ἰσραὴλ,
1176 2457 1391 2509 τουτέστι
1442 2455 1618 2510 παντὸς
1669 2462 1752 2507 τοῦ

219 2627 249 2651 Ι.
275 2617 319 2652 ὣς
337 2628 407 2651 om.
427 2616 474 2650 D.
539 2614 574 2650 ἐν
591 2613 753 2658 ἐνδύμασι
773 2613 852 2648 B..b
872 2613 1034 2658 ἐνδυμασι
1058 2614 1104 2648 D.
1125 2614 1261 2659 Migne.
1279 2614 1341 2648 ε’ν·
1350 2613 1432 2658 -δύμ
1435 2628 1495 2648 cto-2
1514 2613 1555 2647 C.
1574 2613 1609 2647 ἐν
1626 2613 1690 2657 δύμ
1693 2628 1752 2648 ασι

168 2663 731 2698 Edd.10-12
755 2660 912 2695 τουτέστι
929 2662 967 2694 τὸ
985 2659 1314 2706 σχοίνισμα-Θεῷ]
1336 2660 1393 2694 Sic
1412 2660 1452 2694 C.
1472 2660 1609 2694 favente
1626 2660 1661 2700 b,
1679 2660 1751 2705 qui,

168 2709 325 2744 τουτέστι
349 2710 388 2743 τὸ
413 2709 601 2754 σχοίνισμα
625 2707 801 2747 omittens,
823 2707 955 2752 reliqua
979 2707 1096 2741 habet..
1122 2708 1230 2750 στολη
1234 2722 1251 2740 ν
1268 2708 1380 2751 prima
1403 2718 1510 2740 manu
1529 2705 1581 2746 C,
1600 2718 1620 2740 a
1643 2718 1753 2740 manu

136 2797 143 2801 .
168 2756 299 2790 recenti
321 2755 364 2789 ad
387 2755 527 2798 ἐντολὴν
544 2755 762 2799 castigatum.
787 2753 926 2796 ἐντολὴν
949 2752 1054 2787 habet
1070 2753 1106 2787 b.
1157 2752 1287 2787 Omnia
1310 2753 1438 2787 omittit
1460 2753 1520 2793 D.,
1539 2752 1669 2786 scilicet
1691 2764 1753 2797 per

169 2802 466 2836 homoeoteleuton
482 2807 522 2835 ut
540 2812 641 2845 saepe
664 2800 746 2834 alibi
763 2811 782 2834 a
797 2800 954 2833 τουτέστι
972 2799 1016 2832 ad
1033 2813 1190 2833 τουτεστι
1206 2799 1416 2833 transiliens.
1467 2799 1535 2833 Pro
1552 2798 1607 2832 his
1625 2799 1751 2838 verbis,

170 2848 231 2890 τὴν
246 2849 393 2883 παλαιὰν
410 2847 567 2891 διαθήκην
584 2846 676 2880 Edd.
822 2847 947 2892 12.τῷ
968 2844 1007 2879 C.
1011 2845 1046 2880 b.
1065 2846 1124 2886 τὴν
1140 2847 1185 2890 τῷ
1206 2845 1299 2880 Edd.
1440 2854 1493 2889 17.
1518 2846 1752 2888 μεταπλαττο-

171 2908 271 2938 μενης
287 2894 321 2928 b.
341 2893 433 2928 Edd.
450 2894 759 2937 μεταπλαττόμενοι
778 2891 819 2926 C.
836 2880 1163 2937 μεταπλαττομένοις
1182 2892 1228 2926 D.
1376 2903 1430 2937 19.
1455 2893 1571 2936 ὥσπερ
1588 2893 1654 2938 γὰρ
1673 2890 1752 2927 C.b.

174 2954 226 2974 και
244 2941 359 2985 ὥσπερ
378 2940 470 2975 Edd.
534 2954 570 2973 τε
589 2944 809 2984 assumptum
828 2950 868 2972 ex
888 2938 928 2972 C.
932 2938 967 2972 b.

917 3004 1033 3046 302
