2049 3366
123 211 234 235 DEUS.

177 320 290 365 Deus,
312 321 347 356 in
369 321 439 357 hoc
464 321 752 357 miscricordiam
775 321 879 357 exhi·

179 385 253 429 bct,
302 386 401 433 quod
448 386 616 434 ingratos
668 387 883 423 miserescat

183 452 256 485 158
278 450 312 485 b.
363 451 475 491 Deum,
501 450 675 486 Israelem
697 456 737 486 ut
757 451 882 486 nutrix

179 514 372 556 infantem,
396 521 433 551 et
454 515 655 563 colligavit,
678 521 713 551 et
735 515 885 551 sustulit

184 579 257 614 158
279 591 310 614 e.
362 579 479 620 Deus,
506 580 660 626 abjectis
684 580 775 620 aliis,
798 592 884 614 suos

178 642 347 679 liberavit
372 645 446 680 159
468 657 498 679 a.
548 644 666 685 Deus,
695 644 883 685 Israelem,

179 720 247 743 ceu
272 721 406 755 parens
431 709 559 752 filium,
582 709 696 756 alapis
723 708 884 755 castiga-

178 772 232 808 vit
256 774 329 808 159
352 773 387 808 d.
443 773 556 814 Deus,
587 786 628 808 ex
658 778 792 808 natura
821 785 886 808 sua

180 837 405 885 longanimis
443 839 516 873 162
552 837 575 872 d
602 849 642 881 e;
692 839 764 873 163
800 849 820 871 a
847 837 883 872 b.

182 901 301 943 Deus,
331 907 480 937 sanctus
510 907 648 945 tamen,
678 906 715 937 et
745 902 886 949 peccati

180 966 282 1003 ultor
315 968 387 1002 163
410 966 445 1001 d.
515 966 630 1011 Deus,
661 978 735 1002 non
768 966 886 1001 nostri

182 1031 322 1076 similis,
358 1043 427 1067 nec
460 1031 704 1078 implacabilis
743 1033 815 1067 164
851 1044 884 1066 a.

182 1095 299 1136 Deus,
335 1095 453 1131 scelus
492 1095 626 1131 rationi
659 1095 886 1131 contrarium

181 1172 257 1195 non
277 1159 416 1207 patitur
440 1161 514 1196 166
535 1160 558 1195 b
573 1173 605 1195 e.
663 1160 777 1202 Deus,
806 1172 885 1195 cas-

182 1224 338 1272 tigando
368 1224 541 1260 emendat
576 1226 649 1260 166
680 1236 712 1260 e.
772 1224 886 1265 Deus,

184 1288 437 1324 Patriarcham
453 1289 572 1324 Jacob
587 1289 749 1324 vindicat
768 1290 842 1325 168
857 1301 886 1325 c.

184 1354 299 1395 Deus,
318 1354 417 1401 quod
431 1353 552 1389 Jacob
569 1354 606 1389 in
628 1359 733 1389 utero
749 1353 887 1398 fecerit,

184 1419 263 1466 ipse
279 1418 454 1454 excitavit
474 1419 547 1454 168
564 1431 594 1454 e.
639 1418 752 1463 Deus,
768 1417 889 1454 Jacob

183 1482 288 1518 fratri
304 1482 530 1530 praeposuit,
544 1483 792 1519 obedientiam
810 1483 890 1530 ejus

185 1553 222 1584 et
259 1547 405 1583 labores
439 1547 660 1595 praevidens
698 1549 771 1583 169
807 1560 828 1582 a
858 1559 887 1583 c.

185 1612 299 1654 Deus,
339 1611 376 1647 in
413 1611 564 1647 Christo
601 1611 703 1647 visus
745 1613 818 1648 169
854 1612 889 1646 (1.

186 1677 300 1717 Deus,
326 1676 381 1711 sui
409 1688 594 1712 memores
621 1676 716 1712 sicut
741 1676 889 1712 Patrem

184 1741 303 1777 Jacob
348 1740 529 1777 memoria
574 1741 688 1777 habet
738 1742 809 1777 171
852 1740 888 1776 (1.

186 1805 300 1846 Deus,
318 1810 489 1853 posteros
504 1805 621 1842 Jacob
639 1805 788 1854 flagello
808 1818 891 1841 eru-

187 1870 241 1905 dit
266 1872 339 1906 172
362 1882 383 1905 a
402 1869 436 1905 b.
486 1869 602 1915 Deus,
623 1882 689 1917 per
710 1870 891 1905 sinceram

187 1934 364 1982 pietatem
384 1934 737 1982 appropinquandus
762 1936 835 1971 172
859 1947 889 1970 e.

187 1999 300 2042 Deus,
323 2011 410 2034 suos
434 1999 613 2035 memoria
632 1998 792 2035 retinere
813 1998 891 2034 vult

192 2066 265 2100 174
281 2075 313 2099 e.
353 2062 470 2104 Deus,
487 2063 687 2099 custodivit
703 2064 891 2109 Israelem,

188 2128 307 2163 donec
344 2139 474 2175 regem
512 2128 714 2175 postulavit
752 2130 824 2165 178
860 2141 891 2165 a.

188 2192 301 2237 Deus,
329 2198 415 2228 ante
443 2191 605 2234 Saulem,
633 2205 698 2240 per
725 2192 892 2243 Prophe-

187 2264 245 2293 tas
260 2257 416 2305 regebat
435 2259 507 2294 178
525 2257 569 2303 b;
605 2259 678 2294 185
695 2258 730 2294 b.
775 2257 891 2303 Deus,

188 2335 263 2357 non
278 2323 417 2370 gaudet
430 2322 611 2370 sanguine
629 2325 703 2359 180
719 2323 753 2358 d.
790 2323 893 2358 Deus

190 2386 308 2433 ipsam
339 2386 528 2422 homicidii
557 2387 785 2423 mentionem
816 2387 894 2423 odit

195 2452 268 2487 180
285 2463 316 2487 e.
363 2451 476 2492 Deus,
495 2457 682 2487 creaturas
702 2452 801 2493 fecit,
818 2464 893 2487 non

190 2520 231 2550 ut
258 2515 353 2557 illae,
381 2515 447 2550 sed
474 2521 514 2551 ut
540 2515 625 2563 Ipse
652 2516 795 2551 colatur
819 2518 889 2552 181

191 2580 215 2615 d
244 2592 276 2615 e.
333 2580 445 2620 Deus,
491 2580 659 2627 ingratos
706 2580 894 2616 ulciscitur

195 2646 268 2680 182
291 2656 323 2680 e.
384 2643 500 2684 Deus,
523 2643 642 2679 omnis
668 2650 818 2680 nostrae
837 2644 889 2680 fe-

192 2708 341 2744 licitatis
385 2714 514 2757 auctor
561 2711 633 2744 183
675 2721 708 2744 a.
779 2709 894 2751 Deus,

192 2772 304 2808 animi
364 2772 530 2808 medicus
589 2773 895 2820 diligentissimus

198 2839 269 2874 183
291 2838 327 2873 b.
382 2836 500 2878 Deus
523 2837 740 2884 gravissime
765 2850 895 2885 aegro-

192 2907 330 2943 tantes,
370 2901 600 2949 gravissimis
641 2907 745 2937 curat
782 2902 895 2937 medi-

194 2965 285 3000 cinis
320 2967 391 3001 184
418 2966 450 3001 b.
511 2966 626 3008 Deus,
657 2978 768 3014 quare
798 2967 892 3014 seip-

665 201 875 237 INDEX
936 201 1178 238 RERUM.
1629 204 1706 238 663

1006 336 1086 358 suni
1136 323 1264 359 bestiis
1318 330 1510 371 comparat
1562 325 1634 359 184
1681 336 1711 359 e.

1008 389 1120 429 Dens,
1149 388 1239 423 iram
1267 400 1371 423 suam
1400 394 1552 435 peccato
1579 394 1713 435 aequat

1013 454 1083 487 184
1108 453 1145 489 d.
1204 453 1321 497 Deus,
1349 465 1461 500 qnare
1488 465 1616 501 regem
1644 453 1711 488 Ju-

1007 517 1108 552 daeis
1139 517 1363 553 concesserit
1401 519 1472 553 185
1507 517 1542 552 d.
1598 517 1713 558 Deus,

1007 594 1073 628 per
1111 582 1379 629 experientiam
1418 582 1527 619 docet
1569 584 1642 618 185
1682 595 1713 618 e.

1009 646 1124 691 Deus,
1172 652 1209 682 et
1255 647 1373 682 virtus
1417 652 1484 689 est,
1533 653 1570 682 ct
1615 646 1714 682 salus

1009 711 1142 752 omnis,
1179 711 1351 746 omnibus
1395 713 1466 747 187
1504 724 1535 747 a.
1599 711 1713 755 Deus,

1009 775 1148 811 Israele
1178 775 1337 823 abjecto,
1367 776 1536 811 homines
1566 775 1714 810 univer-

1010 852 1070 874 sos
1091 840 1205 887 elegit
1234 842 1306 876 187
1329 841 1365 876 b.
1415 841 1526 882 Deus,
1548 840 1715 875 mortali-

1009 904 1077 940 bus
1109 904 1288 940 universis
1317 905 1629 953 Redemptionem
1659 904 1714 939 of-

1009 968 1081 1004 fert
1113 970 1185 1005 187
1214 969 1282 1004 ed.
1340 970 1453 1010 Deus,
1485 982 1551 1005 ceu
1582 974 1715 1004 ventus

1009 1046 1133 1074 urens,
1164 1033 1334 1069 inimicos
1361 1033 1555 1081 dissipabit
1588 1035 1661 1069 189
1683 1045 1716 1068 a.

1010 1097 1125 1141 Deus,
1161 1097 1299 1133 nemini
1337 1099 1606 1145 repugnandus
1645 1099 1715 1133 im-

1010 1174 1109 1209 pune
1134 1164 1207 1198 190
1230 1162 1263 1198 b.
1312 1162 1429 1204 Deus,
1448 1175 1546 1199 nunc
1566 1175 1716 1211 pavore,

1011 1238 1110 1261 nunc
1131 1226 1394 1268 misericordia,
1416 1228 1461 1263 ad
1483 1228 1718 1264 suadendum

1010 1290 1130 1326 utitur
1167 1292 1238 1326 191
1277 1304 1308 1328 a.
1366 1293 1478 1333 Deus,
1515 1292 1644 1336 laudes
1683 1298 1720 1329 et

1010 1354 1160 1403 gratias,
1186 1367 1262 1390 non
1290 1356 1470 1392 sacrificia
1496 1357 1617 1407 poscit
1645 1360 1715 1394 191

1012 1419 1046 1455 b.
1118 1420 1233 1460 Deus,
1282 1420 1535 1467 orphanorum
1584 1422 1719 1463 Tutor,

1017 1486 1089 1520 192
1112 1484 1148 1519 b.
1198 1484 1314 1526 Deus,
1336 1484 1486 1521 Israelis
1506 1486 1721 1523 memoriale

1013 1549 1126 1585 habet
1155 1555 1375 1597 perpetuum
1410 1553 1482 1587 194
1511 1564 1541 1588 e.
1603 1552 1719 1595 Deus,

1013 1619 1050 1649 et
1067 1613 1275 1649 afflictionis
1296 1620 1333 1650 et
1350 1616 1615 1652 consolationis
1636 1629 1723 1652 auc-

1012 1684 1072 1714 tor
1094 1679 1228 1714 unicus
1254 1681 1327 1715 195
1352 1679 1386 1714 d.
1444 1680 1562 1725 Deus,
1583 1681 1722 1728 pietate

1013 1742 1210 1790 animoque
1232 1755 1322 1791 erga
1342 1743 1452 1780 Illum
1478 1751 1587 1792 grato
1614 1746 1721 1782 laeti-

1014 1807 1148 1842 ficatur
1183 1809 1258 1843 208
1293 1820 1338 1853 e;
1390 1810 1466 1845 270
1491 1822 1531 1855 c;
1573 1813 1646 1847 321
1679 1824 1720 1857 e;

1014 1871 1103 1907 item
1159 1871 1301 1907 musica
1351 1872 1498 1920 piorum
1549 1877 1624 1911 307
1673 1888 1722 1921 e;

1013 1935 1115 1976 item,
1176 1936 1422 1973 retributione
1481 1938 1596 1986 digna
1656 1953 1723 1988 pro

1013 2000 1202 2035 beneficiis
1252 2003 1328 2038 347
1364 2014 1408 2047 e3
1456 2002 1558 2045 item,
1598 2004 1723 2040 animo

1014 2077 1058 2100 ea
1086 2077 1180 2111 quae
1205 2064 1264 2100 Illi
1291 2065 1439 2112 placent
1469 2068 1616 2115 optanti
1644 2071 1721 2105 695

1015 2129 1059 2174 d;
1101 2131 1177 2166 819
1203 2142 1247 2175 c;
1287 2130 1388 2172 item,
1419 2132 1611 2169 sacerdote
1640 2133 1722 2169 dili-

1015 2194 1140 2244 gentia
1175 2195 1276 2230 omni
1312 2195 1544 2232 ministrante
1577 2199 1652 2234 825
1689 2210 1721 2234 e.

1016 2257 1136 2300 Deus,
1158 2259 1195 2294 in
1221 2259 1441 2307 castigando
1469 2267 1658 2308 paternus,
1684 2263 1723 2298 in

1015 2323 1199 2359 medendo
1238 2324 1358 2360 sciens
1402 2327 1478 2362 202
1514 2338 1546 2361 a.
1603 2327 1720 2369 Deus,

1015 2393 1150 2423 natura
1171 2400 1237 2424 sua
1257 2388 1302 2424 ad
1325 2389 1617 2426 misericordiam
1638 2404 1723 2439 pro-

1016 2465 1088 2487 nus
1123 2454 1199 2489 205
1230 2465 1263 2489 c.
1338 2453 1454 2495 Deus,
1488 2454 1633 2492 fructus
1666 2469 1723 2492 re-

1017 2517 1130 2564 quirit
1156 2517 1299 2565 gratiae
1327 2520 1402 2554 208
1432 2530 1464 2554 e.
1526 2518 1642 2564 Deus,
1666 2520 1723 2568 je-

1012 2581 1160 2629 junium
1184 2587 1283 2617 amat
1308 2582 1493 2618 sincerum
1520 2589 1557 2619 et
1577 2584 1720 2620 miseri-

1017 2658 1099 2681 cors
1139 2648 1215 2682 209
1252 2659 1281 2682 e.
1341 2646 1458 2688 Deus,
1499 2648 1723 2685 sacrificium

1018 2722 1093 2745 non
1126 2710 1196 2745 nisi
1236 2711 1427 2758 spirituale
1460 2712 1542 2748 vult
1577 2715 1654 2749 210
1688 2726 1721 2749 a.

1017 2774 1132 2814 Deus,
1168 2775 1445 2822 poenitentibus
1482 2783 1618 2813 natura
1655 2790 1723 2814 sua

1018 2845 1056 2874 et
1095 2839 1304 2875 misericors
1344 2846 1381 2876 et
1421 2853 1529 2876 verax
1569 2844 1646 2879 210
1685 2843 1721 2878 b.

1019 2903 1135 2945 Deus,
1152 2903 1342 2940 Ecclesiae
1362 2905 1507 2953 lugenti
1522 2905 1723 2955 indulgens

1022 2970 1098 3005 210
1113 2980 1140 3003 e.
1192 2968 1306 3011 Deus,
1325 2982 1417 3017 quos
1437 2970 1518 3007 vult
1535 2977 1669 3013 servat,
1685 2977 1723 3008 et
