2001 3361
261 187 337 221 724

311 304 511 345 invehitur,
551 305 796 353 illaqueantes
838 307 1017 354 populum

316 372 389 406 133
425 382 468 415 ος
511 375 548 406 et
582 370 703 406 scelus
736 371 937 408 nefandum
972 373 1019 408 ad

313 434 479 469 Gabaam
509 435 788 472 committentes
813 440 886 473 132
909 450 949 483 e;
981 444 1018 474 et

309 497 490 534 fructibus
534 505 572 535 et
613 501 743 537 avibus
787 502 923 538 deserti
964 504 1019 538 Is-

308 563 445 599 raelem
476 571 669 613 comparat
701 568 775 603 136
805 579 847 612 e;
884 567 1016 603 sterili-

307 632 384 663 tate
432 629 629 665 mulierum
681 631 911 678 puniendum
966 632 1017 668 ait

311 693 385 728 137
416 705 459 739 ες
506 700 544 730 et
582 695 704 731 Deum
744 697 875 744 procul
915 698 1018 733 abfu-

306 761 431 793 turum
457 761 530 795 138
552 772 593 805 c;
629 766 666 797 ct
686 761 781 797 uteri
803 768 839 797 et
859 762 1015 798 uberum

304 823 486 869 praedicit
515 824 724 862 ariditatem
759 829 834 863 139
856 827 903 872 d;
936 828 1016 862 Deo

305 886 444 924 invisos
486 902 568 925 esse
612 891 663 927 ait
707 891 923 927 idololatras
969 893 1015 928 ad

307 951 443 1000 Galgal
476 956 551 991 140
582 968 622 1001 c;
662 962 699 992 et
730 957 907 992 radicitus
942 957 1012 993 sic-

304 1023 408 1052 catos
437 1018 481 1053 iri
509 1022 579 1055 141
605 1032 649 1066 c;
685 1021 813 1057 Israeli
844 1022 1011 1058 multitu-

304 1081 428 1118 dinem
449 1084 620 1121 altarium
648 1087 850 1135 exprobrat
874 1090 947 1124 142
971 1101 1012 1134 e,·

303 1152 341 1183 et
360 1160 469 1196 reges
490 1150 541 1185 ait
568 1151 601 1186 ei
629 1151 852 1197 defecturos,
873 1153 1012 1189 violato

302 1218 530 1250 testamento
555 1218 628 1252 143
651 1228 692 1262 e;
727 1217 816 1253 item
845 1217 1009 1265 peregri-

302 1290 390 1313 num
407 1279 536 1326 Apidis
555 1281 693 1316 cultum
711 1282 939 1318 vindicatum
958 1283 1011 1327 iri,

301 1344 508 1390 peregrinis
548 1344 756 1382 Samariam
791 1360 1009 1395 expugnan—

300 1407 401 1442 tibus
425 1411 500 1445 144
518 1422 557 1454 e;
584 1413 657 1447 145
676 1411 720 1456 b;
747 1412 833 1447 item
855 1425 1011 1448 munera

300 1472 346 1507 ad
369 1473 514 1521 Regem
533 1475 651 1510 Jarim
679 1476 893 1513 mittentem
921 1490 1008 1513 con-

300 1536 424 1573 fusum
458 1538 501 1574 iri
535 1541 609 1575 146
641 1553 683 1585 e;
722 1541 870 1589 Regem
900 1555 1009 1578 suum

300 1608 491 1639 sarmento
520 1617 631 1652 super
659 1618 793 1653 aquam
818 1614 1009 1655 comparat

304 1669 377 1702 147
400 1667 446 1711 b;
483 1669 596 1716 Apim
617 1682 702 1706 cuin
724 1671 901 1707 altaribus
923 1685 1006 1720 pro-

294 1731 438 1778 jectum
465 1733 509 1768 iri
534 1737 607 1770 147
629 1747 672 1780 e;
709 1736 832 1782 colles,
853 1736 1007 1773 idolola-

298 1796 391 1832 triae
413 1798 531 1839 sedes,
548 1799 595 1835 ab
616 1799 786 1836 hostibus
807 1808 1008 1849 occupatos

298 1862 340 1897 iri
366 1864 439 1898 148
463 1863 509 1907 d;
545 1866 619 1901 150
642 1877 686 1914 εἰς
723 1866 838 1902 vitulo
869 1867 1004 1903 intrac-

297 1927 401 1963 tabili
430 1928 615 1976 Ephraim
644 1938 836 1979 comparat
861 1935 936 1969 150
958 1933 1004 1978 b3

292 1992 387 2041 jugo
409 1994 619 2042 subjectum
637 1995 678 2030 iri
696 1996 859 2032 declarat
878 2000 946 2034 151
967 2010 1004 2043 a;

297 2059 481 2094 seminare
536 2060 573 2095 in
626 2060 771 2107 justitia
833 2062 1006 2098 hortatur

300 2125 371 2159 151
397 2136 438 2168 e;
466 2123 700 2172 iniquitatem
722 2127 1005 2173 vindemiantes,

296 2194 334 2224 et
367 2188 530 2224 turribus
565 2191 727 2226 confisos
767 2193 1005 2239 reprehendit

300 2256 374 2290 153
397 2254 443 2299 b;
476 2254 604 2290 Israeli
626 2255 693 2302 ipsi
715 2256 875 2292 intentat
899 2258 1004 2293 Prin-

294 2319 385 2366 cipis
432 2319 611 2355 Salmatia
653 2333 784 2357 necem
835 2325 908 2358 154
954 2323 1001 2367 d;

294 2396 435 2425 rursus,
457 2384 520 2427 ait,
542 2384 658 2421 Israel
683 2398 793 2422 mane
813 2388 1002 2434 projectus

294 2462 315 2484 a
335 2449 430 2491 Deo,
452 2450 555 2485 brevi
582 2450 783 2498 accipietur
811 2453 885 2487 156
907 2464 951 2497 a,
982 2465 1002 2487 a

294 2512 378 2550 Deo
409 2515 575 2556 dilectu&
606 2515 651 2551 ab
681 2516 858 2564 Aegypto
888 2529 998 2552 voca-

292 2579 392 2614 bitur
422 2582 495 2615 157
518 2592 562 2625 a;
596 2580 822 2622 idololatras,
853 2587 890 2617 et
921 2581 1000 2617 Sal-

292 2649 462 2680 vatorem
488 2657 563 2680 non
590 2652 874 2693 cognoscentes,
896 2646 1002 2694 alapa

294 2709 537 2757 corrigendos
571 2710 621 2746 ait
654 2712 728 2746 158
760 2723 804 2756 a;
844 2712 918 2747 159
950 2711 997 2757 d,

292 2773 339 2808 ad
368 2772 494 2810 Deum
523 2776 690 2811 converti
719 2775 899 2820 nolentes,
925 2776 997 2811 As-

293 2838 400 2884 syriis
421 2839 672 2887 subjiciendos
696 2842 770 2877 160
786 2840 831 2885 b;
858 2839 996 2882 Deum,

292 2900 433 2938 honore
454 2916 522 2939 suo
541 2904 727 2952 privatum
747 2905 855 2941 irasci
873 2907 942 2941 161
960 2917 997 2950 c;

296 2963 475 3011 Ephraim
515 2973 555 3004 ut
593 2969 717 3005 Adma
764 2975 801 3005 et
841 2970 997 3006 Zeboim

797 187 1010 223 INDEX
1068 187 1312 223 RERUM.

1717 202 1850 225 OSEAS.

1143 308 1309 344 deletum
1328 308 1371 343 iri
1396 309 1470 345 162
1492 308 1514 343 d
1531 320 1539 353 3
1570 308 1733 357 rugienti
1752 309 1851 345 leoni

1144 372 1287 421 Cyrum
1314 379 1507 421 comparat
1531 375 1605 410 165
1627 386 1648 409 a
1663 373 1710 419 d;
1745 374 1851 410 resti-

1142 438 1324 474 tuendum
1368 438 1418 474 ait
1460 439 1497 474 in
1545 439 1699 474 domum
1743 451 1850 475 suum

1143 503 1321 539 Israelem
1346 505 1419 539 165
1442 516 1484 548 e;
1521 509 1558 539 et
1577 503 1761 551 templum
1781 504 1850 540 Dei

1143 575 1318 604 vocatum
1360 569 1401 604 iri
1445 570 1518 604 166
1559 569 1606 613 d3
1655 568 1848 616 Ephraim,

1143 646 1227 669 cum
1249 633 1413 682 Assyriis
1436 633 1588 669 foedera
1608 639 1849 681 pangentem,

1142 704 1254 734 vento
1285 699 1384 746 pasci
1419 701 1491 735 167
1517 699 1603 742 ab;
1643 699 1763 734 Deum
1795 699 1848 734 ul-

1141 769 1265 799 turum
1296 776 1377 800 esse
1405 764 1524 799 Jacob
1557 765 1631 800 168
1654 763 1702 809 b,
1739 776 1848 811 quem

1141 828 1176 863 in
1217 835 1323 864 utero
1361 828 1559 876 praescivit
1601 830 1674 864 169
1715 841 1762 873 a3
1812 834 1849 864 et

1141 893 1354 929 memoriale
1386 894 1466 941 ejus
1496 893 1662 928 futurum
1696 895 1770 929 169
1801 905 1848 939 e3

1139 958 1183 995 ad
1201 958 1469 1006 poenitentiam
1486 964 1523 994 et
1539 958 1847 1006 supplicationem

1138 1023 1310 1058 hortatur
1340 1025 1409 1059 171
1435 1035 1476 1064 e;
1510 1023 1756 1065 Chananaeis,
1778 1035 1843 1072 op-

1138 1088 1371 1135 pressoribus
1426 1088 1600 1124 Israelem
1654 1094 1847 1136 comparat

1141 1155 1213 1189 173
1242 1153 1291 1199 b3
1326 1153 1577 1189 habitaturum
1607 1165 1691 1188 eum
1722 1153 1756 1188 in
1789 1159 1844 1188 ta-

1137 1217 1346 1253 bernaculis
1391 1218 1554 1253 declarat
1597 1221 1669 1253 174
1709 1218 1759 1263 b,
1806 1218 1844 1254 in

1138 1283 1274 1331 Galgal
1322 1283 1558 1319 immolantes
1606 1282 1845 1330 reprehendit

1141 1351 1213 1384 175
1236 1361 1280 1394 e,
1315 1348 1446 1384 irridet
1476 1348 1645 1383 altarium
1676 1348 1842 1383 multitu-

1136 1414 1260 1449 dinem
1285 1416 1358 1449 176
1381 1414 1429 1459 d;
1461 1413 1574 1461 patris
1596 1412 1716 1448 Jacob
1737 1412 1842 1448 boni-

1135 1485 1248 1514 tatem
1268 1479 1465 1526 nepotibus
1481 1479 1560 1526 ejus
1577 1478 1713 1525 probro
1730 1476 1842 1513 vertit

1138 1545 1211 1578 176
1237 1556 1283 1589 e3
1318 1543 1385 1579 sub
1417 1556 1534 1591 regno
1558 1542 1841 1589 Prophetarum,

1133 1608 1253 1643 Deum
1286 1608 1412 1643 Israeli
1443 1608 1577 1643 favisse
1607 1608 1657 1642 ait
1690 1609 1763 1643 178
1792 1619 1837 1653 a3

1132 1685 1241 1720 reges
1275 1673 1458 1708 humanos
1492 1672 1672 1719 poscenti,
1703 1673 1838 1708 iratum

1130 1736 1245 1773 fuisse
1297 1740 1368 1773 178
1409 1750 1453 1783 c;
1503 1737 1677 1772 Israelem
1718 1737 1838 1773 Deum

1131 1815 1258 1838 verum
1282 1802 1499 1837 adorantem
1522 1802 1702 1842 floruisse,
1726 1802 1836 1843 idola,

1132 1868 1283 1914 periisse
1308 1869 1381 1903 179
1403 1867 1448 1908 b;
1480 1866 1575 1902 filios
1597 1879 1683 1901 suos
1705 1867 1838 1902 immo-

1129 1932 1280 1972 lantem,
1329 1932 1533 1968 extinctum
1581 1931 1624 1966 iri
1677 1933 1750 1968 180
1789 1944 1833 1973 c;

1129 1997 1288 2033 cundem
1337 1997 1513 2032 admonet
1562 1996 1606 2032 de
1648 1996 1836 2032 Creatoris

1131 2062 1368 2098 Providentia
1402 2063 1471 2097 181
1506 2074 1551 2107 ος
1591 2062 1637 2097 de
1667 2061 1836 2109 redemp-

1127 2127 1229 2162 tione
1273 2140 1319 2162 ex
1359 2127 1535 2174 Aegypto
1578 2128 1651 2162 182
1692 2126 1742 2171 b,
1790 2126 1836 2162 de

1128 2192 1294 2227 bonitate
1333 2191 1401 2227 Dei
1444 2191 1481 2226 in
1524 2191 1684 2232 deserto,
1724 2197 1761 2226 et
1798 2190 1835 2226 in

1127 2262 1226 2291 terra
1256 2255 1394 2292 Sancta
1425 2258 1497 2292 183
1521 2256 1605 2297 ab;
1638 2262 1769 2291 contra
1797 2255 1834 2291 in

1127 2334 1213 2357 suos
1234 2322 1458 2358 saeviturum
1479 2334 1559 2357 esse
1582 2322 1717 2359 Deum.
1739 2321 1835 2357 sicut

1125 2387 1270 2422 leonem
1310 2393 1373 2422 aut
1411 2387 1632 2434 pantheram
1675 2388 1748 2422 184
1781 2385 1830 2430 b;

1128 2452 1249 2487 Deum
1307 2452 1426 2487 solum
1485 2451 1692 2499 adjutorem
1752 2463 1833 2486 esse

1128 2518 1200 2552 185
1231 2517 1280 2562 b3
1320 2529 1448 2564 regem
1479 2516 1607 2552 Israeli
1638 2521 1675 2552 et
1704 2516 1831 2551 datum

1123 2588 1159 2617 et
1180 2582 1344 2617 ablatum
1365 2594 1459 2623 esse,
1476 2581 1556 2617 Deo
1577 2581 1671 2616 irato
1696 2582 1769 2617 185
1787 2591 1827 2625 c;

1122 2646 1270 2682 dolores
1291 2646 1323 2681 ei
1344 2646 1628 2694 parturientium
1650 2645 1830 2693 praedicit

1122 2716 1298 2746 venturos
1332 2712 1406 2746 186
1434 2723 1477 2751 a3
1520 2711 1565 2746 ab
1595 2709 1739 2745 inferno
1769 2714 1827 2744 ta-

1122 2788 1206 2811 men
1237 2775 1432 2811 liberatum
1462 2775 1517 2817 iri,
1540 2774 1667 2810 aculeo
1696 2773 1828 2809 mortis

1121 2840 1287 2876 extincto
1312 2841 1385 2876 187
1407 2840 1457 2885 b;
1494 2838 1699 2879 Christum,
1722 2837 1823 2874 Con-

1121 2905 1341 2941 solationem
1400 2902 1526 2939 mundi
1587 2903 1826 2950 praenuntiat

1124 2971 1196 3006 188
1215 2981 1288 3013 ao;
1310 2968 1371 3015 qui
1391 2968 1485 3003 sicut
1501 2972 1633 3002 ventus
1654 2966 1824 3003 australis
