2053 3382
336 213 412 248 666

388 330 620 378 poenitentes
635 328 863 377 poenitentia
877 334 1095 376 compensat

392 397 467 432 384
495 406 524 430 c.
575 395 690 436 Deus,
719 398 848 429 auctor
875 393 1095 440 afflictionis,

391 471 465 494 non
495 457 746 505 improbitatis
781 458 856 495 385
885 471 915 494 c.
975 457 1093 499 Deus,

389 522 556 558 medicus
614 522 810 570 spirituum
867 522 1096 558 vulnerando

390 592 497 623 sanat
529 588 606 624 386
638 599 669 623 c.
733 587 849 628 Deus,
884 586 1006 623 Jonae
1039 585 1094 621 in-

389 651 561 700 dignanti
595 651 766 700 indulget
794 653 870 689 386
906 663 937 687 e.
982 651 1095 693 Deus,

389 716 634 759 cucurbitam,
664 716 857 752 voluntate
886 728 989 752 mera
1017 728 1095 758 sua,

390 794 467 817 non
535 782 663 824 verbo,
724 781 863 817 creavit
930 782 1005 817 387
1063 792 1095 821 c,

390 846 521 882 eadem
551 845 745 882 voluntate
774 845 935 894 perdidit
965 846 1040 881 388
1064 856 1096 880 a.

387 911 505 952 Deus,
542 910 725 947 infinitam
764 910 916 947 exhibet
953 908 1095 945 miseri-

390 975 569 1017 cordiam,
616 974 640 1012 J
645 987 738 1012 onae
784 973 1009 1023 indignanti,
1058 978 1098 1008 ut

388 1045 496 1088 pater
517 1040 591 1076 filio
608 1039 799 1077 colludens
817 1042 892 1077 388
907 1039 943 1076 b.
981 1039 1096 1079 Deus,

390 1105 560 1141 Nineves
598 1110 656 1141 tot
693 1105 808 1141 millia
844 1103 1096 1153 parvulorum,

391 1169 482 1206 item
513 1169 769 1218 jumentorum
801 1169 954 1212 animas,
986 1168 1096 1204 mise-

391 1238 507 1276 ratus,
541 1233 712 1271 exhibuit
735 1234 920 1283 justitiam
953 1235 1029 1271 389
1062 1232 1095 1269 b.

392 1299 506 1341 Deus,
535 1311 602 1346 per
631 1299 838 1349 Prophetas
866 1299 1013 1335 locutus
1042 1303 1099 1334 est

394 1365 471 1400 393
493 1376 526 1406 a,
551 1366 627 1400 519
650 1377 683 1400 a.
742 1364 856 1407 Deus,
884 1364 921 1400 in
950 1362 1099 1411 templis

395 1428 539 1464 habitat
601 1441 676 1464 non
733 1428 888 1476 lapideis
942 1431 1017 1465 393
1066 1440 1097 1463 c.

393 1492 508 1535 Deus,
543 1505 610 1540 per
647 1505 706 1529 res
744 1494 926 1529 humanas
960 1491 1097 1528 descri-

392 1557 491 1592 bitur
522 1559 598 1594 394
629 1570 661 1594 a.
719 1558 833 1599 Deus,
858 1557 986 1606 egredi
1015 1557 1099 1592 loco

394 1621 540 1663 dicitur,
561 1622 622 1658 ubi
647 1622 693 1658 ad
717 1622 904 1670 agendum
928 1627 1099 1658 movetur

397 1689 473 1723 394
525 1687 560 1728 b,
611 1687 753 1723 calcare
798 1699 908 1735 super
950 1686 1100 1723 excelsa

392 1757 527 1793 terrae,
576 1752 638 1787 ubi
681 1752 849 1788 excelsos
904 1751 1099 1788 conculcat

395 1819 471 1853 394
494 1829 533 1863 c;
559 1822 633 1858 aut,
650 1817 733 1853 loco
754 1829 927 1865 egressus
948 1823 1015 1858 est,
1037 1816 1098 1852 ubi

395 1881 516 1917 factus
543 1887 599 1918 est
625 1882 739 1918 homo
768 1884 843 1918 395
868 1895 888 1918 a
903 1894 912 1927 ;
944 1881 1099 1918 calcavit

395 1957 508 1994 super
546 1946 693 1982 excelsa
732 1952 866 1987 terrae,
905 1947 967 1982 ubi
1012 1946 1098 1982 dae-

395 2023 526 2047 monas
553 2011 687 2059 dejecit
713 2013 789 2048 395
811 2011 846 2047 b.
898 2011 1015 2052 Deus,
1036 2017 1099 2047 aut

395 2076 575 2112 ¹amandus
595 2076 827 2124 tempestive,
850 2082 913 2112 aut
932 2082 1099 2112 metuen-

396 2140 465 2176 dus
500 2143 575 2177 397
608 2154 640 2177 a.
716 2141 830 2184 Deus,
861 2141 983 2177 omnis
1011 2141 1099 2176 boni

396 2205 631 2252 dispensator
669 2206 904 2242 confitendus
945 2207 1019 2243 398
1061 2205 1097 2241 d.

395 2271 510 2312 Deus,
533 2270 662 2306 vicinis
693 2269 884 2306 Samariae
913 2270 1097 2306 irridenti-

395 2335 465 2370 bus
486 2332 701 2383 indigna'tus
722 2340 779 2371 est
799 2338 876 2371 400
892 2335 935 2380 d;
962 2338 1038 2372 402
1057 2348 1098 2377 a;

395 2398 487 2434 item
538 2400 741 2435 Ecclesiam
793 2400 1099 2447 persequentibus

398 2466 471 2499 401
501 2476 531 2499 c.
589 2464 701 2508 Deus,
727 2464 856 2500 hostes
881 2464 1098 2512 Hierosoly-

396 2541 477 2564 mae
499 2528 675 2564 admonet
696 2530 772 2565 402
788 2541 819 2564 c.
861 2527 977 2570 Deus,
991 2529 1100 2564 casti-

396 2598 462 2639 gat
507 2605 606 2633 suos,
648 2606 724 2629 non
773 2593 910 2629 deserit
952 2593 1098 2641 penitus

398 2660 474 2694 403
492 2657 534 2699 b;
567 2657 742 2693 Nominis
763 2658 817 2693 sui
838 2670 948 2693 causa
969 2661 1045 2694 403
1067 2670 1096 2693 c.

395 2722 513 2763 Deus,
540 2722 703 2758 severius
729 2723 937 2770 puniturus,
966 2722 1100 2758 delicta

397 2786 552 2833 exponit
568 2786 804 2834 denudatque
822 2789 897 2823 405
911 2785 944 2822 lc.
979 2786 1096 2827 Deus,

396 2849 550 2886 Judaeis
580 2863 655 2886 non
689 2850 1023 2892 considerantibus,
1055 2851 1099 2886 de

397 2914 537 2950 ultione
563 2915 771 2951 considerat
794 2918 870 2951 406
892 2916 927 2951 b.
986 2917 1098 2957 Deus,

398 2978 511 3013 vitam
564 2979 712 3022 bonam,
762 2993 836 3015 non
891 2980 1137 3033 lachrymasl

868 208 1079 244 INDEX
1137 208 1384 244 RERUM.
1809 221 1919 245 DEUS.

1221 329 1364 377 quaerit
1385 331 1462 366 409
1484 341 1513 364 c.
1572 328 1684 370 Deus,
1707 328 1923 365 simulantes

1219 394 1486 442 poenitentiam
1536 398 1729 429 aversatur
1768 395 1845 429 409
1885 393 1923 435 d,

1219 470 1306 494 vere
1335 458 1613 506 poenitentibus
1643 457 1759 505 parcit
1783 459 1860 494 409
1888 469 1920 499 e,

1219 528 1262 558 ut
1294 523 1375 571 regi
1407 523 1614 564 Roboamo,
1650 527 1769 558 semet
1798 520 1921 556 humi-

1219 587 1323 623 lianti
1371 589 1448 624 410
1487 600 1517 623 a.
1595 586 1714 628 Deus,
1753 585 1923 634 supplicii

1220 664 1326 688 mora
1357 651 1682 700 longanimitatem
1717 663 1823 687 suam
1861 662 1924 686 ex·

1219 716 1323 753 hibet
1353 719 1430 753 415
1466 729 1508 758 a;
1549 716 1676 752 Facies
1706 716 1788 764 ejus
1818 727 1923 751 aver*

1221 781 1364 817 sionem
1395 781 1563 829 sequitur
1591 780 1739 817 miseria
1773 782 1850 817 415
1880 791 1902 815 a
1913 791 1923 825 3

1223 847 1299 882 529
1339 859 1372 883 a.
1444 845 1562 888 Deus,
1597 846 1772 882 seductos
1805 850 1925 886 curat,

1221 924 1352 947 omnes
1381 916 1483 947 creat
1506 916 1659 959 propter
1685 922 1798 958 opera
1826 909 1926 945 bona

1223 978 1299 1012 417
1331 988 1362 1012 a.
1419 976 1535 1018 Deus,
1562 987 1673 1012 omne
1701 986 1822 1023 genus
1844 985 1927 1021 per-

1222 1041 1405 1077 suasionis
1443 1040 1602 1088 experiri
1640 1040 1734 1076 solet
1773 1040 1847 1076 421
1889 1038 1925 1074 b.

1221 1105 1338 1147 Deus,
1389 1111 1538 1141 sanctos
1587 1110 1624 1141 et
1670 1104 1841 1140 aedificat
1889 1108 1928 1139 et

1221 1170 1405 1206 inhabitat
1435 1172 1509 1207 421
1534 1182 1575 1215 e;
1615 1171 1692 1206 422
1717 1169 1751 1205 b.
1809 1168 1926 1212 Deus,

1222 1235 1498 1283 corruptionem
1530 1234 1659 1283 judicii
1690 1233 1928 1270 abominatur

1224 1301 1300 1336 422
1322 1312 1353 1336 c.
1413 1299 1531 1341 Deus,
1556 1312 1630 1335 non
1660 1299 1733 1334 fide
1763 1298 1841 1335 sola
1869 1298 1925 1333 in-

1222 1365 1414 1400 fructuosa
1433 1370 1634 1400 contentus
1651 1366 1726 1401 423
1745 1377 1776 1400 e.
1807 1363 1924 1406 Deus,

1225 1429 1402 1466 Israelitis
1456 1441 1574 1477 usque
1623 1429 1670 1465 ad
1720 1427 1925 1471 Samulem,

1222 1506 1289 1542 pro
1311 1494 1417 1541 Rege
1442 1494 1512 1530 fuit
1533 1496 1606 1530 431
1634 1493 1676 1539 b;
1707 1493 1753 1528 ab
1776 1492 1849 1528 illis
1869 1503 1926 1527 re-

1164 1597 1167 1599 ,
1218 1560 1342 1608 jectus
1359 1561 1432 1595 431
1450 1559 1485 1594 d.
1524 1557 1643 1600 Deus,
1661 1558 1744 1605 Ipse
1763 1556 1926 1605 primum

1222 1623 1316 1659 rexit
1338 1623 1528 1664 Israelem,
1542 1635 1609 1670 per
1625 1628 1774 1658 sanctos
1795 1620 1923 1656 minis-

1223 1694 1301 1724 tros
1323 1690 1398 1724 434
1421 1700 1451 1724 e.
1510 1688 1627 1731 Deus,
1645 1687 1839 1723 Christum
1861 1697 1927 1733 per

1224 1754 1383 1789 Crucem
1407 1752 1585 1788 exaltavit
1613 1755 1688 1790 435
1712 1752 1746 1788 d.
1806 1751 1925 1792 Deus,

1223 1823 1347 1854 rector
1359 1817 1524 1865 cujusvis
1539 1817 1577 1852 in
1597 1817 1720 1864 ipsum
1740 1814 1925 1852 credentis

1225 1883 1302 1918 436
1332 1882 1368 1917 b.
1427 1882 1543 1922 Deus,
1569 1880 1704 1916 Adami
1733 1885 1927 1928 peccatum

1224 1946 1405 1995 praevidit
1437 1948 1513 1983 436
1548 1946 1582 1981 d.
1640 1946 1756 1986 Deus,
1796 1944 1927 1981 miscet

1223 2018 1386 2048 terrores
1419 2010 1696 2053 blandimentis,
1733 2012 1809 2046 444
1837 2009 1862 2045 d
1892 2022 1924 2045 e.

1223 2077 1340 2118 Deus,
1369 2076 1548 2112 beneficia
1571 2088 1649 2117 sua,
1671 2087 1738 2123 per
1764 2075 1926 2116 Mosem,

1224 2143 1425 2182 Aaronem,
1447 2148 1484 2178 et
1514 2140 1687 2186 Mariam,
1709 2139 1837 2175 Israeli
1863 2151 1925 2175 ex-

1224 2207 1376 2257 probrat
1402 2208 1478 2242 446
1500 2218 1529 2241 a.
1588 2205 1706 2247 Deus,
1727 2215 1927 2240 onerosum

1224 2270 1315 2308 nihil
1344 2271 1502 2319 imperat
1532 2273 1608 2306 447
1639 2283 1672 2306 a.
1730 2271 1844 2311 Deus,
1871 2269 1926 2305 Is-

1224 2336 1371 2372 raelitas
1444 2335 1683 2371 immemores
1748 2334 1927 2382 aruspicis

1225 2401 1378 2437 Balaam
1434 2400 1661 2436 condemnat
1711 2402 1787 2435 447
1835 2399 1859 2434 b
1891 2398 1925 2434 d.

1224 2467 1340 2509 Deus,
1370 2464 1478 2500 istam
1510 2476 1579 2500 nos
1610 2463 1777 2511 exposcit
1807 2463 1926 2499 chari·

1224 2535 1353 2570 tatem,
1402 2529 1632 2564 voluntatem
1690 2529 1771 2576 ejus
1823 2526 1927 2574 sequi

1225 2597 1301 2630 447
1348 2607 1379 2630 e.
1437 2594 1552 2634 Deus,
1597 2593 1725 2640 quales
1769 2591 1925 2628 oblatio—

1223 2672 1289 2695 nes
1327 2658 1513 2694 desideret
1551 2659 1627 2694 448
1667 2670 1688 2692 a
1716 2668 1749 2698 e,
1793 2668 1926 2703 nempe

1219 2723 1418 2772 justitiam,
1470 2722 1702 2761 charitatem,
1749 2720 1925 2768 pietatem

1225 2790 1301 2824 449
1323 2800 1343 2823 a
1359 2799 1390 2822 c.

1223 2853 1309 2894 lem,
1339 2864 1413 2887 non
1448 2851 1711 2898 sanguineum,
1741 2849 1927 2885 desiderat

1226 2919 1301 2952 449
1334 2916 1355 2951 d
1381 2929 1413 2951 e.

1226 2981 1389 3025 seorsim,
1428 2985 1463 3014 et
1502 2991 1629 3014 omncs
1669 2978 1790 3019 simul,
1835 2979 1924 3015 allo<

1451 2786 1568 2828 Deus,
1590 2785 1731 2821 cultum
1753 2784 1924 2832 spiritua-

1472 2915 1583 2959 Deus,
1623 2913 1770 2949 Israelis
1808 2913 1926 2949 tribus
