2007 3366
97 613 175 662 3Jon.

98 667 140 687 ιν.
161 664 190 695 3.

99 780 188 813 520
204 778 255 812 A.
281 787 302 812 a
319 786 346 807 ιι
371 778 496 845 ζῆν»

98 829 183 860 Phil.
200 829 220 860 i.

99 883 116 904 α
121 883 151 912 3.

102 2264 202 2295 Deut.
220 2265 239 2295 i.

107 2316 154 2349 17.

323 178 376 218 72
699 182 749 221 Β.
795 179 1070 222 CYRILLI
1120 181 1499 222 ALEXANDR.
1743 181 1768 220 i.
1793 194 1893 235 3‚4.

318 287 754 353 μακροθυμήσαντα
804 291 879 340 καὶ
929 291 978 340 ἐν
1021 295 1214 355 μακροῖς
1253 292 1374 342 οὕτω
1415 290 1610 359 χρόνοις,
1649 290 1795 354 ἤγουν
1833 292 1897 343 ὡς

318 370 598 439 ἀπαλλάξαι
640 371 724 434 μὲν
765 376 847 422 τοῦ
887 371 995 433 βίου
1037 370 1305 436 δυνάμενον,
1346 373 1420 424 ἵνα
1462 372 1529 437 μὴ
1573 371 1760 438 γένηται
1804 376 1898 422 τῶν

318 452 465 506 οὕτως
490 453 824 504 ἐκτοπωτάτων
849 456 923 504 καὶ
949 452 1131 517 θεατής.
1187 453 1289 508 ε”θος
1324 455 1372 505 δὲ
1407 459 1503 509 τοῖς
1535 456 1682 521 ἁγίοις
1716 455 1764 505 ἐν
1798 459 1899 507 ταῖς

319 534 441 584 οὕτω
484 539 668 601 πικραῖς
719 535 1052 604 ὀλιγοψυχίαις
1099 535 1154 587 τὸ
1205 538 1441 587 ἀναλῦσαι
1485 537 1646 603 ζητεῖν,
1688 535 1899 601 καθάπερ

320 613 482 678 ἀμέλει
516 621 591 666 καὶ
631 617 656 667 ὁ
690 615 914 683 μακάριος
939 618 1100 672 Ἰωνᾶς
1127 625 1153 648 “
1176 621 1269 669 Καὶ
1308 624 1389 670 νῦν
1423 618 1564 686 Κύριε
1598 618 1732 682 λάβε,
1761 621 1896 687 φησὶ,

320 704 346 726 “
373 696 458 760 τὴν
500 698 664 766 ψυχήν
701 722 793 762 μου
832 700 911 750 ἀπ’
948 702 1072 763 ἐμοῦ,
1112 700 1180 752 ὅτι
1216 700 1364 752 καλὸν
1401 700 1455 752 τὸ
1494 702 1743 751 ἀποθανεῖν
1777 724 1833 764 με
1869 699 1898 764 ἢ

534 780 707 848 γράφει
746 781 794 832 δὲ
828 783 903 832 καὶ
942 783 967 832 ὁ
1005 783 1286 850 σοφώτατος
1315 787 1508 836 Παῦλος
1533 783 1603 833 ὅτι
1628 791 1654 812 “
1674 787 1900 849 Κρεῖττον

280 903 281 906 ¹
321 869 347 892 ‘⁶
372 861 426 913 τὸ
451 864 687 914 ἀναλῦσαι
713 868 788 915 καὶ
813 864 906 916 σῦν
931 869 1131 935 Χριστῷ
1157 864 1319 917 εἷναι.”
1373 866 1530 917 πόνων
1556 865 1649 932 γὰρ
1675 864 1900 918 ἀπόθεσις

317 949 413 999 τοῖς
452 946 595 1011 ἁγίως
625 946 841 998 ἐθέλουσι
875 947 975 1014 ζῆν,
1003 947 1057 999 τὸ
1093 947 1486 1000 ἀπαλλάττεσθαι
1524 947 1692 999 λοιπὸν
1725 952 1819 998 τῶν
1852 948 1900 997 ἐν

319 1029 435 1098 τῷδε
470 1031 535 1098 τῷ
575 1028 742 1098 κόσμῳ
786 1029 1092 1097 πραγμάτων,
1132 1033 1207 1082 καὶ
1246 1030 1342 1082 οἷον
1386 1033 1534 1095 δεινῆς
1571 1033 1782 1081 ἀνεῖσθαι
1818 1031 1899 1093 τῆς

318 1109 478 1162 ἐνθάδε
510 1113 774 1181 φροντίδος.

280 1374 592 1420 4Ἒξενοιντίαε
619 1391 697 1424 μου
727 1377 868 1423 ΓὲΓονε
904 1376 1048 1433 κρίσις,
1077 1376 1143 1417 καὶ
1177 1377 1200 1418 ὁ
1236 1377 1381 1433 κριτὴς
1413 1376 1630 1426 λαμβάνει·
1670 1375 1737 1416 διὰ
1778 1378 1899 1416 τοῦτο

388 1460 682 1502 ὃιεσκέ-ῑδαοται
722 1462 863 1511 νόμος,
893 1461 958 1502 καὶ
997 1462 1045 1502 οὐ
1084 1461 1319 1508 διεΞάΓετοιι
1358 1460 1417 1502 εἰς
1454 1462 1577 1502 τέλος
1617 1458 1756 1517 κρῖμα,
1782 1461 1846 1502 ὅτι
1875 1459 1899 1500 ὁ

389 1545 545 1596 ἀσεβὴς
574 1546 932 1587 καταδυναστεύει
970 1546 1042 1588 τὸν
1079 1546 1254 1597 δίκαιον,
1281 1548 1425 1588 ἕνεκεν
1451 1547 1603 1587 τούτου
1630 1546 1899 1589 ἐξελεύσεται

389 1628 437 1669 τὸ
466 1625 591 1685 κρῖμα
619 1628 965 1686 διεστραμμένον.

385 1768 501 1821 “Orc
540 1770 683 1835 μηδὲν
717 1770 832 1822 ἰ’διον
873 1771 998 1840 αὐτῷ
1034 1769 1087 1822 τὸ
1121 1774 1429 1839 μικροψυχεῖν
1466 1771 1728 1832 ἀναπεῖθον,
1769 1770 1900 1821 ἀλύει

321 1851 370 1903 δὲ
403 1857 595 1917 μᾶλλον
632 1855 694 1907 ὡς
732 1853 862 1919 ἁγιός
899 1876 948 1904 τε
983 1855 1058 1904 καὶ
1097 1853 1389 1920 φιλοδίκαιος
1426 1856 1508 1917 τῆς
1548 1853 1670 1906 θείας
1708 1854 1901 1916 ἐντολῆς

321 1937 613 2002 ἀλογοῦντας
646 1935 853 1998 βλέπων,
882 1936 984 2003 οὐχὶ
1018 1934 1125 1990 τοὺς
1159 1935 1385 2003 τυχόντας
1424 1936 1601 1997 ἁπλῶς,
1629 1934 1759 1985 ἀλλὰ
1793 1933 1900 1990 τοὺς

1918 642 1940 680 <st

1923 1050 1969 1075 10

1924 1638 1969 1675 15

319 2024 420 2073 ταῖς
465 2017 722 2072 ἀνωτάταις
761 2023 913 2082 τιμαῖς
949 2018 1466 2083 ἐκλελαμπρυσμένους,
1501 2020 1577 2068 καὶ
1617 2022 1747 2068 λαῶν
1783 2040 1900 2084 προ-
1959 2041 1964 2061 t

321 2100 590 2166 εστηκότας,
623 2105 699 2152 καὶ
732 2104 792 2154 εἶς
829 2099 882 2152 τὸ
923 2105 1017 2151 τῶν
1058 2100 1334 2167 δικαζόντων
1372 2100 1557 2169 ἀξίωμα
1593 2100 1901 2165 τεταγμένους

283 2204 304 2231 c
322 2184 556 2235 δείκνυσιν
581 2185 800 2250 ἐναργῶς,
826 2182 909 2236 τὰς
943 2186 1006 2237 εἷς
1041 2182 1273 2249 ὀρθότητα
1309 2182 1505 2251 ψήφους
1535 2181 1901 2248 παραλελύσθαι

321 2265 487 2332 λέγων,
522 2267 669 2316 καίτοι
702 2271 784 2316 τοῦ
824 2263 968 2328 νόμου
1011 2269 1183 2334 σαφῶς
1222 2263 1570 2331 διηγορευκότος
1609 2266 1727 2315 “Οὑ
1760 2263 1901 2334 λήψῃ

282 2384 285 2389 ι
323 2355 350 2377 “
374 2348 635 2415 πρόσωπον
669 2349 717 2399 ἐν
751 2348 900 2415 κρίσει
934 2346 1004 2398 ὅτι
1038 2348 1066 2412 ἡ
1105 2349 1257 2414 κρίσις
1295 2353 1377 2398 τοῦ
1404 2351 1528 2398 Θεοῦ
1565 2347 1713 2398 ε’στι.”
1778 2348 1901 2413 μέγα

1922 2126 1971 2151 20

322 2429 378 2495 δὴ
406 2431 487 2481 οὖν
510 2429 564 2482 τὸ
591 2431 760 2497 κρίνειν
790 2431 907 2493 ἐστὶ,
934 2432 1009 2481 καὶ
1043 2432 1125 2494 τῆς
1163 2429 1287 2484 θείας
1326 2431 1552 2496 ὑπεροχῆς
1577 2452 1625 2480 τε
1656 2430 1731 2479 καὶ
1757 2428 1900 2498 δόξης
1959 2456 1964 2477 :

321 2511 522 2577 μιμητὴς
566 2511 622 2563 ἂν
659 2512 840 2578 γε’νοιτο
881 2512 1034 2581 σοφὸς
1076 2513 1101 2563 ὁ
1139 2512 1396 2565 ἀδέκαστος
1434 2509 1670 2575 δικαστὴς,
1701 2514 1776 2562 Καὶ
1813 2511 1899 2576 Τὴν
1920 2532 1968 2571 ²5

373 2721 403 2744 1.
431 2710 527 2745 Haec
545 2712 597 2746 καὶ
615 2711 650 2746 ἐν
666 2713 805 2757 μακροῖς
822 2710 908 2746 οὕτω
926 2714 1059 2757 χρόνοις
1077 2717 1297 2747 accesserunt
1314 2723 1356 2745 ex
1375 2711 1468 2746 BJ).
1626 2723 1659 2757 3.
1686 2711 1788 2747 ὅντως
1805 2711 1897 2747 Edd.

323 2757 376 2790 καὶ
394 2768 462 2790 om.
485 2758 525 2792 Β.
852 2771 885 2804 5.
912 2759 1027 2804 ἀμέλει
1046 2772 1116 2794 orn.
1138 2761 1181 2793 l).
1234 2759 1323 2804 φησὶ
1341 2760 1427 2798 λάβε
1445 2759 1582 2792 inverso
1599 2759 1720 2793 ordine
1738 2759 1784 2793 D.
1805 2758 1897 2793 Edd.

322 2811 357 2848 7.
384 2804 550 2849 κρεῖττον]
570 2806 673 2840 καλὸν
692 2805 738 2840 Ϊ).
904 2818 936 2850 9.
964 2807 1123 2841 ἐθέλουσι
1141 2808 1198 2850 ζῆν
1213 2805 1314 2850 ἁγίως
1331 2805 1400 2839 inv.
1418 2804 1539 2839 ordine
1558 2805 1604 2839 D.
1771 2816 1822 2840 12.
1840 2806 1896 2848 ἐξ·

321 2849 469 2883 mimo„
491 2851 535 2884 D.
691 2864 742 2897 ¹3·
762 2854 780 2886 ὁ
797 2860 1020 2898 assumptum
1037 2866 1078 2888 ex
1098 2854 1190 2887 13.st
1210 2853 1324 2894 (Alex.
1345 2851 1416 2885 XII
1436 2853 1626 2897 suprascr.)
1789 2862 1842 2896 17.
1859 2867 1896 2886 τε

321 2907 394 2929 om.
416 2896 461 2929 I).
526 2898 738 2942 φιλοδίκαιός
756 2915 791 2934 τε
810 2900 901 2934 Edd.
1130 2911 1180 2945 19.
1207 2899 1273 2933 ἅνω
1292 2899 1337 2932 D.
1552 2910 1605 2933 20.
1632 2899 1830 2940 δικαζόντων
1850 2898 1895 2932 l).

322 2942 567 2986 δοκιμαζόντων
587 2944 627 2977 B.
648 2945 737 2979 Edtl.
785 2961 854 2981 τετ.
871 2947 1000 2991 ἀξίωμα
1019 2947 1089 2981 inv.
1108 2947 1182 2980 ord.
1203 2947 1246 2979 l).
1401 2955 1455 2978 21.
1482 2944 1645 2991 ἐναργῶς]
1664 2946 1786 2990 σόφῶς
1804 2944 1895 2980 Edd.

326 3000 381 3034 23.
407 2991 467 3023 τοῦ
484 2992 571 3023 Θεοῦ
589 2990 606 3033 ἡ
625 2992 734 3035 κρίσις
755 2992 798 3026 D.
1014 3004 1068 3038 25.
1095 2993 1207 3038 σοφὸς
1225 2990 1260 3038 ὁ]
1280 2993 1298 3026 ὁ
1315 2992 1428 3036 σοφὸς
1446 2992 1497 3025 καὶ
1517 2992 1562 3026 D.
