2007 3366
296 142 351 181 52
692 146 742 187 Β.
787 146 1062 187 CYRILLI
1101 146 1484 188 ALEXANDR.
1749 143 1807 184 iii.
1830 156 1871 195 4.

257 207 278 233 e

254 265 275 298 4
296 264 439 320 ΠόρνΗ
477 267 585 307 xum}
626 270 694 310 καὶ
731 268 930 326 ἐπίχαρις,
957 269 1168 317 ἡΓουμένΗ
1208 269 1463 327 φαρμάκων,
1491 269 1513 310 ἡ
1540 270 1746 310 Πωλοῦοα
1772 267 1870 308 ἔθνΗ

361 347 406 388 ὲν
432 353 483 406 τῷ
511 351 687 410 Πορνεία
715 353 846 393 αὐτίιε
875 352 942 393 καὶ
968 351 1107 407 φυλὰς
1132 352 1177 394 ὲν
1203 350 1290 394 τοῖς
1317 353 1561 410 φαρμάκοις
1587 351 1735 392 αὐτιῖς.

367 462 429 513 ‘O
465 465 534 515 ἐπ’
571 470 785 533 αἰσχροῖς
821 466 1006 520 ε”παινος
1040 466 1256 518 ἐπίτασιν
1289 467 1382 534 ε”χει
1415 472 1508 519 τῶν
1545 466 1873 533 ἐγκλημάτων,

293 542 392 594 οἷον
418 548 480 599 ὡς
505 546 548 597 εἴ
568 570 637 601 τις
663 549 817 599 ἕλοιτο
843 548 998 615 λέγειν
1022 550 1131 614 περί
1159 572 1242 600 του
1268 553 1362 600 τῶν
1388 549 1548 613 ὅντων,
1576 549 1645 600 ὅτι
1671 548 1874 612 κλέπτης·

292 627 501 693 τεχνίτης
538 632 612 680 καὶ
647 630 830 697 λῃστὴς
861 632 1067 697 ἀνδρεῖος
1092 632 1167 681 καὶ
1201 631 1315 696 γόης
1340 632 1529 700 εὐφυής.
1595 632 1761 682 οὐκοῦν
1786 629 1874 682 κᾶν
1893 652 1915 690 5

293 710 330 757 εἰ
356 708 540 774 λέγοιτο
566 713 669 777 περὶ
695 715 776 776 τῆς
804 712 971 764 Νινευΐ
993 714 1119 783 Πόρνη
1158 713 1278 773 καλὴ
1314 720 1391 764 καὶ
1425 716 1646 784 ἐπίχαρις,
1673 715 1726 764 οὐ
1755 713 1874 780 πρὸς

293 790 480 842 ἐπαίνου
511 797 700 856 μᾶλλον
736 796 853 863 αὐτῇ
890 794 944 846 τὸ
983 799 1141 863 χρῆμα
1179 796 1326 857 ἔσται,
1361 802 1549 847 πολλοῦ
1586 819 1640 862 γε
1679 798 1752 847 καὶ
1793 798 1873 859 δεῖ,

70 889 160 922 506
178 887 228 923 A.
254 875 627 941 αχαλεπωτεραν
678 877 725 928 δὲ
788 883 978 940 μᾶλλον
1040 878 1125 942 τὴν
1188 879 1476 945 κατάῤῥησιν
1535 877 1868 944 ἀπεργάσεται.

291 954 459 1020 γύναια
497 957 591 1024 γὰρ
625 958 684 1010 τὰ
718 960 1030 1027 ἐταιριζόμενα
1063 960 1167 1012 τότε
1200 960 1256 1025 δὴ
1286 960 1501 1025 μάλιστα
1532 963 1723 1011 δοκοῦσι
1748 958 1874 1011 πολὺ

291 1036 346 1088 τὸ
398 1039 582 1111 ἐπίχαρι
634 1047 850 1105 μελετᾶν,
902 1043 978 1094 ὅτε
1029 1041 1269 1112 φαίνοιντο
1319 1066 1371 1109 γε
1424 1042 1658 1107 στωμύλα
1704 1065 1753 1093 τε
1798 1042 1873 1093 καὶ
1897 1065 1944 1089 ιο

291 1124 559 1190 κομψοεπῆ.
630 1125 818 1189 τοιαύτη
854 1127 929 1176 καὶ
964 1126 992 1190 ἡ
1029 1125 1207 1188 Νινευῒ,
1245 1130 1440 1193 τεχνῖτις
1478 1129 1540 1180 εἰς
1578 1124 1873 1191 κακουργίαν,

290 1205 366 1254 καὶ
410 1205 493 1255 οὐκ
537 1207 762 1261 ἀνικάνως
795 1208 973 1276 ε”χουσα
1013 1208 1174 1262 πόλεις
1216 1231 1264 1259 τε
1307 1210 1382 1258 καὶ
1425 1207 1582 1275 χώρας
1620 1208 1753 1270 ἑλεῖν,
1799 1208 1873 1258 καὶ

290 1286 540 1338 ἀναπεῖσαι
580 1292 770 1355 φρονεῖν
805 1289 863 1340 τὰ
901 1291 1017 1358 αὐτῇ
1057 1293 1283 1341 δοκοῦντα
1322 1292 1396 1340 καὶ
1435 1290 1569 1358 φίλα.
1639 1295 1787 1340 ταῦτα
1825 1289 1873 1341 δέ

290 1366 348 1432 ἧν
384 1371 594 1434 γοητεῖαί
626 1394 675 1422 τε
715 1373 790 1422 καὶ
827 1375 1187 1440 ψευδομαντεῖαι
1226 1373 1300 1423 καὶ
1338 1372 1537 1436 βέβηλοι
1576 1375 1759 1423 τελεταὶ
1797 1376 1872 1424 καὶ

289 1450 348 1501 τὰ
387 1452 591 1503 εἰδώλων
625 1455 832 1520 παίγνια.
897 1457 1108 1506 καθίκετο
1148 1454 1240 1521 γὰρ
1278 1459 1339 1508 εἷς
1377 1460 1515 1506 τοῦτο
1540 1456 1784 1519 ληρωδίας,
1811 1457 1871 1509 ὡς
1895 1469 1940 1506 Ι5

244 1541 269 1581 b
290 1533 337 1583 ἐν
387 1534 594 1589 εὐκλείας
643 1535 776 1606 λόγῳ
826 1542 1061 1588 ποιεῖσθαι
1104 1536 1157 1588 τὸ
1206 1539 1280 1588 καὶ
1327 1537 1415 1602 ἤδη
1467 1539 1616 1588 δοκεῖν
1659 1541 1871 1604 ἡγεῖσθαι

289 1616 558 1686 φαρμάκων,
598 1619 785 1686 αὔχημα
820 1643 869 1670 τε
906 1624 1141 1670 ποιεῖσθαι
1173 1619 1231 1670 τὰ
1270 1621 1415 1673 οὕτως
1455 1619 1632 1687 αἰσχρὰ
1671 1623 1746 1671 καὶ
1786 1620 1871 1684 τὴν

287 1698 497 1767 ἐσχάτην
531 1701 742 1768 λαχόντα
777 1701 1028 1766 καταβοήν.
1094 1702 1196 1755 ἔθος
1231 1701 1277 1753 δὲ
1314 1700 1371 1765 ἧν
1403 1706 1497 1752 τῶν
1523 1704 1570 1753 ἐν
1596 1704 1712 1770 αὐτῇ
1744 1726 1871 1754 τισιν

289 1780 372 1842 ἔθνη
396 1805 445 1832 τε
471 1785 545 1833 καὶ
571 1784 726 1850 χώρας
751 1787 1036 1835 καταπωλεῗν
1068 1784 1106 1835 ἐν
1137 1787 1225 1839 τοῖς
1253 1783 1517 1854 φαρμάκοις
1549 1788 1713 1836 αὐτῶν.
1769 1790 1870 1841 πῶς

287 1863 336 1914 δὲ
381 1864 409 1929 ἢ
455 1865 558 1916 τίνα
599 1865 788 1932 τρόπον,
828 1868 1019 1932 ἐροῦμεν
1069 1868 1131 1920 ὡς
1181 1866 1262 1917 ἔνι.
1341 1866 1444 1920 ε”θος
1495 1865 1552 1929 ἦν
1592 1867 1868 1933 Ἀσσυρίοις
1891 1892 1940 1917 20

287 1952 511 2011 πολεμεῖν
547 1948 764 1999 ε’θέλουσι
799 1951 873 1999 καὶ
912 1948 1041 2000 ὅπλα
1076 1954 1255 2000 κινοῦσι
1291 1950 1397 1999 καθ’
1431 1949 1610 2015 ἐτέρων,
1642 1955 1742 2004 ταῖς
1776 1954 1870 2002 τῶν

287 2027 454 2095 μάγων
492 2029 673 2098 τέχναις
711 2029 1146 2096 προαναμανθάνειν
1184 2032 1453 2096 ἐπείγεσθαι
1490 2030 1548 2082 τὰ
1586 2032 1800 2096 ἐσόμενα,
1827 2033 1870 2085 οἳ

287 2113 363 2162 καὶ
414 2111 498 2167 τὰς
547 2114 597 2163 ἐκ
647 2113 887 2174 βασιλέως
937 2113 1073 2177 τιμὰς
1123 2115 1469 2181 ὑποτρέχοντες,
1522 2120 1870 2180 κατευμεγεθεῖν

286 2194 498 2257 πολέμου
532 2193 707 2248 παντὸς
742 2196 966 2257 ἐκέλευον,
993 2198 1068 2246 καὶ
1101 2201 1196 2249 τοῖς
1228 2201 1371 2264 σφῶν
1395 2196 1726 2260 ἐπιτηδεύμασι
1751 2221 1868 2263 προ-

287 2283 571 2343 απονευροῦν
602 2277 857 2345 ἐψεύδοντο
891 2277 997 2331 τοὺς
1035 2277 1399 2342 ἀνθεστηκότας.
1465 2277 1625 2330 ὁποῖόν
1649 2302 1693 2330 τι
1717 2279 1867 2346 πράτ-
1888 2300 1936 2338 25

333 2455 367 2488 3.
392 2443 431 2477 ‘O
450 2444 595 2478 accessit
612 2456 653 2477 ex
673 2444 765 2478 B.D.
1072 2458 1104 2487 4.
1131 2446 1209 2489 περί
1225 2460 1314 2480 τινος
1330 2444 1443 2489 λέγειν
1460 2455 1523 2490 pro
1540 2445 1613 2489 λέγ.
1631 2445 1708 2489 περί
1724 2460 1784 2479 του
1800 2449 1867 2480 τῶν

286 2489 392 2524 ὅντων
411 2490 452 2525 B.
471 2491 579 2525 invito
599 2491 645 2525 D.
976 2491 1009 2525 6.
1035 2492 1171 2537 λεγοιτο
1192 2493 1237 2526 D.
1256 2492 1351 2537 λέγοι
1369 2491 1460 2525 Edd.
1509 2492 1593 2536 πρὸς
1610 2491 1762 2537 ἐπαίνου]
1781 2494 1867 2536 πρὸς

285 2537 421 2571 ἔπαινον
439 2537 499 2572 iid.
777 2547 809 2583 7.
834 2538 931 2572 ἕσται
949 2540 986 2572 τὸ
1005 2554 1061 2584 χρ.
1080 2540 1161 2583 αὐτῃ
1181 2540 1318 2573 inverso
1337 2537 1458 2572 ordine
1476 2538 1522 2572 D.
1586 2553 1650 2582 γε
1642 2546 1866 2583 assumptum

286 2596 327 2617 ex
348 2584 441 2618 B.D.
630 2585 663 2619 8.
689 2585 856 2629 ἀπεργάσ.
875 2600 934 2628 την
951 2585 1089 2630 κατάῤῥ.
1107 2587 1177 2620 inv.
1189 2585 1309 2620 ordine
1329 2585 1375 2618 D.
1565 2598 1598 2629 9.
1625 2587 1664 2619 τὰ
1682 2597 1751 2620 orn.
1772 2586 1864 2621 Edd.

291 2641 343 2664 10.
369 2646 408 2676 γε
437 2639 660 2677 assumptum
687 2644 729 2666 ex
756 2632 798 2666 B.
822 2631 998 2677 φαίνονταί
1023 2648 1094 2667 τισι
1119 2645 1182 2678 pro
1207 2633 1382 2678 φαίνοιντό
1405 2646 1445 2676 γε
1471 2631 1518 2665 D.
1582 2646 1618 2665 τε
1643 2639 1865 2677 assumptum

287 2688 329 2709 ex
348 2677 394 2711 l).
681 2690 733 2712 11.
759 2678 910 2724 τοιαύτη]
932 2684 968 2720 -ὶ-
989 2680 1025 2713 δέ
1045 2680 1090 2714 D.
1387 2689 1439 2720 14.
1465 2693 1501 2711 τε
1519 2686 1740 2723 assumptum
1757 2691 1798 2713 ex
1817 2679 1865 2714 D.

291 2732 344 2766 15.
370 2725 537 2768 ληρωδίας
555 2725 850 2769 1).Ε(ἶ(1.ληρι’(ις
870 2726 912 2760 Β.
1257 2725 1309 2759 16.
1334 2725 1504 2759 ποιεῖσθαι
1521 2727 1614 2772 λόγῳ
1632 2726 1702 2760 inv.
1722 2725 1796 2760 ord.
1816 2726 1863 2761 D.

290 2769 414 2803 Statim
444 2771 527 2805 haec
554 2774 592 2806 τὸ
622 2773 894 2807 καὶ-ποιεῖσθαι
919 2779 1140 2808 accesserunt
1170 2785 1211 2807 ex
1237 2772 1279 2807 B.
1309 2773 1347 2805 τὸ
1374 2771 1484 2805 δοκεῖν
1509 2761 1663 2817 ἡγεῖσθαι
1687 2773 1864 2817 φαρμακός

287 2817 421 2861 αὕχημά
436 2832 471 2850 τε
488 2819 658 2853 ποιεῖσθαι
678 2820 723 2854 D.
963 2821 1016 2854 18.
1041 2822 1191 2865 λαχόντα
1208 2831 1278 2853 om.
1297 2819 1344 2853 D.
1580 2830 1635 2853 20.
1661 2820 1708 2853 ἕνι
1725 2831 1794 2853 om.
1815 2819 1862 2854 D.

290 2873 345 2897 22.
370 2863 564 2908 ἐπείγεσθαι
581 2877 651 2900 om.
671 2866 717 2901 D.
1016 2878 1072 2912 23.
1098 2868 1151 2901 καὶ
1168 2871 1390 2910 assumptum
1407 2877 1448 2898 ex
1468 2865 1513 2899 D.
1580 2866 1705 2900 Statim
1722 2866 1780 2900 τὰς
1796 2869 1863 2899 τῶν

286 2909 322 2942 ἐκ
338 2910 510 2949 βασιλέων
526 2913 622 2954 τιμὰς
639 2925 701 2957 pro
718 2914 776 2949 τὰς
793 2914 827 2947 ἐκ
844 2915 880 2954 β.
899 2914 995 2958 τιμὰς
1014 2914 1059 2949 l).
1319 2923 1374 2955 24.
1399 2911 1555 2946 ἐκέλευον
1571 2914 1722 2957 πολέμου
1738 2914 1862 2949 παντὸς

287 2957 424 2991 inverso
441 2956 559 2991 ‹ndine
582 2959 625 2992 l).
