2001 3361
280 211 354 244 704
810 206 1023 244 INDEX

332 340 484 364 suorum
506 327 730 376 ignorabant
752 329 828 363 653
851 340 895 373 a3
922 340 1039 375 quan·
1070 339 1071 342 ¹

328 400 410 429 tum
451 393 624 428 Divinam
665 392 761 427 viam
811 398 849 428 et
897 392 1070 440 experti-

329 462 416 492 sunt
455 462 492 491 et
530 455 779 502 experiuntur
829 458 906 492 654
953 457 976 492 b
993 469 1011 492 e
1029 470 1037 501 ;

328 521 439 557 etiam
456 533 558 556 nunc
575 520 738 557 Satanae
754 522 889 569 captivi
907 524 984 558 654
1002 534 1036 567 e3

326 585 483 620 reduces
522 585 764 622 matrimonia
808 587 1036 635 polluebant,
1068 619 1069 625 ,

324 662 384 685 res
414 649 556 685 divinas
577 651 838 698 templumque
867 651 1036 699 neglige·
1068 648 1069 654 ¹

325 715 416 750 bant
453 716 529 750 655
561 727 602 760 cg
643 727 665 750 a
695 716 1037 764 pseudoprophetis

325 779 469 815 seducti
505 781 581 816 656
615 779 694 825 be;
734 793 810 816 una
845 793 931 816 cum
966 781 1036 817 illis
1068 830 1069 835 Ἰ

323 844 518 892 perierunt
539 846 615 880 657
638 857 682 891 ος
714 845 806 881 iram
828 846 896 881 Dei
917 846 1034 881 idolo-

324 909 432 945 latria
460 910 671 946 accendunt
697 912 773 947 659
805 911 887 957 ab3
923 924 1034 958 quam

323 974 398 1010 sint
420 980 589 1022 tempore
612 975 848 1023 Captivitatis
877 976 1035 1011 desolati

323 1039 424 1075 domi
442 1041 518 1075 663
538 1040 577 1083 d;
600 1040 725 1076 videre
743 1053 819 1076 nou
834 1041 1034 1077 voluerunt

323 1105 400 1140 679
449 1116 489 1148 c;
544 1104 615 1140 sibi

324 1168 519 1204 Christum
541 1169 836 1206 condemnantes
859 1171 935 1205 679
954 1170 976 1205 d
991 1179 1031 1210 e;

322 1230 557 1267 Candelabro
585 1231 622 1267 in
641 1231 900 1268 Tabernaculo
927 1244 1029 1268 com-

662 1105 807 1140 foveam
856 1105 1034 1142 foderunt

320 1295 437 1343 parati
470 1297 547 1333 684
577 1296 623 1337 b;
660 1297 799 1332 reversi
830 1308 876 1332 ex
915 1297 1030 1344 capti-

322 1359 450 1401 vitate,
472 1366 624 1407 propter
644 1359 771 1395 illicita
790 1372 874 1395 cum
905 1361 1030 1396 alieni-

322 1424 429 1471 genis
445 1424 634 1472 conjugia,
652 1424 840 1460 maledicti
863 1427 938 1461 695
959 1426 1029 1469 1›e;

323 1489 400 1523 696
422 1488 499 1532 ab;
531 1488 620 1524 item
642 1494 795 1536 propter
824 1489 1031 1525 furationes
1062 1520 1063 1528 ,

325 1555 402 1589 696
433 1565 477 1598 c;
512 1553 602 1589 item
635 1559 787 1601 propter
816 1555 1028 1602 segnitiam,
1061 1584 1063 1596 ,Ἴ

325 1623 363 1653 et
396 1618 587 1666 religionis
621 1618 837 1666 neglectum
872 1621 947 1655 697
984 1631 1027 1661 a;
1062 1612 1063 1615 ¹

323 1682 552 1718 idololatriae
569 1683 888 1719 immundissimae
903 1684 1028 1723 dediti.

323 1747 436 1783 domo
457 1747 520 1783 diu
541 1748 695 1784 exulant
717 1750 792 1785 699
815 1749 864 1793 d;
889 1751 964 1785 700
986 1761 1028 1794 a,·

324 1823 398 1858 quo
455 1812 584 1848 ordine
641 1813 796 1848 domum
853 1814 1029 1849 redierint

324 1879 400 1913 704
449 1877 497 1921 d;
562 1890 656 1925 quae
714 1878 934 1927 collegerint
982 1879 1028 1914 ad

321 1941 595 1977 aedificandum
634 1942 815 1990 templum
866 1945 941 1979 704
981 1955 1026 1987 e3
1060 1972 1064 1994 Y

322 2005 367 2040 de
389 2006 572 2053 promissa
588 2006 826 2042 multitudine
847 2007 1027 2043 increduli

323 2072 398 2106 717
430 2083 508 2111 ac;
544 2071 685 2119 templo
719 2072 858 2113 diruto,
890 2072 1026 2108 sancti-

322 2134 533 2172 ficationem
563 2148 638 2171 non
669 2136 855 2173 habebant
885 2140 960 2174 720
983 2150 1025 2179 a;

321 2200 503 2247 templum
533 2206 658 2236 tamen
690 2202 886 2237 aedificare
920 2202 1025 2237 diffe-
1060 2215 1061 2231 ἢ

319 2263 454 2299 rebant
489 2266 564 2300 720
595 2264 639 2305 b;
676 2264 759 2300 ideo
793 2264 913 2313 plagis
947 2265 1023 2300 affi-

319 2327 471 2363 ciuntur
510 2331 586 2364 720
625 2341 671 2373 c;
715 2329 751 2364 in
787 2329 1023 2376 proverbium

320 2391 593 2428 maledictionis
631 2399 815 2429 venerunt
856 2396 929 2430 722
975 2394 1023 2439 b3

314 2456 460 2504 jejunio
507 2457 613 2493 finito
665 2458 793 2493 laetari
843 2459 1060 2506 jubentur<

322 2522 397 2557 725
419 2521 462 2567 b;
497 2523 572 2558 726
597 2521 641 2567 d;
673 2528 826 2572 propter
852 2523 1023 2558 incredu-
1058 2536 1059 2557 z

318 2585 461 2621 litatem
510 2587 597 2634 jure
644 2586 808 2622 damnati
858 2590 933 2623 755
982 2600 1022 2631 c;

317 2649 489 2686 leonibus
537 2651 774 2698 rugientibus
819 2652 1024 2699 comparati

321 2716 396 2750 757
438 2715 481 2759 b;
529 2721 698 2762 pastores
742 2715 870 2763 iniqui,
911 2717 1023 2759 avari,

319 2777 535 2825 hypocritae
572 2781 645 2815 758
677 2780 758 2825 bc3
794 2793 815 2815 a
843 2779 1024 2816 Romanis
1057 2770 1059 2810 ³,

318 2853 457 2888 poenas
488 2842 641 2879 luebant
676 2847 765 2885 758,
799 2847 899 2890 7593
940 2858 1022 2880 cor·
1056 2829 1059 2894 ξ

318 2905 499 2951 ruptionis

323 2971 397 3004 759
447 2971 468 3005 b
483 2986 491 3013 ;

569 2908 795 2955 judiciorum
860 2910 1023 2946 convicti

555 2985 647 3019 quae
696 2979 827 3009 contra
875 2974 1021 3009 Bonum

1083 206 1329 244 RERUM.

1712 224 1869 248 JUDAEI.

1163 327 1357 364 Pastorem
1392 328 1649 366 commiserint
1682 332 1756 367 760
1786 332 1869 377 bc;

1161 404 1254 438 quae
1305 393 1473 442 perpessi
1527 394 1614 438 sint,
1664 395 1701 430 in
1737 408 1871 431 manus

1160 455 1326 492 hostium
1375 457 1503 494 traditi
1544 461 1621 495 760
1665 459 1750 504 de;
1799 472 1870 495 nec

1160 520 1277 556 literis
1307 521 1441 563 Mosis‚
1467 535 1534 558 nec
1564 523 1686 559 verbis
1716 522 1869 564 Christi,

1159 585 1270 620 fidem
1302 586 1555 622 adhibuerunt
1578 589 1653 624 769
1681 600 1721 633 c;
1757 588 1868 624 Anti-

1159 648 1354 685 Christum
1371 650 1469 686 ultro
1491 658 1716 700 acceperunt
1734 654 1809 689 769
1827 653 1867 697 d;

1159 725 1270 760 quam
1319 726 1466 762 semper
1518 715 1675 763 Spiritui
1726 717 1867 753 Sancto

1157 778 1362 814 restiterint
1395 781 1470 814 776
1501 791 1541 824 e;
1577 780 1665 821 veri,
1696 782 1759 829 qui
1793 782 1867 817 sint

1160 844 1231 878 781
1256 855 1330 887 ac;
1363 843 1424 890 qui
1451 842 1642 880 Christum
1672 846 1865 882 crucifixe-

1155 914 1258 948 runt,
1299 919 1393 954 quas
1431 908 1661 945 calamitates
1699 911 1865 958 perpessi

1156 972 1230 1007 sint
1249 974 1323 1008 783
1342 984 1407 1016 ce;
1432 975 1507 1009 784
1523 973 1599 1019 ab,
1622 974 1867 1022 ingratissimi

1155 1049 1245 1084 erga
1307 1037 1431 1072 Deum
1493 1045 1705 1085 arguuntur
1765 1039 1865 1075 idola

1154 1101 1320 1137 colentes
1370 1104 1445 1138 787
1495 1102 1517 1137 d
1539 1115 1581 1143 e:
1631 1103 1860 1152 pseudopro-

1155 1166 1286 1212 phetas
1320 1167 1449 1214 magni
1482 1167 1667 1204 faciebant
1704 1171 1780 1204 790
1819 1181 1862 1209 a:

1155 1231 1248 1266 duas
1278 1243 1324 1266 ex
1354 1231 1473 1267 tribus
1493 1238 1617 1279 partes
1646 1233 1772 1280 populi
1793 1233 1862 1273 sui.

1155 1295 1253 1331 bello
1285 1296 1455 1332 Romano
1485 1297 1691 1333 amiserunt
1723 1300 1798 1334 793
1820 1310 1862 1341 e;

1154 1360 1303 1396 tertiam
1319 1373 1387 1408 per
1406 1361 1533 1408 ignem
1550 1361 1770 1403 traductam,
1787 1374 1863 1398 ser-

1152 1430 1350 1472 vatumque
1415 1425 1624 1462 habuerunt
1683 1428 1758 1463 794
1815 1440 1860 1468 a;

1146 1489 1355 1536 justissime
1407 1491 1599 1537 perierunt
1653 1493 1728 1527 795
1782 1491 1860 1537 ab,-

1152 1553 1282 1589 domos
1301 1554 1475 1601 direptas,
1493 1555 1666 1591 mulieres
1686 1555 1858 1604 pollutas,

1151 1617 1327 1653 videbant
1368 1621 1442 1655 795
1479 1619 1561 1663 de;
1601 1632 1713 1667 quam
1748 1620 1860 1656 corde

1151 1682 1250 1718 caeci
1277 1682 1416 1719 fuerint
1446 1686 1520 1719 798
1544 1684 1621 1725 cd:
1653 1683 1861 1721 Malachiae

1151 1753 1332 1794 tempore,
1396 1748 1540 1795 profani
1603 1755 1640 1784 et
1701 1748 1861 1784 adulteri

1153 1814 1228 1847 817
1244 1824 1282 1856 eg
1302 1814 1377 1848 818
1394 1825 1430 1856 a;
1450 1812 1636 1848 idumaeis
1650 1813 1860 1860 superiores

1151 1882 1268 1921 crant,
1290 1877 1391 1924 quod
1411 1882 1496 1924 post
1521 1877 1751 1913 calamitates
1781 1890 1856 1913 res-

1151 1941 1251 1976 tituti
1287 1947 1375 1977 sunt
1410 1943 1487 1978 822
1524 1954 1565 1987 ες
1605 1942 1859 1990 despiciebant

1061 2002 1063 2040 l
1151 2018 1319 2041 mensam
1341 2006 1491 2041 Domini
1513 2008 1589 2042 824
1611 2006 1656 2048 b;
1690 2009 1767 2043 825
1790 2008 1855 2044 bc.

1061 2055 1062 2116 l
1156 2067 1256 2120 [vide
1277 2067 1512 2120 Synagoga]

1060 2164 1061 2168 ,
1093 2135 1273 2176 Judaeus,
1295 2135 1504 2182 spiritualis,
1536 2135 1598 2182 qui
1630 2135 1677 2171 sit
1709 2138 1784 2172 494
1815 2149 1856 2179 c;

1060 2187 1061 2250 J
1152 2202 1225 2235 772
1248 2212 1292 2246 c,
1322 2206 1357 2235 et
1378 2199 1527 2247 passim,
1550 2200 1633 2236 vide
1655 2200 1724 2236 sub
1746 2201 1857 2236 Rom.

1059 2252 1061 2306 j
1148 2263 1182 2298 ii.
1208 2266 1271 2299 29.

1092 2329 1222 2369 Judas,
1261 2341 1434 2375 regnum,
1475 2329 1544 2364 i.e.
1589 2329 1746 2365 duorum
1793 2330 1857 2365 tri-

1148 2393 1262 2428 buum
1299 2397 1320 2429 4
1356 2406 1397 2434 c;
1439 2396 1460 2429 5
1499 2406 1543 2438 c;
1585 2397 1605 2429 7
1640 2394 1688 2439 b3
1730 2396 1779 2430 24
1811 2406 1856 2439 c;

1148 2470 1214 2505 pro
1234 2458 1332 2493 Jehu
1363 2458 1496 2505 legunt
1524 2458 1774 2506 Septuaginta
1801 2458 1854 2493 in-

1058 2561 1059 2586 *
1147 2529 1331 2570 terpretes
1364 2522 1400 2558 in
1431 2523 1497 2558 Os.
1530 2523 1549 2558 i.
1585 2527 1619 2563 4,
1651 2525 1700 2559 22
1731 2534 1773 2569 a;
1808 2522 1854 2558 ad

1057 2588 1060 2656 ᾗ
1148 2587 1340 2623 Christum
1368 2600 1487 2634 usque
1509 2588 1617 2623 durat
1646 2590 1694 2623 22
1717 2599 1756 2632 c;
1787 2599 1853 2633 pro

1057 2663 1060 2730 Ι
1148 2651 1296 2688 Sanctis
1312 2652 1577 2700 intelligendus
1594 2655 1643 2688 25
1659 2664 1695 2693 a;
1720 2653 1795 2687 245
1813 2651 1852 2694 b;

1057 2731 1059 2764 i
1146 2722 1231 2764 post
1270 2715 1549 2764 Captivitatem,
1589 2715 1716 2752 Israeli
1763 2728 1852 2751 con-

1141 2781 1297 2829 junctus
1318 2783 1367 2817 29
1385 2781 1441 2817 ab
1458 2794 1467 2826 3
1490 2781 1666 2816 Israelem
1683 2780 1853 2827 exemplo

1147 2858 1213 2880 suo
1247 2845 1282 2880 in
1319 2845 1508 2892 apostasin
1542 2843 1689 2890 impulit
1724 2846 1770 2879 81
1806 2844 1852 2888 d;

1058 2500 1060 2522 l

1147 2909 1293 2945 Israelis
1315 2909 1534 2956 supplicium
1554 2908 1714 2955 partitur
1735 2910 1784 2944 84
1806 2909 1850 2950 d;

1145 2987 1217 3021 quo
1265 2986 1377 3008 sensu
1428 2973 1724 3020 ‘transposuerit
1775 2980 1851 3009 ter-
