1997 3361
71 162 96 203 i.
116 174 152 215 7.
455 167 528 206 IN
574 166 989 207 SOPIIONIAM.
1051 166 1200 206 'POM
1236 165 1269 205 l.
1574 165 1649 202 177

71 282 98 303 “
123 275 216 326 ἀπὸ
242 280 336 326 τῶν
362 281 597 342 πονηριῶν
625 279 792 340 ὑμῶν.”
858 277 1028 328 ταυτὸν
1053 276 1145 342 γὰρ
1181 277 1279 326 οὔτι
1313 297 1404 326 που
1430 272 1484 324 τὸ
1509 296 1652 337 πονη-

70 359 175 425 ρίαν
212 363 407 430 ἀφελεῖν
451 363 508 431 ἐξ
549 364 816 431 ὀφθαλμῶν
855 362 1161 428 ἀνθρωπίνων
1201 363 1274 411 καὶ
1314 358 1532 410 ἀπέναντι
1570 364 1652 409 τοῦ

70 443 304 509 προσώπου
338 446 408 495 τοῦ
444 447 569 507 Θεοῦ,
602 446 809 509 πλείστη
841 444 888 495 δὲ
931 444 1022 508 ὅση
1061 449 1155 494 τῶν
1191 440 1485 509 πραγμάτων
1524 443 1653 491 ἐστὶν

72 523 99 587 ἡ
145 526 363 593 διαφορά.
431 527 636 592 πονηρὸς
676 526 769 593 γὰρ
813 527 917 578 ἔσθ’
963 526 1038 577 ὅτε
1081 528 1156 576 καὶ
1199 526 1281 575 οὐκ
1332 522 1509 589 ἀγαθὸς
1547 521 1654 575 τοὺς

31 622 53 660 5
72 606 271 673 τρόπους
298 607 428 675 ἀνὴρ,
455 610 698 669 εὐλαβείας
733 609 928 674 δόκησιν
955 609 1196 676 ὑποτρέχει
1231 609 1305 658 καὶ
1333 606 1655 674 χρηστότητος
1674 621 1694 645 ⁰

72 688 220 752 ὄνομα
257 690 633 757 περιπλάττεται,
675 692 820 742 καίτοι
861 697 998 742 τοῦτο
1043 693 1140 741 κατ’
1180 689 1405 754 ἀλήθειαν
1445 690 1527 739 οὐκ
1569 685 1650 738 ὤν·

73 773 148 821 καὶ
173 777 289 837 γοῦν
314 773 339 823 ὁ
367 772 579 839 Χριστός
607 782 633 803 “
656 774 937 841 Προσέχετε,
967 775 1130 842 φησὶν,
1158 771 1251 823 ἀπὸ
1278 776 1371 822 τῶν
1395 769 1656 838 ἐρχομένων
1718 773 1879 856 ῗίί-Ἧῗῐόῐιῦ·

73 861 101 883 “
125 854 242 920 πρὸς
278 856 396 918 ὑμᾶς
435 857 483 906 ἐν
521 856 748 918 ἐνδύμασι
782 855 1051 922 προβάτων,
1087 855 1266 905 ε”σωθεν
1305 854 1360 904 δέ
1392 857 1482 903 εἱσι
1521 851 1657 903 λύκοι

74 943 102 965 “
127 935 382 1002 ἅρπαγες.”
448 939 473 988 ὁ
505 944 710 992 τοιοῦτος
749 937 956 1002 εὐλαβὴς
993 939 1042 988 ἐν
1081 938 1349 1004 ὀφθαλμοῖς
1381 934 1657 1001 ἀνθρώπων,

12 1016 57 1060 ἰΟ
75 1021 150 1069 καὶ
176 1020 280 1086 οὐχὶ
313 1019 370 1084 δὴ
402 1019 590 1074 πάντως
623 1023 671 1071 ἐν
702 1019 812 1089 ὄψει
839 1024 982 1071 Θεοῦ·
1025 1021 1049 1070 ὁ
1080 1019 1127 1070 δὲ
1152 1018 1442 1085 ἀκάκουργος
1467 1020 1658 1081 ἀληθῶς

75 1101 294 1152 ἀπέναντι
319 1108 402 1154 τοῦ
429 1104 663 1172 προσώπου
690 1104 760 1153 τοῦ
786 1104 910 1164 Θεοῦ,
931 1104 1005 1152 καὶ
1033 1103 1134 1169 οὐχὶ
1160 1101 1304 1165 μόνον
1328 1100 1413 1164 τὴν
1437 1100 1657 1169 ἐξωφανῆ

75 1182 380 1250 χρηστότητα
406 1187 480 1236 καὶ
506 1184 560 1235 τὸ
586 1183 765 1250 ἀγαθὸς
796 1183 909 1235 εἶναι
943 1187 1093 1235 δοκεῖν
1120 1183 1439 1253 ἀμφιέννυται,
1464 1183 1658 1248 καρδίαν

112 1265 124 1282 Χ
194 1271 214 1280 Λ
382 1268 391 1281 3
447 1267 459 1282 l
648 1266 668 1283 ’l
833 1266 845 1281 Χ
915 1265 927 1281 Χ
1029 1269 1040 1282 x
1090 1267 1100 1280 Ε
1147 1271 1166 1279 Α
1390 1271 1408 1279 n
1574 1264 1595 1281 'l

76 1268 124 1316 δε
149 1273 340 1329 μαλλον
366 1272 608 1330 αβεβηλον
639 1290 743 1334 εχει,
771 1290 846 1318 και
877 1269 933 1331 δη
969 1289 1043 1317 και
1082 1289 1244 1333 οραται
1282 1288 1505 1318 τοιουτος.
1566 1268 1657 1332 εφη
1676 1284 1698 1308 a
1726 1275 1815 1309 584
1831 1274 1882 1308 A·

1722 1342 1817 1372 Prov.
1839 1352 1868 1372 v.

75 1347 169 1414 γάρ
210 1372 302 1400 που
345 1350 370 1398 ὁ
404 1349 636 1413 Σολομῶν
681 1348 958 1400 “Ἐνώπιον
1002 1349 1096 1415 γάρ
1135 1353 1226 1399 εἱσι
1271 1353 1365 1398 τῶν
1407 1353 1489 1398 τοῦ
1535 1350 1659 1397 Θεοῦ
1722 1396 1774 1416 Ἡ.

13 1437 104 1481 Ι5“
127 1431 392 1498 ὀφθαλμῶν
430 1433 527 1482 ὁδοὶ
563 1431 749 1497 ἀνδρὸς,
779 1436 841 1485 εἷς
881 1430 929 1482 δὲ
967 1430 1128 1484 πάσας
1167 1429 1251 1484 τὰς
1288 1428 1478 1497 τροχιὰς
1517 1429 1659 1479 αὐτοῦ

78 1520 104 1541 “
129 1512 395 1564 σκοπεύει.”
460 1514 614 1584 ἡμέραν
656 1514 704 1565 δὲ
744 1513 954 1580 ὀνομάζει
998 1516 1147 1581 Κυρίου
1187 1515 1269 1576 τῆς
1312 1511 1540 1565 ἁλώσεως
1578 1509 1660 1561 τὸν

78 1595 256 1662 καιρὸν,
285 1596 338 1648 ὃν
377 1600 450 1648 καὶ
489 1596 629 1663 ἐγγυς
663 1595 779 1648 εἶναί
802 1603 967 1665 φησιν,
994 1597 1077 1647 οὐκ
1109 1598 1250 1665 ἐφιεὶς
1277 1600 1371 1649 τοῖς
1398 1593 1655 1658 ἀμελεστέ-

78 1701 175 1743 ροις
219 1678 362 1730 ἐκεῖνό
405 1703 497 1731 που
545 1678 668 1747 τάχα
711 1682 1055 1742 διενθυμεῖσθαι
1099 1680 1175 1728 καὶ
1213 1682 1403 1746 φρονεῖν
1440 1676 1569 1743 παρά
1607 1700 1661 1742 γε

79 1761 254 1828 σφίσιν
289 1762 459 1824 αὐτοῖς,
498 1764 559 1815 ὡς
593 1761 750 1828 μακρά
787 1785 856 1815 τις
894 1761 1029 1812 ἔσται
1062 1765 1156 1811 τῶν
1194 1759 1391 1810 ἔσεσθαι
1423 1782 1662 1825 προεπηγ-

15 1861 61 1884 20
80 1844 319 1908 γελμένων
356 1844 384 1907 ἡ
419 1843 703 1907 ἀνάβλησις,
733 1847 808 1894 καὶ
847 1842 1185 1910 ὑπερτρέχουσι
1223 1841 1276 1893 τὸ
1314 1846 1480 1893 παθεῖν
1511 1844 1573 1895 εἷς
1607 1840 1662 1891 τὸ

79 1928 161 1989 τῆς
186 1926 351 1979 οἰκείας
377 1926 493 1992 ζωῆς
519 1924 896 1989 καταντήσαντες
919 1925 1069 1978 τέλος.
1111 1924 1213 1978 ἔθος
1235 1923 1329 1990 γὰρ
1349 1922 1405 1987 ἦν
1425 1922 1663 1976 Ἰουδαίοις

80 2009 128 2058 ἐν
153 2012 251 2061 ταῖς
277 2007 573 2075 προῤῥήσεσι
597 2012 691 2058 τῶν
717 2007 787 2058 ὅτι
813 2006 1028 2070 μάλιστα
1055 2011 1353 2073 σκυθρωπῶν
1378 2004 1532 2056 τοιάδε
1558 2005 1663 2056 τινὰ

81 2093 270 2157 φρονεῖν
308 2112 358 2140 τε
402 2093 477 2141 καὶ
516 2089 683 2156 λέγειν.
747 2092 823 2140 καὶ
863 2095 979 2156 γοῦν
1017 2089 1107 2157 ε”φη
1145 2111 1237 2140 που
1272 2088 1393 2142 Θεὸς
1430 2087 1548 2153 πρὸς
1581 2087 1707 2138 τὸνὶ)

82 2171 308 2238 μακάριον
340 2170 593 2240 προφήτην
623 2170 847 2239 Ἰεζεχιήλ
873 2171 1000 2222 “Υὶὲ
1038 2171 1301 2236 ἀνθρώπου,
1340 2169 1439 2220 ἰδοὺ
1478 2170 1502 2219 ὁ
1542 2167 1664 2223 οἶκος
1725 2180 1888 2254 &eligia

0 2260 112 2306 ‘25⁶‘
135 2253 338 2321 Ἰσραὴλ
376 2255 401 2305 ὁ
439 2254 842 2320 παραπικραίνων,
881 2251 1096 2319 λέγοντες
1135 2252 1360 2319 λέγουσιν
1392 2253 1456 2301 ‘H
1499 2250 1664 2318 ὅρασις
1752 2242 1776 2264 ι’

85 2342 112 2365 “
135 2334 193 2399 ἦν
217 2336 352 2390 οὗτος
378 2337 467 2404 ὁρᾷ
492 2339 554 2389 εἰς
589 2336 761 2401 ἡμέρας
796 2335 999 2398 πολλὰς,
1025 2337 1100 2385 καὶ
1139 2339 1200 2388 εὶς
1238 2333 1422 2400 καιροὺς
1460 2332 1663 2399 μακροὺς

85 2423 112 2446 “
138 2417 271 2472 οὗτος
311 2418 610 2486 προφητεύει.
690 2417 766 2468 διὰ
810 2423 948 2468 τοῦτο
993 2417 1123 2468 εἰπὸν
1164 2415 1283 2482 πρὸς
1327 2416 1492 2468 αὐτούς
1537 2414 1664 2466 Τάδε

86 2506 114 2528 “
138 2499 265 2566 λέγει
283 2499 488 2551 Ἀδωναῒ
525 2499 698 2567 Κύριος
733 2499 810 2550 Οὐ
847 2498 911 2563 μὴ
949 2498 1219 2563 μηκύνωσιν
1251 2498 1400 2548 οὐκέτι
1425 2496 1596 2550 πάντες
1622 2500 1665 2547 οἱ

132 2659 166 2693 3.
190 2649 344 2694 πράξεών
362 2649 454 2685 Edd.
612 2659 647 2695 5.
673 2647 851 2694 ὑποτρέχει
871 2648 963 2682 D.E.
983 2647 1073 2682 Edd.
1093 2648 1163 2692 ἔχει
1182 2647 1225 2682 Β.
1385 2648 1417 2681 8,
1447 2646 1603 2691 ἐνδύματι
1622 2648 1664 2683 Β.

89 2707 122 2739 9.
147 2695 298 2742 ἅρπαγας
311 2696 403 2731 Edd.
417 2699 497 2731 ante
511 2696 646 2741 Migne.
747 2707 759 2730 1
770 2707 799 2730 Ι.
818 2695 871 2729 καὶ
884 2695 962 2740 οὐχὶ
976 2695 1017 2728 Β.
1030 2695 1106 2739 οὐχὶ
1119 2695 1212 2728 Ι).Ε.
1227 2694 1266 2727 οὐ
1278 2693 1370 2728 Edd.
1466 2705 1519 2728 12.
1537 2694 1665 2739 ἀγαθὸν

89 2739 169 2776 εἶναι
185 2754 247 2787 pro
263 2743 389 2788 ἀγαθὸς
405 2741 487 2778 εἶναι
504 2744 612 2778 δοκεῖν
630 2742 722 2778 Edd.
1090 2752 1143 2785 13.
1169 2741 1222 2774 καὶ
1240 2741 1298 2774 alt.
1317 2741 1493 2785 assumpsi
1510 2752 1551 2774 ex
1571 2741 1664 2776 D.E.

93 2799 146 2830 14.
172 2789 225 2822 καὶ
241 2801 304 2834 pro
321 2791 339 2824 ὁ
357 2789 449 2824 Edd.
884 2796 938 2833 15.
963 2787 1082 2832 ἀνδρὸς
1099 2788 1171 2821 ὁδοὶ
1187 2788 1259 2821 inv.
1276 2786 1352 2821 ord.
1372 2787 1415 2821 B.
1433 2787 1550 2821 invitis
1570 2788 1664 2823 D.E.

94 2845 146 2879 19.
170 2836 493 2882 προεπηγγελμένων
507 2836 549 2871 Ε.
566 2835 849 2882 προηγγελμένων
868 2835 961 2868 Β.[).
975 2848 1168 2879 προαπηγγ.
1185 2833 1276 2868 Edd.
1421 2845 1476 2868 20.
1503 2834 1664 2879 ὑπερ-τρέ-

90 2895 192 2925 χουσι
208 2882 339 2917 habent
356 2883 449 2918 D.E.
655 2894 710 2917 21.
736 2881 791 2927 ἧν]
815 2886 851 2922 -1-
872 2883 942 2917 τοῖς
959 2880 1050 2915 Edd.
1272 2891 1327 2914 22.
1353 2879 1566 2924 προῤῥήσεσι
1586 2888 1665 2925 post

91 2927 210 2971 σκυθρ.
229 2934 272 2963 tr.
289 2929 348 2963 iid.
457 2941 510 2976 23.
536 2944 601 2964 που
619 2941 687 2964 oma
710 2929 751 2963 Β.
800 2929 858 2962 τὸν
874 2942 951 2972 μακ.
970 2929 1079 2973 προφ.
1097 2931 1278 2972 assumpta
1295 2939 1336 2962 ex
1356 2927 1398 2962 B.
1417 2927 1544 2962 desunt
1562 2928 1597 2962 in
1617 2928 1663 2963 D.

94 2983 148 3018 27.
175 2972 266 3008 εἶπον
285 2975 371 3010 Β,Ε.
562 2978 617 3011 28.
640 2974 786 3011 Ἀδωναῒ
804 2975 889 3010 Β.Ε.
907 2973 1043 3010 Ἀδοναῖ
1058 2974 1152 3009 Aub.

148 3043 240 3071 VOL.
264 3044 311 3071 ΙΙ.
848 3046 872 3071 Α
895 3047 916 3072 st
