2049 3366
117 198 344 224 CONFESSIO.

117 307 269 350 Civitas,
310 310 460 356 quaevis
498 321 564 358 per
605 308 880 345 invocationem

171 373 297 409 Divini
346 374 522 409 Nominis
576 373 709 410 salvari
756 378 881 421 potest

172 440 250 474 449
276 451 318 479 e:
350 439 451 474 nulla
479 451 545 486 per
573 438 742 474 fraudem
773 438 877 486 adju-

172 507 280 537 vatur
301 505 378 539 450
401 515 442 544 ος
469 503 552 544 Dei,
576 516 640 551 per
662 503 879 551 [herosoly-

171 579 258 602 man
283 567 516 609 adumbrata,
539 568 677 604 sanctis
697 567 882 616 patefacta

174 632 250 668 548
273 631 343 668 ab.

119 693 273 731 Clamor
301 696 486 744 nequitiae
516 697 563 733 ad
592 697 715 733 Deum
747 696 880 744 surgit,

173 759 262 807 quid
284 763 361 798 369
383 761 417 797 b.

120 824 274 868 Clauda,
314 826 487 862 animalia
524 839 637 875 quare
684 839 759 862 non
800 826 882 862 Deo

172 890 363 926 offerenda
384 893 460 927 826
482 904 514 928 e.

119 954 312 997 Clausura,
351 961 581 1003 serpentum,
621 968 690 1004 pro
729 955 882 992 Inferno

173 1019 315 1055 dictum
337 1022 413 1056 472
436 1020 473 1057 d.

118 1083 270 1127 Clavus,
305 1097 352 1120 ex
386 1085 466 1132 ipsa
503 1085 656 1121 Domini
695 1083 825 1127 Cruce,
863 1097 884 1121 a

173 1148 426 1185 Constantino
445 1155 644 1186 veneratus
667 1151 743 1187 813
766 1162 799 1186 a.

118 1212 309 1255 Clibanus,
338 1214 569 1250 idololatriae
599 1214 786 1250 fervorem
817 1226 880 1250 ex-

171 1278 300 1327 primit
342 1281 415 1315 109
454 1279 500 1320 b;
555 1281 629 1316 110
664 1291 707 1321 e;
752 1278 883 1326 judicii

172 1343 287 1379 divini
309 1343 472 1392 signum,
494 1343 713 1392 alienigenis
733 1349 884 1391 paratur

173 1409 251 1445 865
297 1421 319 1444 a
337 1409 384 1451 ὗς
435 1409 526 1445 item
574 1408 796 1450 idololatris,
846 1414 884 1445 et

174 1473 384 1509 Haereticis
406 1475 482 1510 865
505 1486 534 1510 c.

117 1539 248 1579 Cocta,
265 1550 350 1574 cum
365 1537 539 1581 vinaceis,
557 1539 634 1574 sive
650 1538 729 1574 uvis
749 1538 881 1586 passis,

173 1602 299 1638 oblata
319 1602 389 1639 diis
409 1603 539 1639 alienis
562 1605 611 1640 59
632 1603 667 1639 b.

118 1667 289 1709 Ocelum,
318 1680 386 1716 pro
415 1667 575 1716 Angelis
603 1667 748 1704 coelum
777 1667 882 1703 habi·

172 1732 337 1769 tantibus
359 1732 498 1768 dictum
522 1735 597 1770 345
618 1732 655 1768 b.

120 1797 258 1840 Colles,
281 1797 469 1833 sacrificiis
495 1797 622 1839 dediti,
645 1796 881 1833 occasionem

173 1861 404 1898 idololatriae
431 1861 615 1897 dederunt
643 1863 715 1898 148
738 1873 781 1903 e;
813 1873 881 1908 pro

174 1925 323 1962 Sanctis
350 1926 617 1974 insignioribus
643 1925 796 1961 secundi
821 1937 880 1961 or-

173 1991 270 2027 dinis
305 1991 446 2026 dictum
482 1991 557 2027 352
593 2002 637 2036 03
681 2002 749 2038 pro
785 1989 880 2037 opti-

172 2055 335 2091 matibus
365 2054 671 2091 eminentioribus
699 2056 776 2090 445
798 2067 817 2089 c
834 2053 878 2100 d3

172 2133 240 2168 pro
260 2119 488 2168 principibus
505 2119 732 2168 Synagogae
749 2121 826 2156 560
844 2131 878 2164 e;

170 2185 260 2221 item
308 2197 376 2232 pro
422 2184 644 2232 praepositis
691 2183 880 2220 Ecclesiae

174 2251 248 2286 561
272 2262 313 2296 a3
345 2262 457 2298 quare
477 2249 633 2285 Aeterni
655 2251 728 2285 561
752 2249 788 2285 b.

119 2314 334 2363 Colligatio,
357 2327 378 2350 a
395 2314 602 2350 nutricibus
628 2313 837 2359 infantium,
859 2326 881 2349 a

171 2379 421 2427 precantibus,
447 2384 484 2415 et
513 2391 619 2415 sacra
645 2378 878 2423 facientibus,

172 2444 309 2480 usitata
332 2446 406 2480 158
428 2443 463 2480 d.

119 2508 287 2550 Colores,
318 2509 380 2545 alii
408 2508 478 2544 alia
505 2507 720 2556 exprimunt
748 2507 876 2556 aenig-

172 2579 274 2609 mata
295 2575 371 2610 659
393 2573 451 2609 ad
464 2585 494 2609 e.

119 2638 317 2680 Columba,
384 2637 662 2674 lamentationis
725 2642 879 2684 propter

171 2703 345 2739 timorem
383 2702 523 2739 celatae
560 2702 682 2751 figura
717 2704 794 2739 500
831 2702 877 2748 b;

171 2767 458 2816 pulchritudinis
483 2772 594 2815 typus
618 2768 694 2803 605
716 2779 757 2812 c;
788 2766 878 2802 item

172 2831 375 2873 fidelitatis,
387 2831 485 2880 quod
493 2831 581 2867 nido
590 2830 720 2867 relicto
734 2843 880 2879 semper

172 2896 372 2933 revertitur
392 2898 469 2933 605
491 2896 525 2932 d.

119 2953 345 3007 Commotio,
375 2966 495 2997 terrae
523 2959 621 2997 facta
649 2960 674 2997 J
680 2960 804 2997 udaeis
832 2959 878 2997 ab
911 2988 914 3006 γ

178 3034 271 3064 VOL.
294 3036 343 3064 ΙΙ.

667 186 878 223 INDEX
939 186 1185 223 RERUM.

1643 184 1718 219 657

1005 308 1182 356 Aegypto
1203 306 1428 344 exeuntibus
1445 306 1522 341 480
1541 316 1582 349 c;
1609 313 1716 338 mon·

1004 372 1110 414 tium,
1132 372 1214 408 Deo
1242 371 1418 408 facillima
1445 370 1520 405 482
1549 368 1593 414 b;
1625 367 1716 403 item

1004 437 1118 473 totius
1139 437 1266 472 mundi
1290 438 1365 473 482
1388 448 1419 471 c.

951 502 1323 538 Communicantibus
1385 512 1478 548 quac
1538 496 1714 546 praemia,

1006 567 1131 614 quales
1170 566 1297 614 fruges
1333 565 1446 601 corda
1481 563 1584 611 quasi
1617 568 1719 598 terra

1005 632 1206 680 proferent,
1261 632 1342 667 Deo
1400 630 1579 678 irrigante
1638 628 1716 664 860

1006 697 1028 732 d
1045 709 1077 733 e.

952 761 1191 802 Communio,
1233 760 1457 796 Sanctorum
1501 771 1586 794 cum
1636 757 1717 792 Deo

1007 829 1055 863 52
1078 826 1123 871 d;
1154 838 1230 861 non
1259 830 1315 861 est
1342 825 1411 860 nisi
1433 836 1497 871 per
1523 822 1716 858 Christum

1006 894 1055 928 53
1104 891 1149 936 b;
1208 889 1254 926 ad
1300 889 1500 925 humanam
1540 887 1717 922 virtutem

1005 954 1214 992 necessaria
1239 956 1286 990 88
1309 954 1388 999 bc;
1423 965 1489 1000 per
1520 951 1715 999 Spiritum,

1005 1020 1145 1057 Christi
1180 1032 1315 1055 munus
1359 1020 1429 1055 101
1473 1029 1514 1063 a3
1564 1014 1718 1051 omnino

1006 1084 1190 1121 servanda
1236 1086 1308 1120 137
1350 1095 1391 1128 a;
1441 1080 1623 1130 imprimis
1670 1079 1718 1114 ad

1005 1149 1166 1198 gratiam
1187 1148 1397 1185 necessaria
1417 1149 1489 1183 142
1509 1145 1553 1191 d3
1580 1146 1654 1181 160
1674 1156 1715 1190 c;

1006 1214 1084 1250 sine
1115 1213 1323 1250 Sanctitate
1353 1212 1454 1248 nulla
1481 1217 1538 1248 est
1566 1211 1640 1246 163
1669 1208 1716 1254 d;

1005 1291 1092 1315 vere
1123 1277 1422 1315 desiderantibus
1456 1276 1576 1312 solum
1607 1274 1718 1309 datur

1010 1346 1083 1380 172
1130 1356 1170 1389 e;
1220 1342 1433 1379 satietatem
1479 1353 1555 1376 non
1601 1338 1718 1374 habet

1010 1411 1084 1445 195
1133 1421 1174 1454 a;
1230 1420 1314 1443 cum
1362 1407 1482 1452 Patre,
1525 1409 1563 1440 et
1610 1402 1716 1446 Filio,

1007 1473 1207 1522 spiritualis
1245 1478 1283 1508 et
1319 1476 1500 1520 perpetua
1548 1470 1623 1506 491
1670 1467 1714 1513 d3

1006 1538 1097 1575 nulli
1135 1538 1234 1574 bono
1272 1535 1525 1585 comparanda
1559 1524 1636 1570 6'36
1671 1544 1714 1578 e;

1006 1603 1111 1652 panis
1131 1601 1257 1638 Divini
1277 1601 1435 1650 mystica
1454 1605 1511 1636 est
1532 1599 1608 1635 688
1631 1610 1661 1634 c.

954 1666 1290 1709 Commutationes,
1330 1665 1353 1701 i.
1389 1677 1420 1701 e.
1456 1662 1622 1710 corrupti
1654 1662 1717 1710 ju·

1007 1731 1093 1768 dicii
1113 1742 1256 1767 merces
1279 1729 1417 1777 iniqua,
1443 1727 1715 1764 condemnatae

1008 1800 1083 1835 303
1106 1809 1136 1833 c,

952 1862 1173 1910 Conceptio,
1210 1859 1450 1908 spiritualiter
1483 1858 1528 1895 de
1561 1862 1715 1906 peceato

1005 1927 1145 1963 dictum
1170 1927 1243 1962 186
1265 1937 1298 1961 a.

951 1991 1138 2032 concisio,
1170 2003 1192 2026 a
1220 1988 1478 2025 sacerdotibus
1507 1985 1714 2023 idololatris

1004 2056 1141 2093 usitata
1165 2057 1237 2091 115
1259 2055 1304 2099 b;
1331 2055 1403 2089 118
1425 2065 1467 2098 ἃς
1493 2054 1567 2088 124
1589 2064 1623 2088 a.

951 2120 1150 2159 Conclusio
1170 2119 1304 2161 cordis,
1326 2131 1392 2166 pro
1413 2116 1549 2153 fiducia
1572 2116 1712 2152 dictum

1008 2188 1082 2223 184
1105 2198 1136 2222 e.

950 2250 1168 2292 Concussio,
1226 2261 1294 2297 pro
1350 2247 1449 2282 malo
1505 2245 1712 2282 inevitabili

1005 2316 1144 2352 dictum
1171 2316 1248 2351 479
1273 2313 1317 2358 b3
1352 2312 1441 2348 item
1471 2324 1539 2360 pro
1563 2310 1713 2347 Noachi

1006 2380 1143 2416 diluvio
1173 2380 1249 2415 479
1280 2390 1320 2423 c;
1355 2377 1445 2413 item
1473 2388 1541 2424 pro
1572 2375 1713 2412 Christi

1004 2444 1266 2482 Incarnatione
1288 2444 1364 2479 479
1386 2454 1418 2478 e.

952 2509 1239 2550 Condemnaffio,
1286 2506 1439 2555 peccati,
1479 2506 1517 2541 in
1564 2505 1711 2541 Adamo

1003 2574 1252 2623 promulgata,
1291 2572 1329 2608 in
1368 2571 1520 2607 Christo
1567 2570 1712 2606 tollitur

1006 2641 1082 2677 552
1105 2651 1135 2675 c.

951 2704 1160 2742 Confessio.
1197 2702 1277 2738 sine
1315 2699 1575 2737 emendatione
1611 2699 1710 2736 vitae

1004 2773 1061 2805 est
1089 2767 1194 2803 nihili
1223 2768 1299 2803 408
1326 2766 1370 2811 (13
1406 2777 1491 2800 cum
1509 2777 1597 2801 vera
1625 2776 1709 2800 eru-

1002 2832 1206 2873 bescentia,
1218 2830 1343 2878 magni
1359 2832 1435 2867 410
1450 2842 1483 2876 03
1507 2828 1710 2865 secundum

1003 2898 1146 2946 Legem
1171 2909 1239 2945 pro
1265 2895 1483 2932 voluntariis
1512 2894 1708 2932 oblationi-

1001 2963 1070 2999 bus
1090 2962 1230 2999 dictum
1252 2962 1328 2998 290
1349 2973 1378 2997 e.

1175 3037 1203 3076 4
1223 3036 1246 3063 P
