2007 3387
344 153 428 192 286
736 152 785 191 B.
830 148 1104 191 CYRILLI
1143 146 1521 188 ALEXANDR.
1761 144 1787 184 i.
1813 156 1852 198 3,
1874 152 1914 191 4.

345 265 445 314 πῶς·
480 259 536 310 ἂν
570 257 824 309 ἐνδοιάσειέ
855 275 959 319 τις;
1004 260 1040 307 εἰ
1072 255 1120 307 δὲ
1157 255 1213 320 δὴ
1244 257 1521 321 λυτρωθεῖεν
1557 251 1674 304 κατὰ
1711 248 1913 317 καιροὺς,

128 359 212 393 655
229 357 279 392 A.
310 341 695 408 απροσηκάμενοι
731 339 816 403 τὴν
848 340 1026 397 πίστιν,
1055 340 1129 389 καὶ
1155 336 1369 404 Χριστὸν
1401 334 1771 404 ἐπιγραψάμενοι
1796 330 1920 383 Θεόν

346 446 395 475 τε
426 425 499 474 καὶ
529 420 736 482 βασιλέα
766 423 841 472 καὶ
869 420 1057 486 Κύριον,
1083 419 1186 470 τότε
1221 418 1277 482 δὴ
1311 418 1429 481 τότε,
1457 419 1531 468 καὶ
1557 416 1689 480 μάλα
1721 413 1920 476 εἰκότως,

346 504 506 574 σοφὴν
550 504 607 555 ἄν
650 527 718 558 τις
769 505 836 555 ἐπ’
884 504 1037 556 αὐτοῖς
1080 501 1330 566 ποιήσαιτο
1381 498 1466 564 τὴν
1517 499 1805 566 παραίνεσιν,
1846 497 1920 546 ε’πῖ

345 592 506 653 καιροῦ
543 592 689 637 ταῦτα
727 585 881 652 λέγων
906 583 1114 655 Ὠργίσ-θη
1145 584 1291 654 Κύριος
1330 584 1402 635 ἐπὶ
1442 579 1536 636 τοῖις
1575 581 1775 649 πατέρας
1806 577 1961 647 ὑμῶν5

347 668 466 739 ὀργῆν
492 669 711 736 μεγάλην.
1680 671 1682 674 ’

308 885 424 932 31(άί
467 882 579 941 ἐρεῖς
622 885 729 941 Πρὸς
773 885 926 926 αὐτούς
965 883 1080 925 Τάδε
1117 884 1229 930 λετ-ει
1271 882 1422 938 Κύριος
1459 881 1769 937 Παντοκράτωρ
1800 877 1922 918 Ἐπι-

416 969 627 1026 στρέψάτε
677 970 783 1026 Πρὸς
832 969 896 1019 με,
946 968 1012 1009 καὶ
1062 967 1435 1024 ἑπιστράφήοομοιι
1488 965 1594 1021 πρὸς
1643 966 1762 1014 ὑμᾶς,
1811 963 1921 1009 λέγει

307 1103 329 1134 4
417 1053 565 1110 Κύριος
592 1053 918 1109 Παντοκράτωρ,
946 1052 1013 1093 καὶ
1051 1052 1106 1100 μή
1147 1050 1307 1097 Γίνεσθε
1346 1049 1486 1090 καθὼς
1514 1046 1551 1089 οἰ
1584 1049 1764 1104 Πάτέρεε
1791 1045 1921 1096 ὑμῶν,

415 1132 479 1177 οἷο
521 1137 780 1177 ἐνεκάλεσαν
825 1133 968 1177 αὐτοῖς
1017 1133 1055 1176 οἱ
1104 1136 1323 1190 Προφῇτάι
1366 1131 1404 1173 οἱ
1446 1132 1684 1188 ἔμπροσθεν
1728 1131 1921 1177 λετ-οντες
1946 1140 1992 1165 10

414 1220 530 1261 Τάδε
573 1220 684 1267 λέγει
729 1219 877 1276 Κύριος
908 1219 1234 1274 Ἀποστρὲψάτε
1279 1215 1363 1258 ἀπὸ
1407 1216 1491 1257 τῶν
1529 1215 1643 1257 ὁδῶν
1681 1213 1797 1262 ὑμῶν
1834 1211 1920 1253 τῶν

415 1303 617 1359 ΠονΗρών
662 1302 729 1343 καὶ
770 1302 855 1343 ἀπὸ
899 1302 984 1343 τῶν
1034 1301 1387 1349 ὲΠιτΗδευμάτων
1430 1299 1547 1347 ὑμῶν
1584 1298 1669 1339 τῶν
1708 1295 1921 1352 ΠονΗρὼν,

417 1386 484 1427 καὶ
511 1387 558 1427 οὐ
586 1386 821 1443 Προσεοχον
848 1389 921 1426 τοῦ
948 1383 1193 1426 εἰσάκοῡσοιί
1219 1399 1311 1434 μου,
1337 1384 1448 1430 λέΓει
1477 1382 1635 1438 Κύριος.

423 1517 816 1581 Ἀνακεκλημένοι
848 1515 955 1582 γὰρ,
999 1517 1060 1568 ὡς
1095 1515 1227 1582 ἔφην,
1262 1516 1310 1564 ἐκ
1351 1516 1432 1577 τῆς
1471 1512 1810 1578 αἰχμαλωσίας,
1849 1511 1923 1560 καὶ

353 1600 681 1667 ἀνατρέχοντες
722 1603 783 1652 εἷς
826 1597 910 1662 τὴν
951 1598 1193 1659 Ἰουδαίαν,
1231 1595 1429 1664 ῥᾴθυμοι
1466 1593 1690 1659 γεγόνασι
1727 1593 1831 1658 περὶ
1869 1590 1922 1642 τὸ
1949 1613 1992 1652 15

316 1704 337 1730 c
355 1686 519 1734 δοκοῦν
544 1686 609 1752 τῷ
635 1685 754 1751 Θεῷ,
783 1683 857 1731 καὶ
884 1681 1090 1732 εἰδώλοις
1128 1677 1211 1741 μὲν
1249 1679 1302 1728 οὐ
1338 1677 1638 1743 προσέκειντο
1669 1674 1793 1736 τέως,
1820 1674 1924 1724 οὔτε

353 1763 446 1829 μὴν
491 1764 576 1829 τὴν
626 1763 823 1831 ἀρχαίαν
872 1763 1122 1828 προσίεντο
1171 1761 1375 1823 πλάνην·
1420 1757 1549 1822 πλὴν
1593 1758 1698 1808 καθ’
1745 1756 1924 1822 ἑτέρους

354 1847 607 1910 ἡλίσκοντο
641 1844 1008 1911 παροτρύνοντες
1049 1843 1261 1909 τρόπους.
1329 1843 1390 1894 ὡς
1424 1839 1516 1906 γὰρ
1553 1841 1600 1890 ἐν
1638 1843 1703 1908 τῷ
1732 1836 1926 1907 ’Έσδρᾳ

134 1946 265 1996 JEsdr.
353 1929 628 1996 γέγραπται,
653 1932 726 1979 καὶ
759 1928 963 1993 γυναίοις
995 1924 1292 1992 ἀλλοφύλοις
1325 1924 1626 1988 ἐπεμίγνυντο
1651 1923 1739 1984 καὶ,
1764 1919 1846 1972 τὰς
1875 1921 1924 1970 ἐκ

132 2001 177 2021 xx.
352 2016 447 2063 τῶν
473 2011 656 2077 ὁμόρων
682 2011 827 2060 ἐθνῶν
853 2006 1226 2070 εἰσοικισάμενοι,
1247 2005 1417 2056 τέκνων
1443 2003 1709 2070 ἀλλοτρίων
1734 2001 1925 2068 πατέρες
1945 2025 1995 2050 20

353 2093 598 2159 γεγόνασι,
643 2092 789 2143 καίτοι
832 2097 914 2142 τοῦ
961 2089 1103 2153 νόμου
1143 2088 1196 2139 τὸ
1239 2090 1397 2155 χρῆμα
1441 2088 1594 2140 αὐτοῖς
1632 2088 1694 2139 ὡς
1731 2085 1926 2153 ἔκτοπον

354 2175 734 2245 ἀποφάσκοντος.
802 2171 1096 2237 κατημέλουν
1134 2171 1181 2221 δὲ
1216 2171 1291 2220 καὶ
1326 2175 1407 2220 τοῦ
1445 2173 1594 2219 τελεῖν
1631 2166 1810 2233 ἑορτὰς,
1849 2167 1924 2216 καὶ

352 2263 565 2324 πληροῦν
593 2258 773 2318 θυσίας,
799 2258 873 2306 καὶ
905 2254 998 2319 μὴν
1028 2255 1103 2304 καὶ
1137 2252 1395 2319 ἀπρόθυμοι
1420 2253 1523 2318 περὶ
1549 2249 1601 2300 τὸ
1628 2253 1720 2300 δεῖν
1745 2247 1924 2299 ἀναδεί-

352 2344 532 2403 μασθαι
558 2339 639 2390 τὸν
663 2343 785 2390 θεῖον
813 2337 923 2389 ναὸν
948 2333 1191 2402 γεγονότες
1213 2334 1483 2398 ἡλίσκοντο.
1534 2332 1763 2399 ταύτῃτοι,
1780 2329 1923 2381 καθά-

134 2423 275 2508 {³7gft‘3l·6{i·
309 2434 440 2488 άπερ
477 2424 525 2472 ἐν
561 2425 626 2491 τῷ
652 2420 865 2489 Ἀγγαίῳ
896 2419 1175 2485 γέγραπται,
1207 2415 1436 2484 ἐπάταξεν
1474 2412 1639 2467 αὐτοὺς
1671 2414 1718 2463 ἐν
1750 2412 1923 2482 ἀφορίᾳ
1943 2433 1990 2472 25

353 2507 428 2555 καὶ
454 2503 771 2571 ἀνεμοφθορίᾳ
810 2506 884 2552 καὶ
919 2503 966 2551 ἐν
1001 2498 1182 2567 χαλάζῃ
1217 2498 1371 2550 πάντα
1406 2495 1464 2547 τὰ
1497 2496 1612 2561 ε”ργα
1641 2500 1734 2546 τῶν
1759 2499 1924 2562 χειρῶν

353 2587 517 2638 αὐτῶν.
583 2586 658 2636 καὶ
682 2585 941 2646 ἐνέβαλλον
974 2583 1056 2646 μὲν
1095 2586 1156 2636 εἷς
1191 2579 1406 2649 κυψέλην
1431 2581 1589 2644 κριθῆς
1615 2577 1759 2627 ε’ίκοσι
1784 2575 1924 2640 σάτα,

403 2785 435 2815 4.
461 2771 511 2806 ἐπ’
530 2772 641 2807 αὐτοῖς
658 2783 727 2805 om.
748 2770 795 2805 D.
1075 2778 1108 2811 5.
1135 2767 1235 2810 καιρῶ
1254 2765 1300 2798 D.
1581 2773 1613 2806 9.
1639 2761 1691 2794 καὶ
1708 2772 1777 2794 om.
1797 2760 1844 2793 D.
1893 2760 1924 2793 οἱ

355 2830 425 2853 om.
446 2818 536 2853 Edd.
555 2825 633 2852 ante
652 2818 785 2862 Migne.
997 2827 1048 2849 10.
1074 2814 1104 2848 οἳ
1123 2824 1184 2858 pro
1202 2801 1250 2847 οἷς
1269 2811 1315 2844 D.
1365 2811 1395 2843 οἱ
1413 2810 1471 2843 alt.
1490 2815 1710 2852 assumptum
1727 2819 1768 2840 ex
1788 2806 1921 2840 B.D.F.

356 2866 474 2909 (Alex.
494 2865 600 2909 XII.)
797 2874 849 2897 11.
877 2861 1014 2906 Κύριος]
1038 2866 1074 2901 -Ι-
1095 2859 1330 2903 παντοκράτωρ
1351 2855 1441 2890 Edd.
1460 2854 1571 2900 (A.V.
1591 2854 1675 2899 ἃς.)
1692 2853 1808 2887 invitis
1829 2853 1921 2886 B.D.

360 2923 412 2955 19.
439 2912 654 2956 ἐπεμίγνυντο
675 2911 764 2944 B.D.
784 2910 999 2954 ἐπιμέμιγντο
1019 2908 1098 2951 (Sic)
1118 2907 1218 2940 Pont.
1238 2903 1470 2948 ἐπιμέμι-γοντο
1488 2902 1580 2936 Aub.
1778 2900 1831 2933 26.
1857 2903 1922 2934 τῶν

356 2961 478 3000 χειρῶν
495 2964 672 3002 assumpta
691 2969 731 2991 ex
752 2958 796 2990 D.
942 2966 995 2999 27.
1022 2954 1208 2994 ἐνέβαλλον
1226 2952 1271 2986 D.
1291 2950 1450 2991 ἐνέβαλον
1469 2948 1559 2983 Edd.
1610 2946 1786 2992 κυψέλλην
1804 2947 1848 2980 D.
