1997 3361
85 136 138 176 iv.
166 150 258 192 1-3.
454 137 525 177 IN
566 137 988 177 ZACHARIAM.
1049 137 1200 177 ΤΟΜ.
1237 136 1296 176 11.
1580 133 1663 171 320

85 247 133 294 ἐν
171 249 265 298 τοῖς
305 247 452 310 ἁγίοις
492 247 725 312 ἀγγέλοις,
753 245 876 297 ὥστε
910 247 1027 316 φαίη
1066 269 1133 300 τις
1172 244 1230 296 ἀν
1260 243 1546 310 ἐγρήγορσιν
1579 239 1665 303 μὲν

86 326 145 377 τά
171 329 365 391 ἐκείνων,
401 331 448 379 ἐν
487 329 608 398 ὕπνῳ
642 327 691 378 δὲ
730 327 894 395 ὥσπερ
931 328 990 379 τὰ
1028 329 1134 380 καθ’
1164 329 1299 392 ἡμᾶς.
1367 323 1522 388 ἐπειδὴ
1558 322 1605 374 δὲ
1638 324 1664 373 ὁ

87 409 341 463 θεσπέσιος
389 409 597 476 ἄγγελος
646 410 836 475 γνώμης
886 434 936 462 τε
992 413 1066 462 καὶ
1118 415 1198 461 νοῦ
1248 408 1366 476 πρὸς
1421 413 1557 458 τοῦτο
1608 405 1664 469 δὴ

86 493 487 557 παρενηνεγμένον
520 492 743 555 τεθέαται,
785 491 909 543 ὥστε
954 494 1028 543 καὶ
1066 492 1379 560 ἀποχρώντως
1407 490 1526 558 ἔχειν
1552 512 1666 539 συν-

46 591 68 630 5
89 572 201 624 ιε’ναι
237 580 420 628 λεπτῶς
455 574 541 640 τὴν
578 575 759 641 ὅρασιν,
785 574 1111 626 διεπυνθάνετο
1155 576 1322 640 λέγων,
1353 575 1397 624 τί
1431 571 1487 623 ἀν
1526 571 1666 622 οἴοιτο

88 655 310 723 ὑπάρχειν
347 656 406 707 τά
438 657 717 723 δεδειγμένοι.
785 655 1150 721 ἀπλανεστάτην
1181 655 1328 722 γεμὴν
1355 657 1378 706 ὁ
1408 653 1712 722 Προφήτηςά

88 740 169 801 τῆς
210 737 419 805 ὁράσεως
455 739 542 803 τὴν
577 738 826 807 ἀφήγησιν
865 741 1059 790 ἐποιεῖτο
1098 738 1258 801 πάλιν,
1304 739 1496 800 λυχνίσιν
1535 738 1668 806 ἑωρα-

91 820 217 871 κέναι
258 822 425 887 λέγων,
470 821 575 882 ’ὅλην
617 844 666 872 τε
708 823 761 872 δι’
804 821 919 872 ὅλου
956 823 1133 891 χρυσῆν·
1187 818 1396 872 ἑποίνωθεν
1445 817 1578 878 αὐτῆς
1622 816 1667 869 το

89 900 375 970 λαμπάὃιεν,
404 906 479 954 καὶ
505 902 598 969 μὴν
625 906 700 955 καὶ
727 903 920 967 λύχνους
945 902 1077 966 ἐπτέι,
1104 905 1178 954 καὶ
1209 903 1484 969 ἰσαρίθμους
1515 901 1669 953 αὐτοῖς

23 1008 70 1033 10
88 984 172 1038 τὰς
217 983 554 1056 ἑποιρυστρίὸοις,
603 986 760 1040 ἐλαίας
803 1009 853 1037 τε
894 986 994 1048 δύο,
1037 988 1146 1054 μίαν
1189 984 1273 1049 μὲν
1314 986 1365 1035 ἐκ
1410 980 1554 1052 δεξιῶν
1597 984 1669 1033 τοῦ

89 1065 376 1135 λαμπαδχίου,
404 1068 604 1135 θατεραν
633 1068 780 1135 γεμὴν
812 1067 1020 1132 κειμένην
1052 1068 1097 1137 ἐξ
1138 1066 1364 1136 εὐωνύμων.
1429 1067 1504 1115 καὶ
1530 1065 1558 1128 ἡ
1586 1063 1670 1128 μὲν

89 1150 416 1217 ἐμφανεστέρα
457 1156 551 1202 τῶν
595 1150 898 1216 δεδειγμένων
937 1149 1164 1203 ἀπόδοσις
1210 1149 1276 1212 εἰἠ
1319 1147 1376 1198 ἂν
1414 1148 1501 1214 οὐχ
1539 1146 1670 1213 ἑτέρα

89 1231 220 1298 παρὰ
257 1233 446 1298 ταύτην·
490 1236 584 1284 δεῖν
622 1233 671 1284 δὲ
708 1233 863 1299 ἔγωγέ
896 1237 1017 1301 φημι
1054 1231 1161 1285 τοῦς
1199 1235 1293 1284 τοῖς
1326 1228 1549 1281 ἐσωτάτω
1587 1227 1671 1280 τὸν

91 1320 200 1365 νοῦν
239 1314 437 1369 ἐνιέντας
474 1314 824 1382 περιεργότερον
862 1317 1125 1380 περιαθρεῖν
1163 1314 1212 1364 εὖ
1249 1312 1381 1376 μάλα
1418 1315 1670 1375 πειρᾶσθαι

23 1420 69 1458 15
91 1395 150 1447 τὰ
189 1397 466 1462 δηλούμενα,
505 1400 580 1449 καὶ
618 1401 805 1449 συνδεῖν
838 1396 1036 1450 ἀστείως
1073 1400 1168 1450 τοῖς
1202 1395 1292 1461 ἤδη
1325 1393 1709 1462 προειρημένοιςο

92 1481 166 1530 καὶ
191 1479 317 1531 τάδε.

157 1560 294 1630 ’Έφη
320 1563 475 1614 τοίνυν
501 1563 526 1613 ὁ
551 1567 646 1614 τῶν
672 1561 798 1613 ὅλων
824 1560 958 1625 Θεὸς,
985 1560 1056 1612 ὅτι
1094 1562 1171 1612 καὶ
1206 1560 1384 1627 βόθρον
1409 1557 1564 1628 ὀρύξει
1595 1582 1670 1610 και
1731 1564 1839 1639 {upra

90 1643 377 1712 ψηλαφήσει
402 1649 567 1696 πᾶσαν
591 1644 677 1709 τὴν
702 1645 882 1696 ἀδικίαν
906 1646 989 1708 τῆς
1011 1645 1100 1709 γῆς
1125 1643 1297 1708 ἐκείνης
1323 1645 1370 1693 ἐν
1396 1640 1544 1710 ἡμέρᾳ
1570 1645 1668 1710 μιᾷ,
1794 1617 1812 1649 9

88 1728 377 1793 προῦτρεπεν
418 1725 468 1778 δὲ
516 1729 591 1778 καὶ
629 1726 809 1794 ἑτέρους
860 1730 1117 1792 συγκαλεῖν
1157 1725 1401 1789 ἀλλήλους
1451 1723 1669 1775 ὑποκάτω
1730 1738 1853 1770 1b.10-

23 1836 73 1862 20
91 1809 307 1872 ἀμπέλου
345 1811 421 1860 καὶ
460 1807 676 1860 ὑποκάτω
710 1811 874 1872 συκῆς.
943 1808 1072 1872 ἡμεῖς
1107 1806 1157 1858 δὲ
1194 1809 1332 1876 σαφῆ
1363 1806 1671 1859 καθιστάντες

90 1893 173 1955 τῆς
198 1892 486 1959 προφητείας
523 1891 606 1942 τὸν
641 1890 842 1950 σκοπὸν,
871 1888 1093 1955 ἐλέγομεν
1119 1889 1188 1940 ὅτι
1220 1894 1316 1943 τοῖς
1354 1888 1437 1952 μὲν
1468 1890 1670 1939 ἀπειθεῖν
1732 1896 1838 1936 Supra

90 1973 353 2041 ᾑρημένοις,
382 1975 458 2024 καὶ
496 1971 799 2039 ἀτιμάζουσιν
829 1973 1021 2036 ἀμαθῶς
1052 1971 1137 2036 τὴν
1162 1970 1238 2023 διὰ
1263 1975 1479 2037 Χριστοῦ
1506 1993 1666 2034 σωτη-
1732 1945 1844 1987 6’9ὒ’

91 2056 209 2122 ρίαν,
243 2054 418 2122 βόθρος
450 2053 525 2106 0ῖά
560 2078 628 2109 τις
667 2053 924 2121 ὠρόρυκται
959 2054 1276 2120 κατακομίζων
1310 2055 1371 2107 εἷς
1404 2052 1615 2119 ὄλεθρον,
1642 2052 1670 2116 ἡ

91 2139 165 2189 ἐπὶ
198 2141 264 2208 τῷ
289 2142 482 2207 σταυρῷ
516 2138 745 2204 παροινία,
773 2139 847 2188 καὶ
885 2139 968 2200 τῆς
1006 2136 1125 2187 κατὰ
1150 2140 1366 2202 Χριστοῦ
1403 2136 1710 2200 μιαιφονίαςιι
1739 2149 1825 2182 683
1839 2146 1888 2181 A.

25 2246 72 2282 25
90 2219 150 2272 τὰ
174 2220 461 2286 ἐγκλήματα.
515 2219 802 2271 ἀπολώλασι
828 2217 921 2284 γὰρ
947 2222 988 2269 οἱ
1015 2219 1206 2270 δείλαιοι
1231 2216 1670 2284 κυριοκτονήσαντες

92 2303 310 2356 ἀνοσίως·
366 2309 394 2332 “
413 2306 508 2356 τοῖς
552 2301 700 2368 γεμὴν
736 2299 1008 2367 ἠγαπηκόσι
1051 2300 1136 2364 τὴν
1186 2298 1456 2368 ἐπιφάνειαν
1494 2299 1667 2349 αὐτοῦ”
1731 2302 1845 2376 ζνΤὲΠ·

92 2385 260 2452 τέρψις
283 2407 332 2435 τε
358 2386 433 2435 καὶ
458 2383 628 2453 τρυφὴ,
655 2385 730 2434 καὶ
762 2384 810 2434 τί
835 2382 928 2449 γὰρ
961 2383 1062 2449 οὐχὶ
1096 2386 1189 2432 τῶν
1211 2381 1432 2433 τοιούτων
1457 2380 1665 2448 ὑπῆρξεὲ

92 2466 320 2533 γεγόνασι
357 2465 450 2532 γὰρ
489 2469 551 2520 ὡς
595 2464 685 2518 ὑπὸ
725 2469 848 2533 συκῇ
891 2468 966 2516 καὶ
1009 2464 1207 2534 ἀμπέλῳ
1245 2469 1344 2518 ταῖς
1381 2463 1666 2527 ἐκκλησίαις.
1733 2458 1844 2532 {gfff}-

146 2683 176 2705 1.
202 2671 428 2723 ἐγρηγόρησιν
447 2669 489 2705 C.
650 2681 681 2704 2.
707 2670 766 2713 τὴν
783 2680 845 2714 pro
863 2669 903 2702 τὰ
921 2668 1016 2713 prius
1036 2667 1076 2702 C.
1264 2679 1297 2712 3.
1322 2669 1455 2711 γνώμην
1472 2680 1508 2700 τε
1526 2666 1578 2699 καὶ
1596 2667 1674 2700 νοῦν

96 2717 340 2752 Edd.corre><1
357 2730 398 2751 ex
418 2717 458 2751 C.
508 2715 615 2762 τούτῳ
632 2716 691 2751 iid.
711 2717 781 2750 inv.
802 2715 844 2751 B.
850 2715 891 2750 C.
1219 2714 1251 2748 8.
1279 2729 1314 2748 τε
1332 2719 1553 2757 assumptum
1570 2724 1612 2746 ex
1631 2711 1671 2747 C.

95 2764 264 2799 ἐπάνωθεν
282 2764 322 2799 C.
340 2764 450 2799 επάνω
469 2764 504 2798 δέ
523 2763 616 2797 Edd.
979 2772 1031 2796 10.
1057 2761 1288 2807 παρυστρίδας
1306 2761 1349 2794 Β.
1397 2774 1432 2793 τε
1449 2765 1672 2803 assumptum

96 2823 137 2845 ex
158 2810 245 2845 B.C.
401 2822 454 2855 13.
480 2809 603 2854 ταύτην
622 2809 662 2844 C.
679 2811 783 2844 ταῦτα
801 2807 893 2843 Edd.
942 2808 1012 2842 δεῖν
1029 2808 1100 2842 δε’
1082 2808 1192 2853 εγωγὲ
1206 2810 1294 2852 φημι
1313 2807 1353 2841 C.
1373 2807 1438 2852 χρὴ
1456 2806 1492 2839 δέ
1512 2805 1559 2840 D.
1579 2804 1671 2839 Edd.

95 2859 173 2892 τοὺς
190 2869 260 2892 om.
278 2857 319 2891 C.
367 2860 432 2893 τοῖς
455 2857 495 2892 C.
501 2857 546 2891 D.
564 2858 622 2900 τῆς
640 2856 732 2891 Edd.
781 2856 950 2890 ἐσὼτατον
969 2855 1014 2889 D.
1127 2866 1180 2899 19.
1205 2857 1413 2899 προῦτρεπεν
1432 2852 1472 2887 C.
1490 2866 1672 2896 προτρεπει

97 2904 191 2938 Edd.
241 2904 373 2948 ἑτέρους
392 2904 466 2937 C.‘
451 2904 578 2946 ετέροις
596 2903 687 2938 Edd.
906 2912 960 2946 27.
987 2901 1130 2945 ὑπῆρξαι
1149 2900 1190 2935 C.
1404 2900 1458 2934 28.
1484 2900 1601 2934 συκαῖς
1619 2899 1672 2933 καὶ

96 2949 261 2994 ἀμπέλοις
278 2950 369 2985 Edd.
388 2951 458 2985 inv.
479 2950 519 2985 C.

154 3017 247 3046 VOL.
270 3019 318 3046 II·
829 3018 852 3044 (J
876 3020 901 3043 U
