1997 3361
91 170 234 213 iii.12.
544 169 618 210 IN
659 169 924 211 NAIIUM.
984 170 1132 213 ΤΟΜ.
1167 171 1202 209 Ι.
1604 173 1660 212 59

155 277 340 346 ”Όνπερ
366 279 459 346 γὰρ
493 279 680 345 τρόπον,
713 280 876 348 φησὶν,
904 279 932 341 ἡ
963 278 1162 342 Ἀμμὼν
1192 278 1570 344 τεταλαιπωρηκε
1601 278 1661 329 τὰ

89 363 138 413 ἐκ
175 364 258 425 τῆς
295 364 385 425 σῆς
423 360 696 427 ἀγριότητος
734 362 858 426 βέλη
898 363 1232 426 ὑπενεγκοῦσα,
1260 363 1335 410 καὶ
1372 359 1454 414 τὰς
1493 363 1542 411 ἐκ
1577 363 1660 424 τῆς

88 443 258 512 ἐφόδου
294 442 559 510 συμφορὰς,
598 445 717 494 οὕτω
755 445 829 494 καὶ
868 443 983 507 αὐτὴ
1028 441 1410 504 σκοτοδινιάσεις,
1445 444 1520 493 καὶ
1564 441 1661 493 οἷον

88 528 136 577 ἐν
161 526 279 593 μέθῃ
309 524 507 594 γενήσῃ,
540 524 697 577 στάσιν
736 527 817 577 οὐκ
850 525 1038 593 ἔχουσα,
1071 525 1297 587 τουτέστι,
1326 524 1661 589 κατασειομένη

47 628 69 666 5
88 631 134 659 τε
160 611 234 659 καὶ
257 608 499 659 πίπτουσα
532 609 639 673 παρ’
667 609 861 675 ἐχθρῶν,
892 611 966 658 καὶ
993 611 1075 672 τῆς
1101 608 1276 658 ἄνωθεν
1302 608 1546 660 ἐποπτείας
1571 608 1661 657 ἁπ-

88 691 386 756 εστερημένη.
447 690 524 744 οῦς
556 689 647 756 γὰρ
684 690 740 740 ἂν
773 692 1097 741 ἐπισκέπτοιτο
1133 689 1265 752 Θεὸς,
1301 692 1422 740 ἐλεεῖ
1448 689 1504 753 δὴ
1542 689 1660 740 πάν-

87 795 177 827 τως
205 775 279 823 καὶ
305 774 352 823 ἐν
377 778 473 826 τοῖς
499 775 596 824 κατ’
624 772 763 840 εὐχὴν
790 771 982 823 ἑστάναι
1007 778 1137 824 ποιεῖ.

162 854 444 924 Μεμεθυσται
488 856 535 906 δὲ
577 853 739 921 ὥσπερ
783 857 857 905 καὶ
895 855 924 919 ἡ
964 854 1193 922 θεομάχος
1230 854 1562 920 Ἰερουσαλὴμ,
1604 855 1698 906 τὸο

89 937 250 1006 νήφειν
276 938 357 988 οὐκ
391 937 579 1005 ἔχουσα,
607 936 752 988 διάτοι
785 935 838 988 τὸ
878 938 984 1006 θείῳ
1009 937 1073 1002 μὴ
1097 938 1491 1000 καταλάμπεσθαι
1523 939 1658 1005 φωτὶ,

1309 1025 1328 1033 Λ

23 1045 70 1069 ιο
87 1018 202 1084 μήτε
235 1019 328 1083 μὴν
353 1021 525 1071 ἐπαΐειν
550 1019 726 1070 ἐθέλειν
754 1020 976 1085 λέγοντος
1006 1025 1088 1070 τοῦ
1114 1023 1329 1084 Χριστοῦ
1363 1019 1534 1085 ζίἘγώ
1569 1024 1659 1083 εἶμι
1721 1034 1857 1083 sgnum.

88 1109 116 1131 ‘⁶
141 1101 194 1153 τὸ
234 1106 336 1170 φῶς
374 1107 456 1152 τοῦ
495 1102 720 1164 κόσμου.”
779 1104 854 1152 καὶ
894 1100 1041 1152 πάλιν
1082 1100 1249 1154 “”Εως
1289 1100 1342 1150 τὸ
1378 1105 1480 1169 φῶς
1520 1101 1659 1168 ἔχετε,
1721 1086 1865 1161 :1313152'

89 1191 116 1213 “
142 1188 431 1250 περιπατεῖτε
469 1185 517 1234 ἐν
542 1187 608 1254 τῷ
647 1185 783 1252 φωτὶ,
809 1184 884 1234 ἵνα
914 1183 979 1247 μὴ
1015 1184 1182 1234 σκοτία
1215 1185 1331 1247 ὑμᾶς
1363 1182 1657 1252 καταλάβῃ.”

88 1266 205 1330 μέθη
240 1268 277 1316 δ’
307 1264 364 1316 ἂν
393 1271 544 1317 νοοῖτο
579 1268 653 1316 καὶ
682 1264 853 1319 σκότος
892 1269 953 1320 εἷς
993 1271 1102 1317 νοῦν
1132 1267 1208 1316 καὶ
1247 1265 1336 1334 νὺξ
1370 1269 1432 1319 εἰς
1470 1267 1662 1331 καρδίαν

88 1348 116 1412 ἡ
154 1354 236 1399 τοῦ
273 1347 600 1415 συμφέροντος
638 1350 866 1414 ἀγνωσία,
911 1349 986 1399 καὶ
1027 1347 1081 1400 τὸ
1126 1347 1393 1412 μηδαμόθεν
1431 1347 1663 1399 δύνασθαι

23 1446 68 1486 15
89 1432 287 1481 κατιδεῖν
323 1430 408 1494 τὴν
447 1434 528 1495 τῆς
566 1431 801 1497 σωτηρίας
845 1429 968 1481 ὁδόν.
1047 1430 1117 1481 ὅτι
1162 1429 1210 1480 δὲ
1248 1432 1323 1480 καὶ
1362 1428 1662 1493 σεσάλευται,

88 1514 164 1563 καὶ
197 1512 314 1579 πρὸς
340 1513 398 1565 τὰ
423 1516 505 1577 τῆς
531 1513 824 1577 δικαιοσύνης
857 1512 971 1578 ἔργα
1005 1511 1058 1564 τὸ
1090 1512 1416 1578 ἐρηρεισμένον
1441 1513 1523 1563 οὐκ
1555 1512 1661 1580 ἔχει,

88 1600 188 1649 πῶς
229 1594 285 1646 ἂν
319 1594 347 1660 ἢ
387 1596 532 1647 πόθεν
572 1594 826 1646 ἐνδοιάσειέ
863 1617 966 1657 τις;
1019 1595 1281 1647 ἐκπέπτωκε
1322 1593 1416 1661 γὰρ
1456 1598 1539 1659 τῆς
1569 1599 1710 1646 τῶνᾶ

87 1676 213 1728 ὅλων
240 1680 473 1744 κρηπῖδος,
500 1680 576 1728 καὶ
613 1677 694 1729 τὸν
726 1679 908 1745 ἀῤῥαγῆ
948 1677 1166 1742 θεμέλιον
1200 1677 1282 1727 οὐκ
1321 1677 1425 1744 ἔχει,
1451 1676 1664 1728 τουτέστι

86 1759 316 1825 Χριστόν.
357 1760 637 1830 παρεώραται
659 1757 707 1809 δὲ
734 1761 808 1810 καὶ
833 1763 927 1813 τοῖς
952 1761 1134 1827 ἐχθροῖς
1158 1758 1350 1821 δέδοται,
1370 1757 1398 1823 ἢ
1419 1760 1665 1823 Ῥωμαίοις

22 1859 71 1884 20
88 1839 242 1908 τυχὸν,
268 1841 414 1907 ἤγουν
449 1845 545 1895 τοῖς
575 1845 638 1896 εἷς
669 1846 764 1893 πᾶν
798 1843 952 1893 ὁτιοῦν
988 1847 1323 1905 κατακομιοῦσι
1357 1845 1452 1892 τῶν
1483 1846 1663 1905 παθῶν,

89 1926 209 1991 φημὶ
247 1921 302 1986 δὴ
332 1928 427 1977 τοῖς
461 1923 738 1990 ἀκαθάρτοις
771 1924 1025 1987 πνεύμασι.

161 2004 374 2070 Χριστὸς
411 2005 492 2055 οὖν
530 2005 639 2071 ἄρα,
679 2008 754 2056 καὶ
790 2006 951 2060 πίστις
985 2006 1013 2070 ἡ
1048 2008 1110 2060 εἰς
1144 2004 1298 2068 αὐτὸν,
1329 2004 1504 2059 παντὸς
1542 2005 1662 2069 ἡμᾶς

87 2086 359 2155 ἀπαλλάξει
404 2092 560 2150 κακοῦ,
601 2089 675 2137 καὶ
724 2090 807 2151 τῆς
851 2092 944 2139 τῶν
989 2090 1169 2156 ἐχθρῶν
1208 2088 1493 2153 δυστροπιάς
1539 2089 1657 2138 ἀπο-

86 2167 266 2220 τελέσει
317 2169 590 2235 κρείττονας,
635 2171 710 2219 καὶ
759 2172 807 2220 ἐν
855 2171 1122 2239 ὀφθαλμοῖς
1170 2170 1334 2234 ἵστησι
1385 2175 1468 2220 τοῦ
1520 2173 1657 2221 Θεοῦ.
1679 2196 1701 2222 e

20 2270 68 2309 25
86 2250 362 2320 περιόψεται
399 2249 493 2317 γὰρ
527 2251 740 2314 οὐδαμῶς
777 2250 883 2306 τοὺς
921 2254 1204 2318 ἀγαπῶντας
1239 2251 1392 2303 αὐτόν.

88 2413 233 2454 Πάντα
258 2412 309 2454 τὰ
337 2412 591 2469 ὀχυρώματα
619 2427 692 2454 σου
719 2410 840 2453 συκαῖ
868 2414 1050 2455 σκοποὺς
1077 2414 1259 2470 ἔχουσαι.
1310 2413 1384 2455 ἐὰν
1411 2413 1662 2465 σαλευθώσι,
1686 2431 1730 2455 12

156 2496 223 2537 καί
250 2499 473 2538 Πεσοῦνται
498 2495 558 2538 cic
585 2498 718 2545 στόμα
744 2496 957 2541 ἓσθοντοε.

139 2622 169 2645 1.
193 2612 465 2655 τεταλαιπωρηκε
482 2617 561 2645 ante
578 2612 687 2656 φησιν
704 2616 835 2655 transp.
858 2611 905 2644 D.
1165 2623 1196 2646 2.
1221 2612 1450 2655 ὑπενεγκοῦσα
1467 2611 1581 2654 βλάβη
1600 2623 1663 2656 pro

88 2657 175 2700 βέλη
193 2658 347 2702 ὑπενεγκ.
364 2658 411 2691 D.
636 2669 668 2700 5.
695 2672 730 2691 τε
748 2664 968 2702 assumptum
987 2671 1028 2692 ex
1047 2659 1093 2692 D.
1142 2658 1392 2702 ἀπεστερημένη
1412 2658 1458 2691 D.
1477 2658 1549 2692 ἐστ.
1569 2658 1662 2692 Edd.

89 2716 123 2749 9.
150 2704 227 2749 θείῳ
244 2704 288 2748 μὴ
307 2707 423 2738 καταλ.
443 2704 489 2738 D.
508 2704 586 2751 θείῳ
604 2711 682 2749 post
700 2706 817 2738 καταλ.
836 2711 968 2749 transp.
987 2705 1079 2739 Edd.
1255 2716 1308 2738 10.
1334 2705 1416 2749 μηδὲ
1434 2716 1498 2749 pro
1513 2704 1595 2748 μήτε
1615 2705 1661 2739 D.

90 2750 181 2784 ἐθέλ.
201 2748 326 2785 ἐπαΐειν
342 2751 413 2784 inv.
432 2751 552 2785 ordine
572 2752 616 2785 D.
847 2762 900 2785 ΙΙ.
926 2754 986 2785 τοῦ
1004 2754 1133 2795 κόσμου
1150 2763 1220 2785 om.
1240 2751 1285 2785 D.
1524 2763 1576 2794 14.
1602 2754 1662 2786 τοῦ

91 2796 341 2842 συμφέροντος]
362 2799 418 2841 τῆς
438 2799 620 2843 συμφορᾶς
637 2797 728 2832 Edd.
904 2808 955 2839 15.
983 2799 1036 2831 κιιὶ
1054 2810 1123 2831 om.
1144 2798 1190 2831 D.
1367 2809 1419 2842 19.
1445 2798 1576 2832 δέδοται
1593 2801 1663 2833 τοῖς

91 2843 226 2888 ἐχθροῖς
241 2844 379 2878 inverso
397 2844 517 2878 ordine
535 2845 582 2879 D.
834 2855 888 2878 20.
914 2843 932 2887 ἢ
951 2856 1013 2888 pro
1032 2847 1133 2889 ἤγουν
1152 2844 1198 2878 D.
1247 2847 1485 2887 κατακομιοῦσι
1503 2845 1550 2879 D.
1570 2844 1661 2879 Edd.

91 2891 349 2935 κατακομίζουσι
368 2890 410 2925 Β.
570 2903 626 2927 21.
651 2892 788 2935 δαίμοσι
807 2903 868 2935 pro
886 2890 1053 2934 πνεύμασι
1073 2892 1118 2924 D.
1273 2902 1327 2932 24.
1354 2891 1471 2934 ἵστησι
1490 2892 1536 2925 D.
1571 2891 1662 2925 Edd.

92 2936 214 2980 στήσει
232 2937 274 2971 Β.
567 2948 621 2983 27.
649 2939 702 2972 καὶ
719 2944 940 2982 assumptum
958 2949 998 2971 ex
1018 2937 1059 2973 B.
1078 2938 1196 2983 (Alex.
1216 2937 1322 2982 XII.)
1341 2937 1435 2972 deest
1452 2939 1488 2972 in
1506 2939 1552 2973 D.
1571 2937 1664 2972 Edd.

93 2983 253 3019 ἕσθοντος
272 2983 364 3018 B.D.
383 2983 494 3028 (A.V.
510 2984 549 3028 Ν)
568 2984 741 3020 ἐσθίοντος
759 2984 850 3019 Edd.
871 2984 946 3028 (22.
966 2984 1029 3028 al.)

894 3055 955 3083 12
