2053 3382
358 153 442 191 498
756 155 805 195 B.
850 155 1129 195 C'YRILLI
1171 156 1552 197 ALEXANDR.
1797 157 1939 197 xiim.

358 267 384 289 ‘⁶
412 260 682 326 ἠγαπηκόσι
710 262 796 326 τὴν
820 263 1122 331 ἐπιφάνειαν”
1153 270 1235 315 τοῦ
1261 268 1492 331 Χριστοῦ.
1546 268 1586 314 οἱ
1613 263 1697 327 μὲν
1724 263 1816 328 γὰρ
1842 269 1941 318 ταῖς

355 343 605 396 ἀπειθείαις
639 343 947 411 ἐξυβρικότες,
975 347 1022 396 ἐν
1049 347 1339 411 πολιορκίαις
1367 346 1569 408 ἔσονται,
1598 347 1735 413 φησὶ,
1759 347 1835 395 καὶ
1868 346 1946 395 ἐπί

354 445 406 487 γε
451 428 545 476 τοῖς
590 429 733 491 σφῶν
773 426 926 477 αὐτῶν
967 427 1317 496 κατοιμώξουσι
1361 432 1534 481 κακοῖς.
1607 428 1654 477 ἐν
1696 426 1751 476 δέ
1790 448 1843 491 γε
1883 429 1942 492 τῇ

353 507 496 570 νοητῇ
532 506 608 555 καὶ
643 506 755 575 ἁγίᾳ
790 507 908 558 κατὰ
941 507 994 559 τὸ
1028 509 1199 572 ἀληθὲς
1225 508 1555 575 Ἰερουσαλὴμ,
1583 510 1657 559 καὶ
1686 509 1722 559 ἐν
1748 512 1809 577 τῷ
1838 510 1941 578 οἴκῳ

352 583 542 648 Δαυεὶδ,
572 587 801 650 τουτέστι,
822 592 880 656 τῇ
901 589 1170 659 Ἐκκλησία
1196 596 1278 641 τοῦ
1304 589 1569 659 πεφηνότος
1595 591 1644 640 ἐκ
1667 589 1939 655 σπέρματος
1959 606 1980 644 5

351 669 526 717 Δαυεὶδ
560 668 680 719 κατὰ
714 669 872 735 σάρκα
898 674 1129 736 Χριστοῦ,
1156 674 1254 726 ποῖς
1280 674 1416 727 τόπος
1443 672 1567 722 ἕο-τοιι
1596 668 1933 739 ὃιοινοιγίμενος,

305 753 330 793 d
349 748 577 812 τουτέστι,
605 750 767 815 πολλή
799 774 866 804 τις
899 753 1157 820 εὐρυχωρία
1184 755 1258 803 καὶ
1286 751 1382 804 οἷον
1409 752 1621 816 ἀνειμένη
1655 753 1805 803 δίαιτα
1840 776 1936 819 τρι-

347 828 549 894 πόθητος
579 834 654 883 καὶ
680 832 972 898 ἀπονωτάτη.

419 910 601 964 Ἰστεόν
640 913 688 964 δὲ
728 914 798 965 ὅτι
838 914 890 966 τὸ
929 915 1073 982 ῥητὸν
1104 917 1320 982 Ἑβραῖοι
1357 916 1504 967 πάλιν
1538 916 1702 981 ἑτέρως
1736 916 1932 967 ἐκδεδω-

344 1015 500 1045 κασιν.
555 997 657 1046 ἀντὶ
682 996 775 1062 γὰρ
809 1003 892 1048 τοῦ
918 997 1085 1049 7Ἔσται
1117 1000 1214 1052 πᾶς
1246 1000 1380 1052 τόπος
1411 995 1744 1064 ἀιανοιγόμενος,
1771 1002 1934 1049 πᾶσαν
1959 1017 2005 1041 10

344 1075 542 1127 ε”σεσθαι
585 1078 744 1144 πηγὴν
779 1079 1115 1144 ἀναβρύουσαν
1158 1080 1347 1147 ἔφησαν
1389 1081 1534 1130 αὐτοί.
1603 1082 1678 1130 καὶ
1722 1079 1840 1132 εἰκός
1881 1103 1934 1145 γε

343 1156 551 1224 σφόδρα,
576 1163 651 1211 καὶ
688 1163 769 1223 τῆς
803 1162 1043 1227 ἑρμηνείας
1077 1166 1171 1212 τῶν
1198 1161 1519 1226 ἑβδομήκοντα
1554 1161 1636 1212 τὸν
1661 1159 1846 1211 σκοπὸν
1872 1166 1934 1215 εἷς

341 1244 480 1290 τοῦτο
504 1240 616 1292 αὐτὸ
643 1244 983 1307 συντείνεσθαι,
1005 1243 1090 1294 κᾶν
1112 1248 1148 1294 εἷ
1174 1244 1338 1310 ἑτέρως
1366 1243 1463 1310 ε”χοι
1490 1245 1572 1306 τῆς
1598 1247 1692 1293 τῶν
1710 1243 1931 1309 ῥημάτων

341 1326 588 1390 προφορᾶς
615 1325 639 1374 ὁ
667 1324 853 1390 τρόπος,
881 1326 955 1375 ἵνα
982 1349 1025 1375 τι
1052 1331 1263 1376 τοιοῦτον
1288 1323 1316 1392 ᾖ
1343 1325 1397 1376 τὸ
1431 1325 1733 1388 δηλούμενον.
1788 1325 1815 1388 ἡ
1846 1324 1931 1387 μὲν

302 1426 324 1452 e
342 1403 435 1469 γὰρ
467 1405 658 1469 ἀπειθὴς
695 1409 769 1457 καὶ
805 1406 985 1475 ἐξήνιος
1007 1406 1337 1473 Ἰερουσαλὴμ,
1364 1407 1392 1470 ἡ
1419 1405 1603 1472 πονηροί
1627 1429 1675 1456 τε
1704 1408 1779 1456 καὶ
1805 1407 1925 1457 ἀπο-
1953 1429 1998 1467 15

115 1488 278 1572 ξέήῖξῑΐξξζ
341 1484 524 1548 στάτις,
564 1487 637 1551 “ή
682 1488 1008 1539 ἀποκτένουσα
1047 1488 1153 1543 τοὺς
1193 1489 1443 1556 προφήτας
1483 1490 1559 1538 καὶ
1600 1491 1929 1547 λιθοβολοῦσα

117 1554 278 1650 ῗί-ϋῑωᾶ·”
341 1572 369 1595 “
392 1565 499 1621 τοὺς
534 1569 920 1632 ἀπεσταλμένους
953 1569 1072 1636 πρὸς
1107 1570 1290 1633 αὐτὴν,”
1321 1568 1404 1623 τὰς
1441 1574 1535 1622 τοῖς
1575 1569 1700 1622 ἰδίοις
1740 1569 1924 1633 τολμή-

116 1643 124 1648 ⁴
178 1629 252 1660 '3⁴'
337 1671 487 1710 μασιν
526 1649 773 1716 ἀναλόγως
816 1651 1019 1719 ἐχούσας
1065 1653 1247 1702 ἀποτιεῖ
1286 1652 1432 1704 δίκας·
1484 1649 1794 1714 ἐκκοπήσεται
1833 1650 1927 1715 γὰρ

335 1731 510 1796 ῥοῶνος
550 1733 693 1795 δίκην.
748 1738 844 1786 τοῖς
882 1732 1030 1798 γεμὴν
1069 1735 1227 1784 οἰκοδο-ι
1268 1732 1352 1796 τὴν
1391 1731 1559 1796 νοητὴν
1595 1730 1924 1796 Ἰερουσαλὴμ,

335 1811 437 1874 ἤτοι
476 1813 558 1863 τὸν
599 1812 725 1864 οἶκον
759 1815 926 1877 Ἰούδα,
967 1814 1183 1865 τουτέστι
1221 1818 1451 1881 Χριστοῦ,
1493 1813 1617 1864 ἔσται
1658 1816 1756 1868 ποῖς
1793 1814 1922 1868 τόπος
1946 1838 1995 1863 20

336 1890 668 1963 ὃιοινοιγέμενος,
695 1897 840 1962 ἤγουν
868 1899 915 1947 ἐν
941 1899 1083 1948 παντὶ
1117 1897 1247 1965 τόπῳ
1282 1894 1428 1961 πηγὴ,
1455 1895 1508 1946 τὸ
1540 1897 1622 1958 τῆς
1649 1894 1924 1961 καθάρσεως

336 1976 457 2042 ὕδωρ
494 1978 815 2042 ἀναβρύουσα,
839 1981 986 2042 δῆλον
1010 1977 1057 2028 δὲ
1091 1978 1160 2029 ὅτι
1199 1984 1281 2029 τοῦ
1317 1979 1452 2043 ἁγίου
1488 1978 1833 2040 βαπτίσματος,
1862 1980 1924 2031 ὡς

334 2055 446 2108 εἶναι
478 2057 717 2126 χρήσιμον
743 2065 839 2114 τοῖς
874 2060 1214 2111 πεπιστευκόσι
1245 2066 1320 2111 καὶ
1351 2065 1410 2114 εἰς
1438 2058 1506 2118 τὴν
1532 2063 1815 2126 ‘mraxime-w
1844 2066 1922 2110 καὶ

112 2145 258 2181 787Α-
295 2156 315 2180 a
336 2144 394 2193 εἷς
429 2139 495 2191 τον
529 2143 770 2208 ῥαντισμὸν.
835 2144 910 2192 καὶ
949 2142 1017 2194 τίς
1053 2142 1079 2205 ἡ
1118 2144 1432 2209 μετακίνησις,
1478 2139 1717 2191 Ἰουδαίων
1747 2140 1845 2203 μὲν,
1873 2144 1924 2192 ἐκ

333 2225 522 2285 νομικῆς
561 2224 752 2288 ἀγωγῆς
790 2227 852 2276 εἷς
890 2223 1132 2274 πολιτείαν
1168 2221 1253 2286 τὴν
1290 2224 1363 2272 ἐπὶ
1397 2226 1613 2291 Χριστῷ,
1651 2221 1744 2273 ἀπὸ
1783 2227 1920 2276 σκιᾶς
1942 2247 1990 2285 25

331 2307 394 2355 εὶς
433 2304 671 2367 ἀλήθειαν,
711 2306 760 2354 ἐκ
800 2304 948 2355 τύπου
987 2307 1062 2354 καὶ
1101 2304 1378 2370 γράμματος
1416 2308 1477 2358 εἷς
1517 2304 1736 2369 λατρείαν
1774 2327 1915 2354 πνευψ

329 2384 546 2448 ματικήν·
613 2383 834 2450 ’Έλλησι
886 2385 933 2436 δὲ
982 2390 1270 2453 μετοικινησις
1319 2386 1427 2435 ἐστί
1473 2408 1542 2438 τις
1593 2384 1650 2452 ἐξ
1697 2386 1920 2439 ἀπιστίας

329 2465 524 2529 ἥκουσιν
551 2468 624 2518 ἐπὶ
659 2467 713 2518 τὸ
746 2473 1002 2518 πιστεῦσαι
1030 2471 1248 2536 Χριστῷ,
1285 2465 1342 2533 ἐξ
1375 2468 1577 2529 ἀμαθίας
1613 2469 1694 2530 τῆς
1728 2467 1918 2532 πρώτης

329 2550 391 2600 εἷς
419 2548 677 2612 ἐπίγνωσιν
702 2551 938 2615 ἀκραιφνῆ
972 2553 1054 2598 τοῦ
1087 2547 1205 2598 κατὰ
1240 2548 1465 2612 ἀλήθειαν
1492 2547 1625 2600 ὄντος
1651 2551 1792 2609 Θεοῦ,
1823 2548 1916 2600 ἀπὸ

378 2727 408 2749 2.
435 2716 599 2752 ἆπιθείαις
619 2716 658 2750 C.
989 2729 1021 2762 3.
1049 2719 1159 2753 αὐτοῖς
1177 2729 1285 2751 manu
1303 2717 1414 2762 prima
1434 2716 1474 2750 C.
1544 2717 1787 2759 κατοιμώζουσι
1806 2728 1914 2751 manu

329 2763 440 2806 prima
459 2764 500 2797 C.
519 2764 628 2797 invito
649 2764 693 2797 D.
982 2775 1033 2806 15.
1060 2765 1180 2807 ἀπιθὴς
1199 2764 1239 2798 C.
1304 2765 1497 2805 ἀποστάτης
1517 2762 1556 2796 C.
1751 2762 1801 2795 16.
1829 2763 1912 2797 ἀπο-

328 2809 491 2843 κτένουσα
514 2810 597 2844 B.C.
616 2810 861 2843 ἀποκτείνουσα
883 2809 972 2844 Edd.
1223 2811 1275 2844 18.
1301 2811 1430 2854 ἔχουσα
1451 2808 1539 2853 (Sic)
1560 2808 1599 2842 C.
1665 2808 1850 2842 ἀποτιεῖται
1870 2809 1911 2844 C.

329 2865 383 2889 20.
409 2855 581 2901 τουτέστι]
608 2861 643 2895 -ί-
665 2856 724 2899 τὴν
742 2856 923 2899 ἐκκλησίαν
942 2856 975 2890 b.
993 2857 1274 2900 repugnantibus
1294 2856 1384 2890 C.D.
1620 2865 1674 2887 21.
1700 2856 1791 2900 τόπῳ
1813 2857 1911 2890 παντὶ

328 2901 397 2934 inv.
416 2902 537 2935 ordine
555 2903 589 2936 b.
609 2903 725 2936 invitis
745 2903 837 2936 QD.
1005 2913 1059 2943 25.
1087 2903 1152 2936 ἀπὸ
1172 2903 1211 2936 C.
1233 2902 1324 2936 Edd.
1345 2902 1379 2935 ἐκ
1396 2901 1429 2935 b.
1591 2910 1645 2944 27.
1673 2901 1749 2934 ἐστί
1766 2900 1832 2946 τις]
1853 2902 1911 2936 Sic

327 2946 430 2981 edidi.
450 2948 524 2981 ἐστὶ
542 2949 589 2984 τίς
609 2949 649 2983 C.
669 2950 717 2983 τίς
735 2950 831 2983 ἔσται
852 2948 943 2983 Edd.
994 2949 1111 2983 Verba
1129 2949 1256 2983 desunt
1274 2949 1308 2982 in
1328 2948 1361 2982 b.
1506 2947 1559 2980 28.
1587 2947 1746 2991 ἀμαθείας
1766 2948 1857 2983 Edd.
