2053 3382
325 163 409 201 396
720 161 767 201 B.
812 158 1084 199 CYRILLI
1130 159 1511 198 ALEXANDR.
1649 158 1907 209 viii.16,17.

325 271 532 322 εὐδοκίας
573 267 906 335 ἐστεφάνωσεν
952 268 975 316 ὁ
1023 266 1190 333 Πατὴρ
1229 270 1287 334 τῇ
1333 266 1407 316 διὰ
1454 270 1668 332 Χριστοῦ
1701 266 1910 334 σωτηρίᾳ

328 354 403 401 καὶ
431 349 600 418 χάριτι.

263 590 307 625 16
331 593 459 636 Οὗτοι
485 592 523 634 οἰ
550 594 666 640 λόΓοι
703 594 775 633 οὓς
807 593 1023 634 Ποιιὶσετε·
1064 590 1234 634 λαλεῖτε
1266 593 1473 634 ἀλήθειαν
1500 594 1680 635 ἕκαστος
1708 592 1815 648 Πρὸς
1842 592 1915 632 τὸν

398 675 577 718 ΠλΗσίον
621 676 759 725 αὐτοῦ,
802 675 870 715 καὶ
915 673 1040 731 κρῖμα
1086 674 1300 731 εἰρΗνικὸν
1346 676 1509 732 κρίνετε
1551 676 1595 717 ἐν
1634 673 1724 717 ταῖς
1763 677 1915 715 Πύλαις

266 771 309 808 17
398 761 528 810 ὑμῶν,
557 760 623 800 καί
650 762 830 801 ἕκαστος
858 759 933 800 τήν
963 758 1112 799 κακίαν
1140 762 1212 800 τοῦ
1237 759 1416 801 ΠλΗσίον
1447 759 1575 800 αὐτοῦ
1609 759 1664 807 μή
1705 758 1914 815 λοι-ι’ζεσθε
1936 772 1958 810 5

396 843 440 884 ἐν
484 842 575 884 ταῖς
620 842 812 898 καρδίαις
849 842 981 893 ὑμῶν,
1021 842 1087 882 καί
1127 844 1254 898 ὅρκον
1291 842 1428 892 ψευδῆ
1465 842 1521 890 μὴ
1562 842 1768 889 ἀΓαι-ῐᾱτε·
1807 841 1916 883 διότι

290 937 312 962 C
398 928 526 967 ταῦτα
565 927 704 966 Πάντα
741 924 936 975 ἐμίσιισα,
974 927 1085 972 λεΤει
1127 925 1273 981 Κύριος
1311 926 1641 981 Παντοκράτωρ.

406 1066 510 1116 Οὐκ
549 1068 753 1116 ἀπειθεῖν
791 1067 1029 1130 ἑλομένοις
1056 1068 1130 1117 καὶ
1166 1070 1228 1120 εἷς
1266 1066 1484 1135 ἐξίτηλον
1514 1066 1755 1117 πολιτείαν
1793 1066 1912 1115 ἀπο-

332 1152 502 1211 φοιτᾶν
529 1147 746 1198 εἰωθόσιν
772 1147 1118 1214 ἐπαγγέλλεται
1142 1147 1264 1202 Θεὸς
1301 1147 1361 1198 τὰ
1394 1150 1443 1198 ἐκ
1481 1151 1563 1211 τῆς
1603 1147 1719 1201 ἰδίας
1745 1144 1913 1212 ἡμερό-

331 1251 469 1291 τητος
504 1229 750 1280 ἐπιδώσειν
786 1229 957 1295 ἀγαθὰ,
984 1232 1060 1280 καὶ
1097 1229 1190 1293 μὴν
1226 1232 1301 1280 καὶ
1336 1229 1687 1297 παρατετάχθαι
1721 1226 1839 1294 πρὸς
1864 1226 1917 1278 τὸ
1942 1248 1989 1272 10

331 1314 499 1377 χρῆναι
536 1310 705 1362 λοιπὸν
745 1312 794 1362 εὖ
827 1316 973 1362 ποιεῖν
1010 1311 1192 1364 αὐτούς·
1235 1311 1507 1377 ἠγαπηκόσι
1533 1312 1579 1361 δὲ
1606 1315 1797 1375 μᾶλλον
1834 1308 1919 1372 τὴν

333 1393 458 1461 αὐτῷ
496 1391 681 1457 θυμήρη
724 1392 1004 1460 διαστείχειν
1049 1393 1157 1443 ὁδὸν
1200 1396 1274 1443 καὶ
1315 1394 1403 1460 ζῆν
1444 1395 1622 1458 εὐαγῶς
1661 1391 1918 1460 ᾑρημένοις.

333 1473 506 1537 ἥκιστα
538 1474 622 1537 μὲν
659 1473 754 1541 γὰρ
790 1478 1063 1543 ψευδοεπεῖς
1103 1476 1305 1541 ὁρᾶσθαι
1342 1475 1651 1542 προστέταχε,
1684 1477 1920 1525 ποιεῖσθαι

335 1554 383 1606 δὲ
418 1560 607 1618 μᾶλλον
641 1558 689 1606 ἐν
720 1558 929 1625 ἀτρεκείᾳ
960 1555 1066 1610 τοὺς
1103 1557 1293 1622 λόγους,
1324 1557 1556 1624 ὀρθότητα
1582 1555 1630 1607 δὲ
1657 1555 1742 1620 τὴν
1767 1556 1846 1606 ἐπί
1866 1577 1919 1620 γε

292 1651 318 1691 d
336 1641 431 1690 τοῖς
459 1643 678 1706 κρίμασιν
706 1639 910 1704 ἀγαπᾶν,
939 1641 1014 1689 καὶ
1048 1639 1133 1702 τὴν
1168 1640 1240 1708 ἐφ’
1269 1639 1454 1709 ἑκάστῳ
1483 1639 1724 1705 πράγματι
1749 1640 1920 1705 ψῆφον
1943 1654 1989 1691 15

335 1720 445 1782 εὐθῆ
480 1742 528 1769 τε
569 1722 642 1769 καὶ
680 1720 1028 1784 ἀνεπίπληκτον
1053 1721 1207 1784 πάντη
1233 1743 1281 1771 τε
1308 1723 1381 1771 καὶ
1408 1720 1594 1773 πάντως
1620 1719 1840 1787 ἐκφέρειν,
1868 1717 1921 1768 οὐ

335 1802 616 1864 λημματίων
659 1804 872 1868 αἰσχρῶν
910 1802 1212 1866 ἡττωμένους,
1259 1804 1341 1853 οὐκ
1381 1806 1441 1856 εἷς
1483 1802 1620 1868 κέρδη
1653 1802 1921 1861 βλέποντας

335 1881 528 1949 αἰσχρὰ,
566 1885 641 1932 καὶ
685 1883 941 1950 χρημάτων
979 1884 1110 1934 ἕνεκα
1146 1884 1231 1948 τὴν
1271 1890 1354 1936 τοῦ
1399 1884 1576 1935 δικαίου
1609 1882 1915 1949 παρασημαί-

337 1987 502 2017 νοντας
544 1963 698 2031 χάριν·
758 1964 869 2015 ἀλλ’
918 1969 980 2019 εἷς
1018 1965 1162 2029 μόνον
1208 1968 1413 2032 ὁρῶντας
1457 1965 1511 2017 τὸ
1556 1965 1755 2016 ἁνδάνον
1795 1966 1919 2032 Θεῷ·

336 2046 544 2100 ἀνιέντας
590 2045 637 2096 δὲ
682 2048 757 2096 καὶ
800 2049 1036 2115 ἀδελφοῖς,
1079 2052 1116 2098 εἰ
1162 2047 1218 2113 δή
1258 2071 1350 2099 που
1390 2071 1434 2098 τι
1477 2048 1854 2114 παραπταίσειαν
1893 2043 1994 2109 ἢεο

335 2132 535 2194 δρῶντες
570 2126 598 2191 ἦ
636 2129 867 2194 λέγοντες,
895 2132 970 2180 καὶ
1010 2132 1208 2196 προσέτι
1246 2130 1425 2183 τούτοις
1462 2128 1850 2195 παρωθουμένους
1875 2127 1924 2176 εὖ

337 2209 470 2271 μάλα
507 2209 561 2259 τὸ
597 2213 886 2278 ψευδορκεῖν.
950 2212 1255 2275 μεμισηκέναι
1289 2212 1381 2278 γὰρ
1417 2211 1473 2275 δὴ
1513 2210 1838 2279 διισχυρίζεται
1865 2208 1924 2259 τὰ

300 2314 320 2339 e
339 2291 491 2342 τοιάδε
516 2296 609 2342 τῶν
634 2296 801 2343 κακῶν.

407 2370 575 2439 ’Άθρει
615 2372 662 2423 δὲ
706 2373 832 2426 ὅπως
871 2372 1002 2424 οὐδὲν
1046 2374 1273 2426 ἐπιτάττει
1320 2379 1435 2441 δρᾶν
1473 2379 1568 2426 τῶν
1608 2376 1655 2425 ἐν
1697 2377 1849 2426 σκιαῖς
1894 2370 1923 2435 ἢ

339 2454 515 2507 τύποις.
581 2455 634 2504 οὐ
685 2454 848 2520 γάρτοι
899 2459 1065 2523 χρῆναι
1111 2462 1356 2517 βουθυτεῖν
1397 2456 1499 2507 οὐδὲ
1536 2454 1631 2519 μὴν
1674 2458 1923 2523 λιβανωτῷ
1945 2469 1993 2507 25

339 2540 478 2599 τιμᾶν
509 2536 798 2598 ἐντέλλεται,
827 2539 940 2586 ἀλλ’
970 2537 1066 2588 οἷον
1107 2537 1277 2606 ἱσχνήν
1315 2561 1419 2589 τινα
1451 2540 1525 2588 καὶ
1557 2536 1925 2603 τετορνευμένην,

389 2716 421 2747 9.
447 2703 604 2737 εἰωθόσιν
629 2710 851 2749 assumptum
877 2717 917 2739 ex
938 2705 1029 2741 C.D.
1095 2706 1194 2743 Quae
1220 2712 1416 2752 sequuntur
1439 2705 1843 2751 ἐπαγγέλλεται-ποιεῖν
1867 2705 1925 2738 αὐ-

342 2750 420 2785 τοὺς
438 2757 516 2793 post
532 2749 709 2793 ίἡρημένοις
727 2754 802 2795 (12)
823 2758 954 2796 transp.
976 2751 1067 2786 Edd.
1087 2752 1204 2786 invitis
1224 2752 1314 2787 C.D.
1497 2763 1549 2786 12.
1574 2751 1664 2797 αὐτῷ
1683 2751 1812 2796 θυμὴρη
1832 2751 1925 2786 C.D.

343 2796 472 2829 εὐθεῖαν
492 2797 583 2830 Edd.
648 2798 707 2841 τὴν
726 2810 787 2842 pro
805 2799 862 2841 ζῆν
881 2798 973 2833 Edd.
1039 2799 1222 2843 εἰρημένοις
1240 2810 1302 2844 pro
1321 2810 1416 2832 more
1435 2798 1476 2832 C.
1806 2809 1859 2840 14.
1885 2812 1925 2842 γε

343 2849 564 2886 assumptum
581 2855 623 2877 ex
643 2843 683 2878 (J.
888 2855 939 2889 17.
966 2846 1163 2890 λημματίων
1181 2845 1222 2880 C.
1241 2845 1423 2889 λημμάτων
1441 2843 1533 2878 Edd.
1738 2844 1790 2878 18.
1816 2858 1924 2888 παρα-

344 2890 567 2931 σημαίνοντας
586 2889 626 2923 C.
643 2890 866 2934 προδιδόντας
884 2891 943 2926 iid.
1442 2901 1498 2926 22.
1523 2889 1562 2934 δὴ
1581 2896 1802 2935 assumptum
1821 2902 1861 2925 ex
1881 2890 1922 2925 C.

347 2944 400 2977 25.
425 2936 601 2980 λιβανωτῷ
622 2936 662 2971 C.
680 2937 809 2982 λιβάνῳ
827 2937 886 2971 iid.
