2049 3366
139 217 353 243 ANJMALIA.

133 351 136 354 »
191 334 227 363 ct
241 328 490 363 constantiam
505 327 899 375 spiritualem,visione

192 392 343 428 Domini
365 392 542 440 dignatus
563 395 639 430 229
662 393 698 429 d.

136 457 315 501 Ananias,
344 458 688 506 Pseudopropheta,
713 456 899 494 Jcremiae

191 522 427 558 sermonibus
448 523 658 571 refragatus
683 525 756 559 175
778 535 808 559 e.

137 585 402 627 Anathcmata,
444 600 516 634 quo
561 600 672 623 sensu
718 587 819 623 nulla
863 587 900 623 in

192 651 361 687 Ecclesia
391 654 467 688 805
490 665 531 697 c3
567 665 613 688 ex
643 652 901 688 instrumentis

194 715 346 757 bellicis,
369 717 449 752 Deo
471 717 661 753 offerenda
682 719 759 753 812
781 730 813 754 c.

139 780 290 828 Angeli,
331 782 450 817 Deum
500 782 598 818 inter
636 782 901 829 hominemque

193 846 423 883 intercedere
459 847 581 883 solent
612 849 661 883 52
690 848 734 892 d;
771 859 902 882 omnes

194 917 349 947 naturae
391 925 479 948 suae
522 912 724 948 facultates
762 925 783 947 a
822 912 902 947 Deo

195 977 381 1012 derivatas
403 977 544 1012 habent
560 979 608 1013 55
625 977 668 1022 (1;
701 977 775 1025 legi
793 977 902 1024 justi-

194 1042 266 1077 tiae
302 1041 370 1077 Dei
409 1041 547 1077 subditi
584 1044 660 1079 299
688 1054 727 1088 e;
762 1044 838 1078 300
861 1054 902 1083 a:

195 1107 458 1143 deseribuntur
486 1107 688 1142 Sodomam
710 1106 903 1142 venientes

197 1174 273 1208 305
315 1171 363 1217 d3

195 1245 333 1272 terram
368 1249 434 1284 per
463 1237 600 1272 scalam
634 1237 904 1272 descendentes

198 1304 274 1338 345
303 1302 381 1346 bc;

196 1373 321 1402 rentes
344 1369 419 1403 397
443 1367 486 1412 d;
519 1367 564 1402 ad
594 1366 769 1402 Israelem
794 1371 902 1401 tuen-

196 1432 284 1467 dum
324 1444 345 1467 a
384 1431 469 1467 Deo
508 1431 702 1467 constituti
744 1432 820 1467 489
861 1442 902 1475 a;

198 1499 275 1533 490
297 1509 335 1542 c;
373 1497 466 1533 Filio
498 1495 765 1544 primogenito,
793 1508 903 1544 quam

412 1171 554 1207 eaelum
598 1172 817 1213 incolentes,
858 1171 904 1207 ad

430 1302 518 1337 item
555 1301 762 1338 Samariam
798 1301 902 1336 dese-

197 1561 271 1597 sint
292 1561 485 1597 inferiores
503 1563 580 1598 554
599 1574 640 1606 e;
670 1560 784 1596 fabris
801 1573 902 1596 com-

197 1633 389 1673 parantur,
446 1627 551 1674 quasi
610 1626 683 1662 Dei
745 1626 905 1674 operarii

198 1693 275 1727 665
298 1691 320 1726 d
338 1704 377 1737 e3
413 1691 450 1727 in
471 1697 652 1740 perpetua
671 1696 759 1727 sunt
778 1691 904 1740 vigilia

198 1758 274 1792 682
296 1769 328 1792 c.

143 1821 342 1869 Angelica,
358 1821 671 1869 vita‚justificatis
688 1821 725 1856 in
741 1820 904 1867 Christo,

199 1886 349 1934 propria
368 1893 406 1922 et
426 1886 612 1934 possibilis
633 1887 710 1922 669
732 1898 763 1922 e.

144 1951 336 1999 Angelicis
365 1950 613 1998 potestatibus
644 1962 713 1986 nos
745 1950 903 1986 circum-

199 2016 294 2063 sepit
313 2016 424 2051 Jesus
446 2015 619 2051 Christus
642 2018 717 2052 735
739 2027 770 2051 a.

144 2081 329 2129 Angelus,
350 2081 507 2128 loquens
526 2080 564 2116 in
584 2079 793 2128 Prophetis,
808 2080 903 2116 Ver—

198 2147 285 2181 bum
304 2146 374 2181 Dei
399 2148 445 2182 10
463 2145 506 2191 b;
529 2145 611 2187 Dei,
629 2150 780 2181 centum
801 2150 902 2181 octo-

198 2211 303 2259 ginta
324 2210 485 2258 quinque
506 2209 619 2245 millia
638 2222 684 2245 ex
703 2209 818 2258 Regis
840 2210 906 2246 Se-

199 2276 376 2312 nacherib
397 2275 511 2322 copiis
531 2280 642 2311 nocte
663 2275 783 2311 caedit
800 2276 848 2311 24
864 2287 904 2320 c;

204 2343 275 2378 151
293 2341 337 2385 1);
365 2342 440 2377 323
459 2353 498 2385 e3
528 2342 603 2376 433
623 2352 664 2385 a3
695 2352 778 2376 cum
800 2345 906 2387 patre

200 2406 320 2442 Jacob
357 2405 520 2441 luctatus
559 2405 752 2440 Christum
796 2417 904 2452 prae-

201 2470 424 2507 monstravit
475 2471 549 2506 169
588 2481 629 2515 ος

203 2536 305 2572 Mosi
334 2536 371 2571 in
402 2540 529 2570 monte
564 2534 651 2569 Sina
682 2536 758 2570 310
780 2546 820 2579 a;
862 2534 908 2570 de

686 2469 908 2516 loquebatur

202 2601 343 2637 nuntiis
384 2600 454 2636 Dei
497 2597 722 2646 quibuslibet
767 2598 907 2634 dictum

203 2669 280 2703 637
295 2666 372 2712 ab;
403 2677 471 2713 pro
492 2663 646 2711 captivis
661 2663 698 2699 in
716 2662 908 2711 Babylone

203 2731 387 2767 mediator
407 2731 449 2765 fit
470 2730 546 2765 660
568 2728 590 2764 b
606 2740 652 2772 ej
683 2733 723 2763 ut
749 2739 816 2774 pro
836 2727 908 2762 ficu

203 2796 241 2831 in
271 2794 450 2831 Parabola
471 2795 548 2830 660
569 2805 614 2838 c;
649 2804 717 2839 pro
746 2791 910 2827 timenti-

204 2861 273 2896 bus
295 2860 415 2896 Deum
438 2860 511 2894 661
536 2857 586 2903 b3
619 2869 640 2893 a
660 2856 740 2892 Deo
763 2855 910 2892 auditur

206 2926 279 2960 661
318 2925 338 2959 d
367 2936 414 2968 e,
463 2921 665 2958 Zachariae
714 2933 752 2956 se
801 2920 909 2956 offert

206 2988 405 3024 videndum
429 2989 504 3024 658
527 2987 571 3031 b,
604 2987 676 3022 661
698 2998 737 3031 c,
770 2986 845 3022 663
868 2997 907 3029 ος

269 3063 435 3091 VOLJII.

676 207 889 243 INDEX
948 206 1195 242 RERUM.

1655 207 1727 241 041

1023 325 1159 372 66=1b3
1189 337 1302 373 quare
1319 324 1623 373 Hierosolymam
1637 325 1732 360 funi-

1024 391 1107 427 culo
1125 391 1277 427 mctitus
1298 390 1345 426 sit
1362 391 1439 426 666
1457 389 1502 435 d;
1533 402 1732 437 personam

1024 456 1165 492 Christi
1187 455 1342 504 gerebat
1364 456 1440 492 673
1463 467 1509 501 a;
1546 460 1584 491 et
1613 454 1732 490 fideli-

1024 521 1092 557 bus
1118 521 1285 562 Judaeis,
1308 526 1344 556 et
1373 519 1612 562 Christianis,
1635 525 1735 555 astat

1024 585 1320 621 sacrificantibus
1359 587 1436 622 675
1478 597 1523 631 ej,
1569 586 1646 621 676
1687 597 1730 630 c;

1025 662 1138 698 quare
1160 662 1308 698 semper
1328 655 1426 686 stare
1445 650 1564 686 soleat
1591 651 1668 686 676
1691 662 1732 695 c;

1025 715 1070 751 de
1102 715 1214 751 domo
1242 715 1396 750 Davidis
1423 714 1564 750 dictum
1589 717 1665 751 780
1687 714 1733 757 b;

1026 783 1101 817 782
1124 780 1168 826 b;
1200 780 1411 816 Malachiae
1432 792 1570 816 nomen
1593 782 1670 815 816
1688 779 1732 823 1);

1025 846 1070 882 de
1101 845 1280 881 ministris
1310 845 1380 881 Dei
1415 845 1554 881 dictum
1591 846 1667 880 817
1691 856 1732 889 ἃς

1025 911 1070 947 de
1091 910 1244 946 Christo
1267 912 1342 947 817
1360 910 1406 952 b3
1439 922 1549 957 saepe
1570 909 1735 956 Prophe-

1024 976 1072 1012 tis
1111 975 1266 1011 verbum
1306 975 1542 1010 ministrabat
1581 975 1657 1010 818
1689 985 1733 1018 e,

1025 1053 1139 1089 quare
1188 1040 1232 1076 de
1281 1039 1539 1075 sacerdotibus
1593 1038 1735 1074 dictum

1028 1108 1103 1143 839
1126 1118 1166 1150 c;
1199 1105 1243 1141 dc
1272 1105 1420 1141 ,Ioanne
1451 1104 1625 1151 Baptista
1657 1103 1733 1138 dic-

1026 1177 1118 1212 tum,
1134 1183 1208 1205 non
1225 1176 1368 1215 natura,
1384 1170 1449 1206 sed
1465 1169 1586 1205 otlieio
1601 1170 1677 1204 849
1693 1181 1733 1214 c;

1027 1239 1103 1273 850
1135 1249 1174 1281 a;
1219 1235 1465 1275 Testamenti,
1500 1234 1545 1270 de
1581 1233 1734 1268 Christo

1026 1299 1257 1349 praedicanti
1301 1299 1549 1347 Evangelium
1600 1298 1736 1335 dicitur

1027 1369 1104 1402 850
1128 1378 1146 1401 c
1161 1365 1196 1400 d.

972 1431 1122 1480 Anguli,
1155 1442 1357 1471 murorum,
1388 1441 1455 1477 pro
1486 1428 1734 1475 expugnatio-

1026 1497 1135 1532 nibus
1174 1495 1320 1531 urbium
1360 1499 1553 1542 captarum
1596 1493 1736 1529 dictum

1027 1565 1100 1599 591
1126 1574 1172 1607 e3
1205 1561 1308 1603 item,
1334 1572 1402 1608 pro
1431 1560 1628 1596 moenibus
1657 1564 1737 1595 tur-

1026 1628 1106 1664 ritis
1135 1629 1210 1663 611
1243 1627 1293 1673 b3
1339 1626 1462 1669 deleti,
1495 1624 1736 1662 desolationis

1026 1699 1137 1742 typus
1159 1694 1233 1728 611
1259 1703 1289 1727 c.

975 1757 1122 1798 Anima,
1140 1755 1312 1801 hominis,
1330 1755 1376 1790 ad
1397 1754 1736 1802 transgressionem

1027 1834 1145 1870 prona
1170 1823 1218 1857 33
1241 1832 1287 1866 a3
1318 1819 1496 1868 abjiciens
1523 1818 1695 1867 gratiam,
1716 1831 1738 1855 a

1030 1885 1170 1922 Satana
1197 1884 1365 1934 capietur
1386 1887 1434 1921 34
1457 1895 1497 1929 c;
1529 1883 1647 1931 qualis
1675 1884 1735 1926 sit,

1029 1963 1075 1987 ex
1095 1950 1277 1987 fructibus
1298 1948 1454 1985 actionis
1474 1948 1598 1996 prodit
1619 1950 1669 1984 44
1686 1948 1736 1993 b,

1030 2016 1229 2064 peccatrix,
1251 2014 1398 2050 mulieri
1421 2013 1612 2061 improbae
1635 2025 1738 2048 com-

1029 2087 1180 2129 paratur
1213 2083 1263 2116 44
1299 2091 1346 2124 c,
1388 2091 1481 2126 quae
1514 2077 1736 2126 peccaverit,

1028 2146 1108 2194 ipsa
1138 2145 1318 2181 morietur
1348 2145 1425 2181 254
1455 2144 1505 2189 b3
1547 2143 1659 2178 modo
1690 2142 1739 2177 sit

1028 2223 1121 2259 pura
1141 2215 1251 2258 atque
1272 2208 1435 2249 humilis,
1452 2208 1535 2244 Deo
1555 2207 1737 2255 ternplum

1028 2282 1086 2312 est
1105 2274 1360 2323 gratissimum
1382 2275 1458 2310 642
1481 2273 1517 2309 b.

976 2340 1141 2380 Animal,
1170 2336 1288 2389 (ζῷον)
1318 2338 1416 2386 apud
1445 2337 1663 2385 Prophetas,
1693 2337 1738 2372 de

1029 2403 1252 2445 viventibus,
1273 2415 1350 2438 non
1371 2402 1416 2437 de
1435 2401 1522 2437 Vita
1542 2400 1643 2448 Ipsa,
1665 2399 1689 2435 i.
1706 2411 1736 2436 e.

1032 2468 1076 2504 de
1104 2467 1202 2509 Deo,
1224 2467 1364 2502 dictum
1394 2464 1471 2502 549
1494 2465 1544 2510 d,
1577 2464 1671 2499 duos
1700 2463 1738 2498 in

1029 2532 1286 2569 Tabernaculo
1317 2530 1520 2566 Cherubim
1555 2528 1739 2578 significat

1034 2599 1107 2634 551
1138 2609 1183 2641 a3
1221 2598 1297 2632 552
1329 2607 1373 2640 ο,-
1413 2593 1640 2630 foemineum
1671 2605 1738 2640 pro

1031 2666 1184 2709 peccato
1206 2659 1328 2696 offerri
1350 2657 1472 2706 potuit
1493 2659 1569 2694 833
1591 2670 1623 2693 c.

979 2725 1179 2766 Animalia,
1202 2737 1290 2772 rege
1311 2722 1488 2763 carentia,
1510 2721 1598 2769 quid
1624 2721 1739 2768 signi-

1032 2789 1146 2824 ficent
1183 2789 1232 2823 68
1272 2788 1295 2822 1)
1313 2799 1324 2832 3
1374 2785 1473 2833 apud
1515 2784 1739 2832 Scripturas,

1033 2852 1215 2888 rationem
1243 2851 1434 2891 exhibent,
1457 2861 1580 2885 mores
1606 2849 1743 2884 docent

1035 2920 1111 2954 212
1143 2930 1184 2963 a;
1227 2929 1293 2964 pro
1326 2915 1486 2951 dominis
1519 2914 1593 2950 suis
1626 2920 1740 2949 meta-

1033 2982 1185 3030 phorice
1206 2982 1303 3017 (licta
1325 2982 1399 3017 808
1423 2980 1456 3016 d.

1083 3057 1159 3095 43*
