2053 3382
319 212 396 246 682

319 331 460 372 Gloria,
481 330 710 366 Judaeorum
731 328 836 370 falsa,
858 330 939 366 Deo
959 329 1078 366 invisa

373 398 424 432 70
457 395 481 429 d
496 407 507 440 3
551 393 751 435 mundana,
791 394 870 430 sine
910 394 1076 436 caritate,

371 459 462 495 nihil
483 459 580 494 valet
601 460 679 495 286
696 471 715 495 e
731 472 742 505 3
774 459 910 501 divina,
926 465 1077 496 nostrae

370 526 535 572 ipsorum
587 525 852 572 anteponenda
903 527 981 562 636
1030 538 1076 571 a3

370 590 543 632 Deitatis,
566 603 587 626 a
608 590 762 626 Christo
785 592 985 627 incarnato
1013 591 1077 627 de-

369 655 490 703 posita
522 657 599 692 668
626 668 671 702 e3
704 656 781 692 669
803 669 849 702 a;
893 656 987 699 Deo,
1021 662 1077 692 ut-

368 726 457 768 pote
490 721 602 762 Patri,
639 721 764 757 debita
799 723 875 757 823
907 733 926 757 c
944 721 967 757 d
983 734 994 767 3
1031 721 1076 757 ab

370 785 643 826 obedientibus,
666 786 752 821 data
774 787 851 822 824
874 799 908 822 a.

316 850 481 886 Gloriam
496 850 565 885 Dei
587 850 648 898 qui
668 863 744 886 non
761 858 958 898 quaerunt,
976 850 1013 885 in
1034 849 1077 886 iis

373 916 538 964 aspicere
558 929 633 951 non
655 915 832 964 dignatur
853 916 918 952 llle
941 918 1017 953 827
1039 916 1075 952 b.

316 982 510 1023 Gloriatio,
532 981 699 1023 Davidis‚
716 982 900 1030 principes
916 981 938 1018 J
945 981 1077 1017 udaeo-

368 1059 451 1082 rum
475 1048 550 1083 779
573 1046 595 1081 d
613 1059 644 1082 e.

315 1111 508 1152 Godolias,
529 1111 695 1147 Judaeae
721 1110 932 1158 praefectus
959 1110 1073 1147 inter-

368 1176 490 1212 ficitur
512 1178 589 1212 710
611 1176 696 1221 ab3
729 1177 806 1212 726
828 1187 858 1211 c.

315 1242 415 1290 Gog,
455 1254 584 1290 regem
624 1240 853 1277 Senacherib
889 1241 1075 1289 significat

370 1310 445 1345 323
478 1320 519 1353 e;
566 1310 643 1344 330
677 1320 723 1353 c;
770 1307 858 1343 item
897 1307 1075 1356 Assyrios

367 1373 467 1420 ipsos
489 1375 566 1409 324
587 1372 625 1409 b.

314 1439 469 1479 Gomer,
513 1444 625 1486 typus
673 1438 818 1473 animae
866 1450 959 1485 quae
1007 1438 1075 1473 sibi

367 1503 482 1538 vitam
511 1502 750 1538 inhonestam
781 1502 921 1550 delegit
956 1505 1002 1538 12
1025 1503 1073 1549 d3

367 1579 480 1614 quare
494 1566 538 1602 ab
553 1566 654 1602 Osea
667 1572 766 1602 esset
780 1566 954 1602 nubenda
973 1569 1018 1603 15
1035 1579 1073 1613 e3

372 1635 417 1669 17
439 1645 485 1678 e3
519 1632 679 1667 honesta
705 1644 838 1679 parens
864 1632 974 1673 facta,
996 1632 1074 1668 fieri

366 1702 490 1744 potest
510 1702 551 1731 ut
571 1695 734 1731 salvetur
759 1698 807 1731 16
827 1696 849 1731 b
864 1708 896 1732 c.

313 1761 460 1803 Gracci,
482 1761 504 1796 i.
519 1773 549 1797 e.
572 1760 801 1808 Philosophi,
820 1760 1075 1797 Daemonibus

365 1826 601 1861 ascribebant
621 1825 745 1860 divina
764 1825 945 1861 beneficia
963 1828 1012 1861 39
1028 1825 1073 1870 b3

365 1897 504 1938 quanta
528 1891 667 1927 fuerint
690 1890 906 1938 arrogantia
930 1892 1007 1926 236
1029 1903 1075 1935 e3

367 1959 443 1993 237
459 1970 478 1993 e
495 1970 506 2003 3
537 1957 686 2005 quidam
704 1970 724 1992 a
738 1957 890 1992 Christo
904 1956 1073 1992 conversi

367 2024 443 2058 238
459 2022 501 2068 b3
532 2021 697 2057 barbaris
715 2021 915 2057 utebantur
927 2021 1074 2069 legibus

367 2088 445 2122 258
484 2099 530 2131 c;
578 2100 599 2122 a
637 2086 857 2134 quibusdam
903 2085 1074 2121 fidelibus

365 2151 566 2198 antepositi
600 2151 724 2187 Sacris
759 2153 835 2186 313
862 2162 907 2196 c;
949 2149 1072 2185 Sacris

365 2221 492 2250 tamen
530 2215 648 2250 multo
686 2214 882 2250 inferiores
918 2216 994 2250 313
1026 2226 1071 2259 e3

365 2291 456 2326 quas
473 2279 518 2314 de
539 2279 612 2315 Dei
633 2285 766 2314 natura
784 2279 928 2314 fabulas
948 2278 1072 2314 edide-

364 2343 439 2378 rint
460 2345 536 2379 375
554 2356 596 2389 a;
629 2345 705 2379 376
723 2356 764 2388 a;
796 2356 862 2391 per
879 2343 1071 2379 Christum

613 2412 689 2446 389
729 2422 749 2445 c
766 2422 776 2455 ;

365 2474 554 2510 doctrinas
592 2474 795 2516 tradentes,
834 2487 918 2509 cum
957 2474 1069 2509 subli-

366 2410 564 2457 Redempti
838 2409 1071 2457 turpissimas

364 2539 494 2575 niitate
552 2539 749 2587 Evangelii
808 2545 1072 2587 comparantur

365 2605 441 2639 424
466 2616 511 2649 ες
551 2604 741 2640 Ecclesiae
770 2604 921 2646 inimici,
953 2605 998 2640 ab
1029 2616 1072 2640 ea

364 2668 569 2704 conculcati
601 2671 676 2705 463
699 2682 745 2715 e3
784 2674 916 2705 contra
946 2669 1069 2704 Evan-

363 2733 502 2780 gelium
517 2734 663 2782 scriptis
676 2735 890 2771 saeviebant
905 2737 981 2771 623
997 2735 1069 2781 cd3

363 2797 632 2834 munitionibus
674 2799 932 2846 philosophiae
978 2799 1069 2834 nihil

363 2861 547 2908 valebant,
569 2869 699 2899 contra
721 2863 912 2900 Christum
936 2866 1007 2900 731
1028 2876 1067 2908 e;

363 2925 509 2972 spoliati
538 2932 624 2963 sunt
659 2929 704 2964 ab
740 2928 928 2964 Ecclesiae
961 2940 1066 2975 prae-

363 2989 469 3024 sectis
499 2993 574 3026 732
603 3004 649 3037 a3
693 2999 873 3040 quantum
907 2991 1067 3039 posteris

851 209 1064 244 INDEX
1125 209 1369 247 RERUM.

1748 225 1906 248 GLORIA.

1203 343 1269 378 per
1284 331 1473 368 doctrinas
1489 332 1716 380 perniciosas
1734 333 1910 370 laeserint

1206 399 1282 433 743
1304 409 1348 442 a;
1389 409 1500 444 quam
1529 409 1595 445 per
1619 398 1813 434 veritatem
1843 411 1907 434 ex-

1204 461 1311 497 tincti
1344 461 1481 498 fuerint
1517 465 1592 498 743
1620 463 1665 507 b;
1709 476 1731 499 a
1763 463 1910 510 sagittis

1204 527 1286 568 Dei,
1327 526 1532 574 Apostolis,
1573 527 1708 564 devicti
1748 530 1820 564 741
1858 528 1907 573 b;

1203 591 1320 627 multa
1346 592 1492 627 saecula
1517 592 1696 627 doctrinis
1723 593 1798 628 suis
1824 605 1907 640 per-

1203 657 1353 692 niciosis
1373 657 1600 693 seduxerunt
1623 659 1697 693 743
1720 670 1767 703 a3
1804 658 1906 693 ideo-

1203 735 1273 769 que
1307 722 1462 758 extincti
1496 728 1582 758 sunt
1616 725 1691 759 743
1723 723 1773 768 b;
1815 722 1908 759 falsa

1203 787 1413 834 eloquentia
1434 787 1660 823 seducebant
1682 789 1757 823 746
1780 800 1825 833 ες
1861 787 1908 823 ab

1202 852 1406 899 Apostolis,

1203 917 1364 964 superati
1396 919 1472 953 747
1494 929 1534 962 c;
1574 916 1619 952 ab
1648 916 1793 957 iisdem,
1824 923 1905 952 tan-

1180 1018 1183 1020 ,
1204 995 1314 1030 quam
1335 981 1455 1018 lutum
1476 982 1512 1017 in
1534 982 1678 1029 plateis,
1700 981 1907 1018 conculcati

1204 1049 1278 1083 748
1301 1047 1346 1092 b;
1379 1047 1607 1082 Antiochum
1628 1053 1838 1094 sequentes,
1859 1047 1908 1082 ab

1459 857 1637 900 tanquam
1690 852 1736 887 ab
1789 852 1905 900 equis,

1202 1111 1379 1148 Israelitis
1400 1112 1563 1160 superati
1585 1113 1660 1148 749
1683 1125 1722 1157 a;
1758 1118 1906 1159 patrum

1201 1177 1490 1213 consuetudines
1524 1177 1660 1213 imitari
1689 1183 1727 1213 et
1755 1177 1906 1213 laudare

1200 1242 1414 1289 gaudebant
1436 1244 1511 1278 857
1535 1254 1555 1278 c
1570 1242 1603 1277 d.

1148 1305 1290 1347 Gratia,
1321 1320 1342 1342 a
1371 1307 1524 1343 Judaeis
1553 1308 1600 1343 ad
1630 1306 1772 1343 Gentes
1802 1312 1903 1342 tran-

1206 1371 1291 1407 sivit
1322 1374 1371 1408 25
1402 1385 1448 1417 c;
1482 1385 1590 1420 quani
1622 1372 1669 1408 sit
1698 1371 1906 1408 necessaria

1203 1439 1315 1478 34c;
1349 1437 1465 1483 40b3
1497 1440 1612 1483 43e3
1646 1440 1758 1482 73a3
1790 1437 1903 1478 88b;

1201 1503 1277 1537 228
1306 1501 1350 1546 d3
1393 1505 1468 1538 400
1497 1515 1543 1548 a;
1577 1502 1677 1538 unde
1707 1507 1744 1537 et
1771 1502 1904 1549 quibus

1200 1566 1247 1601 sit
1277 1566 1363 1602 data
1391 1570 1439 1602 34
1468 1579 1515 1611 e3
1555 1567 1690 1614 quibus
1717 1567 1905 1602 auferatur

1202 1633 1250 1666 35
1271 1631 1294 1666 b
1312 1645 1321 1677 5
1352 1644 1417 1678 per
1437 1638 1546 1680 typos
1573 1632 1758 1679 descripta
1786 1634 1834 1668 40
1857 1644 1905 1676 a;

1199 1696 1347 1742 quando
1364 1702 1400 1732 et
1417 1697 1604 1744 quomodo
1622 1697 1708 1732 data
1728 1697 1774 1732 sit
1792 1700 1841 1732 44
1858 1709 1877 1732 e
1893 1709 1903 1741 3

1203 1773 1267 1808 per
1288 1761 1480 1797 Christum
1506 1761 1606 1802 data,
1630 1762 1730 1797 Adae
1750 1761 1905 1797 vulnera

1199 1826 1343 1862 sanavit
1364 1828 1412 1862 95
1435 1839 1481 1871 e3
1511 1826 1612 1861 nulla
1637 1839 1712 1861 non
1738 1826 1824 1862 data
1846 1825 1902 1861 Is-

1323 1892 1372 1927 96
1410 1903 1465 1936 e3

1200 1959 1249 1993 97
1271 1969 1321 2002 a3
1355 1956 1549 2004 Evangelii
1579 1956 1746 2003 praevisa
1773 1958 1822 1991 97
1850 1956 1903 2001 b;

1199 1891 1286 1927 racli
1513 1891 1614 1926 nulla
1647 1903 1721 1926 non
1764 1890 1904 1926 frustra

1199 2034 1271 2069 quo
1288 2034 1398 2056 sensu
1416 2026 1437 2040 “
1452 2033 1513 2055 ros
1530 2020 1734 2056 matutinus
1748 2019 1770 2032 ''
1792 2022 1840 2056 97
1859 2020 1904 2065 bj,

1199 2085 1338 2122 Christi
1365 2097 1501 2121 munus
1526 2087 1574 2121 99
1596 2085 1646 2129 b3
1680 2084 1903 2120 habentibus

1198 2151 1356 2195 additur,
1402 2150 1682 2198 negligentibus
1727 2149 1904 2185 adimitur

1202 2218 1275 2252 125
1319 2227 1339 2250 e
1363 2227 1373 2260 3
1431 2215 1603 2262 neglecta
1646 2215 1899 2262 neglectorem

1197 2280 1357 2316 Satanae
1386 2279 1500 2315 tradit
1534 2281 1607 2315 130
1635 2292 1682 2324 ες
1719 2279 1902 2326 promissa

1197 2345 1337 2386 Israeli,
1365 2344 1473 2379 minis
1501 2343 1718 2379 intermistis
1751 2345 1822 2379 171
1854 2355 1902 2387 e3

1196 2422 1262 2459 per
1295 2409 1406 2445 fidem
1441 2409 1478 2444 in
1513 2407 1677 2448 Christo,
1717 2407 1900 2455 promissa

1197 2474 1382 2510 Gentibus
1415 2476 1486 2509 192
1515 2486 1560 2519 e3
1594 2472 1747 2508 Judaeis
1773 2472 1900 2520 poeni-

1195 2539 1360 2575 tentibus
1393 2537 1576 2586 promissa
1607 2539 1682 2573 213
1713 2549 1760 2582 e;
1799 2536 1899 2584 judi-

1196 2603 1291 2639 cium
1313 2616 1409 2650 pone
1433 2602 1600 2650 sequitur
1621 2604 1694 2638 221
1720 2601 1768 2645 d;
1799 2600 1898 2636 fruc-

1195 2668 1323 2704 tiferos
1371 2667 1506 2708 reddit,
1552 2667 1709 2702 fidentes
1748 2664 1902 2701 Christo

1196 2735 1272 2769 225
1313 2732 1365 2777 b;
1415 2731 1548 2767 divites
1585 2731 1697 2766 etiam
1737 2731 1813 2765 226
1852 2742 1899 2775 03

1194 2797 1368 2833 omnibus
1388 2795 1616 2832 merentibus
1643 2794 1730 2828 data
1751 2795 1827 2829 226
1850 2794 1898 2839 d3

1193 2861 1277 2897 filiis
1330 2860 1404 2896 Dei
1454 2871 1635 2908 perquam
1689 2859 1900 2895 necessaria

1195 2928 1269 2962 228
1289 2926 1337 2970 d;
1368 2938 1390 2960 a
1410 2923 1561 2959 Christo
1582 2922 1697 2963 fonte,
1718 2922 1763 2958 ad
1781 2924 1898 2970 Apos-

1191 2990 1288 3026 tolos
1319 2991 1395 3024 243
1417 3001 1447 3028 e,
1480 2987 1565 3022 inde
1594 2987 1641 3022 ad
1671 2999 1739 3022 nos
1768 2987 1898 3023 defluit
