1997 3361
46 149 250 203 ihm—14.
555 155 627 194 IN
676 157 1022 197 AGGAEUM.
1533 162 1607 200 271

40 259 315 320 μελλόντων
352 263 654 329 καπνίζεσθαι
692 270 850 330 κρεῶν.
920 263 989 330 ἆρ’
1019 267 1116 326 οὖν,
1159 268 1321 334 φησιν,
1357 265 1436 317 ἐὰν
1474 267 1616 331 ἐσθὴς·

41 340 138 407 ἱερὰ
163 343 422 409 ἡγιασμένη
447 345 590 412 τυχὸν
621 345 696 396 διὰ
733 347 863 414 κρέως
896 352 1035 414 ἐιγιόυ
1074 345 1261 417 ἅψηταί
1292 373 1416 402 τινος
1447 350 1614 415 ἑτέρου,

39 429 122 474 τοῦ
151 425 216 488 μὴ
246 428 676 492 προσενηνεγμένου
713 434 779 498 τῷ
810 435 933 499 Θεῷ,
970 428 1038 496 ἆρ’
1067 431 1200 481 ἔσται
1239 434 1417 482 κάκεῖνο
1454 431 1613 497 ἅγιονς

40 505 295 573 ἀπέφησαν
319 515 456 559 τοῦτο
483 509 600 560 κατὰ
627 511 768 573 νόμον
800 515 841 562 οἱ
875 515 1018 578 ἱερεῖς.
1081 515 1261 564 οὐκοῦν·
1303 516 1363 567 ὡς
1391 516 1439 565 ἐκ
1464 538 1616 580 παρα-

0 597 21 637 5
41 588 286 652 δείγματος
307 590 444 653 ἴωμεν
464 593 538 642 ἐπὶ
563 591 616 642 τὸ
641 593 972 659 ἀληθέστερον·
1009 594 1078 660 ἆρ’
1100 597 1124 645 ὁ
1151 595 1411 661 προσάγων
1431 597 1614 658 θυσίαν,

39 673 75 720 εἰ
100 671 378 737 παροτρύνοι
406 673 529 724 Θεὸν
555 676 660 725 καθ’
689 676 868 741 ἑτέρους
893 675 1106 742 τρόπους,
1135 677 1480 743 ἁγιασθήσεται
1505 680 1613 743 παρ’

39 751 213 815 αὐτῆς,
256 754 481 817 οὐδαμῶς,
526 757 843 822 κατακρίνεται
896 758 942 808 δὲ
993 763 1202 820 μᾶλλον,
1252 762 1313 813 ὡς
1358 762 1485 811 οὔπω
1530 760 1615 822 μὲν

39 835 465 901 ἀποκαθηράμενος,
491 839 815 904 προσαγαγὼν
851 838 899 889 δὲ
939 842 1122 891 θυσίαν.
1193 841 1261 892 ὅτι
1300 842 1346 892 δὲ
1383 842 1562 906 ἀληθὴς
1589 843 1614 893 ὁ

38 915 199 982 λόγος,
237 917 372 969 ἄκουε
409 920 458 970 τί
490 925 641 988 φησιν
680 922 704 971 ὁ
744 922 993 986 νομοθέτης
1031 925 1079 973 ἐν
1110 928 1176 992 τῷ
1212 927 1436 992 Λευιτικῲ
1469 932 1495 952 “
1519 927 1612 975 Καὶ

0 1001 65 1040 0⁶⁶
91 999 201 1064 κρεά
240 997 265 1050 ὃ
303 998 360 1050 ἂν
391 1000 574 1069 ἅψηται
607 1002 783 1057 παντὸς
819 1003 1099 1070 ἀκαθάρτου,
1133 1007 1186 1056 οὐ
1220 1006 1534 1071 βρωθήσεται,
1565 1009 1612 1057 ἐν

37 1085 65 1108 “
90 1082 200 1147 πυρὶ
240 1083 657 1148 κατακαυθήσεται.
727 1090 818 1138 πᾶς
857 1087 1058 1152 καθαρὸς
1094 1088 1296 1156 φάγεται
1335 1088 1458 1154 κρεά,
1498 1090 1525 1153 ἡ
1565 1089 1613 1141 δὲ

39 1168 66 1191 “
91 1162 240 1230 ψυχὴ,
286 1165 384 1229 ἥτις
427 1166 506 1216 ἐὰν
551 1165 683 1235 φάγῃ
727 1166 819 1218 ἀπὸ
865 1173 957 1218 τῶν
998 1174 1144 1234 κρεῶν
1183 1173 1264 1233 τῆς
1316 1171 1482 1224 θυσίας
1533 1178 1615 1223 τοῦ

40 1251 66 1274 “
89 1246 335 1311 σωτηρίου,
372 1246 397 1297 ὅ
433 1250 534 1298 ε’στι
568 1253 633 1317 τῷ
674 1250 846 1319 Κυρίῳ,
887 1253 961 1300 καὶ
997 1252 1023 1314 ἡ
1063 1252 1330 1318 ἀκαθαρσία
1368 1253 1509 1303 αὑτοῦ
1544 1253 1612 1304 ἐπ’

40 1333 66 1356 “
90 1328 227 1396 αὐτῷ,
254 1330 497 1380 ἀπολεῖται
521 1331 549 1394 ἡ
576 1330 711 1399 ψυχὴ
746 1331 889 1395 ἐκείνη
924 1332 1017 1383 ἀπὸ
1056 1339 1138 1384 τοῦ
1172 1339 1290 1384 λαοῦ
1317 1335 1472 1398 αὐτῆς.
1540 1337 1615 1386 καὶ

0 1412 20 1453 5
40 1416 66 1438 “
91 1409 119 1473 ἡ
144 1410 277 1478 ψυχὴ
304 1409 333 1475 ἢ
361 1410 419 1461 ἂν
443 1412 625 1481 ἅψηται
650 1414 825 1467 παντὸς
859 1415 1136 1481 πράγματος
1158 1416 1438 1482 ἀκαθάρτου,
1466 1416 1494 1483 ἢ
1522 1419 1615 1470 ἀπὸ

39 1497 66 1521 “
89 1493 380 1559 ἀκαθαρσίας
414 1494 663 1561 ἀνθρώπου
702 1495 730 1561 ἢ
769 1501 863 1547 τῶν
901 1498 1198 1563 τετραπόδων
1221 1503 1315 1549 τῶν
1341 1499 1617 1567 ἀκαθάρτων

39 1572 118 1638 6ίῆ
156 1574 330 1629 παντὸς
377 1577 704 1643 βδελύγματος
754 1578 1035 1645 ἀκαθάρτου,
1090 1583 1164 1631 καὶ
1207 1581 1340 1650 φάγῃ
1385 1582 1477 1633 ἀπὸ
1522 1587 1617 1634 τῶν

39 1661 66 1684 “
89 1661 235 1722 κρεῶν
267 1661 350 1721 τῆς
384 1661 550 1713 θυσίας
585 1666 668 1711 τοῦ
706 1662 940 1726 σωτηρίου
975 1661 1000 1713 ὅ
1038 1664 1139 1714 ἐστι
1172 1665 1238 1733 τῷ
1276 1665 1450 1733 Κυρίῳ,
1489 1666 1611 1716 ἀπο-

38 1742 66 1766 “
91 1743 237 1788 λεῖται
277 1739 305 1803 ἡ
347 1740 482 1808 ψυχὴ
526 1742 671 1806 ἐκείνη
716 1744 765 1793 ἐκ
808 1749 890 1794 τοῦ
924 1750 1044 1795 λαοῦ
1083 1746 1257 1808 αὐτῆς.’

1262 1744 1272 1760 9

1338 1747 1450 1814 ὁρᾷς
1488 1746 1615 1800 ὅπως

0 1819 276 1885 Οάνόνητον,
316 1826 505 1885 μᾶλλον
546 1823 594 1874 δὲ
639 1826 713 1875 καὶ
758 1825 902 1890 ὀργῆς
934 1828 1009 1876 καὶ
1053 1825 1256 1878 θανάτου
1292 1827 1519 1896 πρόξενον
1559 1829 1614 1880 τὸ

38 1903 366 1957 ἀναπονίπτοις
400 1906 537 1971 χερσὶ
571 1905 833 1972 προσάγειν
871 1908 1053 1961 θυσίας.
1126 1907 1289 1975 ὥσπερ
1323 1910 1404 1960 οὖν
1438 1910 1497 1960 τὰ
1520 1915 1614 1961 τῶν

39 1983 193 2050 ἱερέων
230 1985 487 2049 ἐσθήματα,
523 1987 670 2038 καίτοι
705 1990 1061 2054 καθηγιασμένα
1099 1990 1174 2040 διὰ
1216 1996 1310 2042 τῶν
1349 1996 1494 2057 κρεῶν
1531 1996 1614 2056 τῆς

39 2067 204 2120 θυσίας
229 2068 311 2118 οὐκ
338 2065 395 2118 ἂν
421 2067 619 2133 ἁγιάσαι
643 2092 688 2120 τι
723 2075 818 2121 τῶν
848 2071 1234 2140 προσψαυόντων
1261 2074 1432 2128 αὐτοῖς·
1473 2075 1609 2133 οὕτω,

39 2150 201 2215 φησὶν,
229 2149 311 2200 οὐκ
338 2147 394 2199 ἂν
419 2150 577 2216 ἁγίους
601 2152 869 2221 ἀποτελέσῃ
892 2153 946 2204 τὸ
973 2154 1218 2205 καταθύειν
1245 2158 1352 2225 Θεῷ
1378 2154 1484 2210 τοὺς
1509 2158 1610 2207 καθ’

1 2241 22 2280 5
39 2229 194 2295 ἕτερον
235 2229 410 2297 τρόπον
454 2238 618 2284 λυπεῖν
662 2234 931 2301 ᾑρημένους,
968 2238 1043 2287 καὶ
1081 2238 1332 2303 ἀπρακτεῖν
1368 2239 1614 2293 ἐθέλοντας

38 2314 141 2378 περὶ
165 2312 218 2364 τὸ
245 2311 443 2365 ἁνδάνον
469 2319 594 2384 Θεῷ.

88 2442 118 2465 Ι.
144 2435 248 2476 κρεῶν
266 2432 357 2467 B.D.
375 2437 475 2477 κριῶν
492 2433 584 2468 Edd.
828 2447 861 2477 4.
886 2436 1155 2481 παραδείγματος
1174 2437 1265 2471 B.D.
1282 2438 1502 2482 παραδόσεως
1520 2439 1612 2474 Edd.

39 2485 73 2521 5.
97 2475 147 2522 ἆρ’
167 2478 260 2512 B.D.
281 2479 413 2524 Migne.
431 2480 481 2524 ἄρ’
495 2480 586 2514 Edd.
636 2481 758 2516 θυσίαν
772 2481 864 2516 B.D.
879 2482 999 2518 θυσίας
1014 2483 1106 2519 Edd.
1287 2484 1319 2518 6.
1348 2484 1550 2531 παροτρύνοι
1569 2486 1611 2521 Β.

39 2524 237 2569 παροτρύνει
257 2525 340 2560 D.b.
358 2526 547 2571 παροτρῦνῃ
566 2527 658 2562 Edd.
813 2537 844 2573 7.
869 2529 992 2572 αὐτῆς;
1021 2529 1078 2563 Sic
1095 2530 1295 2575 interpunxi
1312 2538 1392 2575 post
1411 2532 1458 2567 D.
1477 2533 1613 2577 Migne.

40 2569 174 2605 favente
190 2571 225 2606 b.
244 2573 304 2618 qui
320 2573 431 2617 αὐτῆς,
451 2573 520 2607 dat.
570 2575 797 2618 κατακρίνεται
817 2575 948 2610 B.D.b.
967 2576 1244 2621 κατακριθήσεται
1263 2577 1354 2611 Edd.
1405 2578 1530 2613 Statim
1548 2580 1614 2624 γὰρ

40 2627 102 2660 pro
119 2618 155 2652 δὲ
172 2618 207 2653 b.
318 2619 350 2653 8.
376 2621 559 2666 προσάγων
578 2621 623 2654 D.
643 2622 752 2655 invito
770 2622 804 2656 b.
927 2634 979 2657 10.
1006 2624 1085 2668 κρέα
1103 2623 1145 2657 Β.
1164 2624 1260 2668 κρέας
1278 2624 1324 2658 D.
1345 2624 1436 2659 Edd.
1487 2625 1614 2661 Statim

42 2661 60 2695 ὃ
77 2675 145 2699 om.
166 2664 210 2698 D.
415 2678 467 2700 11.
494 2667 573 2711 κρέα
592 2667 686 2702 B.D.
705 2668 802 2713 κρέας
820 2667 911 2702 Edd.
1125 2681 1177 2715 13.
1204 2673 1250 2715 τῷ
1268 2678 1486 2716 assumptum
1505 2684 1547 2706 ex
1566 2673 1612 2707 D.

44 2719 163 2754 14-19.
189 2711 439 2758 ἐκείνη-ψυχὴ
457 2721 637 2759 assumpta
654 2727 696 2749 ex
714 2715 807 2749 B.D.
1099 2726 1152 2760 15.
1178 2715 1196 2760 ἣ
1214 2716 1253 2750 ἂν
1271 2717 1314 2751 Β.
1333 2718 1390 2751 ἐὰν
1409 2718 1455 2751 D.
1475 2719 1534 2764 (19
1553 2720 1614 2763 al.)

45 2755 98 2790 16·
124 2757 299 2802 ἀνθρώπου
318 2759 365 2794 D.
384 2761 485 2794 αὐτοῦ
503 2760 571 2795 Β.Ξ·
780 2762 832 2797 IS.
857 2763 915 2806 τῆς
933 2762 1053 2798 θυσίας
1068 2766 1134 2797 τῶν
1151 2767 1255 2807 κρεῶν
1272 2764 1410 2798 inverso
1428 2765 1548 2798 ordine
1567 2766 1614 2800 D.

41 2803 87 2848 τῷ
105 2811 324 2850 assumptum
341 2818 382 2840 ex
401 2807 448 2841 D.
530 2850 538 2860 1
618 2819 671 2854 19.
697 2808 763 2842 ἀπὸ
781 2820 844 2853 pro
861 2809 897 2842 ἐκ
917 2809 963 2843 D.
1129 2820 1182 2844 20.
1209 2811 1262 2844 καὶ
1279 2811 1374 2855 prius
1392 2818 1614 2856 assumptum

514 2863 528 2878 τ

42 2892 83 2914 ex
101 2882 143 2916 Β.
162 2882 257 2918 deest
274 2885 309 2919 in
327 2885 374 2920 D.
423 2886 528 2921 ἀθανα
544 2899 607 2931 pro
626 2888 677 2922 καὶ
695 2887 726 2922 θ.
747 2888 793 2922 D.
1123 2900 1178 2923 21.
1203 2889 1438 2926 ἆναπονίπτοις
1457 2891 1502 2924 D.
1522 2891 1614 2926 Edd.

42 2927 187 2964 ἀνίπτοις
206 2930 247 2965 Β.
518 2944 574 2978 23.
599 2933 738 2979 ἁγιάσαι
755 2949 786 2969 τι
806 2934 847 2969 B.
865 2934 996 2980 ἆγιάσω
1014 2934 1047 2969 τί
1064 2935 1151 2980 (Sic)
1170 2935 1203 2970 b.
1223 2936 1359 2981 ἁγιάσοι
1376 2938 1408 2972 τι’
1426 2938 1472 2972 D.
1489 2938 1614 2983 ἁγιάσῃ

42 2973 91 3008 ἔτι
109 2975 198 3010 Edd.
390 2991 444 3022 24.
470 2980 669 3015 ἀποτελέσει
689 2981 722 3016 b.
904 2981 957 3016 26.
984 2983 1071 3028 αὐτῷ
1091 2994 1153 3027 pro
1172 2985 1246 3029 Θεῷ
1268 2984 1312 3017 D.

1633 374 1654 398 (ὲ

1677 928 1754 958 Ι,ον.
1768 929 1823 959 vii.

1676 981 1770 1012 ’,ι-ΙΙ.

1630 1030 1651 1054 a
1678 1021 1762 1054 645
1785 1021 1835 1054 A.

1629 2083 1656 2124 b
