2053 3382
322 193 406 232 488
716 193 766 233 Β.
808 191 1089 232 CYRILLI
1133 191 1518 233 ALEXANDR.
1770 192 1840 232 xii.
1866 191 1902 231 8.

324 301 509 368 Πατήρ.
570 301 738 352 δέδωκε
774 300 866 366 γὰρ
903 301 1013 364 ἡμῖν
1047 299 1129 351 τὸν
1162 301 1279 352 ’ίδιον
1304 299 1422 352 Υἱὸν
1455 299 1797 366 προασπιστὴν
1831 303 1906 350 καὶ

323 382 585 449 πρόμαχον,
636 382 691 433 δι’
743 383 796 433 οῦ
846 385 921 433 καὶ
972 383 1281 445 σεσώσμεθα,
1335 380 1511 435 παντὸς
1570 380 1655 444 μὲν
1705 380 1908 434 εὐκόλως

324 464 633 517 διεκδύνοντες
670 470 950 530 πειρασμοῦ·
994 464 1203 528 πολέμου
1242 463 1289 515 δὲ
1327 470 1411 515 τοῦ
1448 465 1557 530 παρ’
1599 465 1793 530 ἐχθρῶν,
1833 465 1909 513 καὶ

285 568 306 593 c·
325 549 407 609 τῆς
436 550 530 596 τῶν
556 545 818 597 διωκόντων
843 546 1123 611 σκαιότητος
1155 549 1502 612 κατευμεγεθεῖν
1527 546 1749 599 εἰωθότες.
1795 545 1906 595 ἀλλ’

323 629 371 678 ε”ν
415 651 466 693 γε
509 633 604 681 τοῖς
646 628 961 694 προκειμένοις
1007 630 1232 693 δηλοῦται
1282 628 1367 692 μέν
1410 651 1454 679 τι
1498 633 1727 690 τοιοῦτον,
1777 626 1948 690 πλὴν5

322 710 533 778 ἀσαφείᾳ
570 714 735 778 πολλῇ
773 711 1175 772 κατεσκιασμένον
1209 709 1291 761 τὸν
1330 709 1477 775 λόγον
1513 711 1689 760 κατίδοι
1723 732 1792 763 τις
1831 709 1902 760 ἄν.

322 792 413 861 ε”φη
448 791 532 856 μὲν
559 791 651 858 γὰρ
687 796 979 862 ὑπερασπιεῖν
1004 793 1028 842 ὁ
1054 797 1148 843 τῶν
1175 791 1302 843 ὅλων
1329 791 1451 846 Θεὸς
1484 790 1563 842 τῶν
1600 790 1908 842 κατοικούντων

322 872 624 943 Ἰερουσαλὴμ,
659 876 734 924 καὶ
769 875 871 941 οὐχὶ
910 875 966 939 δὴ
1006 879 1197 938 μᾶλλον
1231 878 1325 925 τῶν
1357 873 1708 940 παροικούντων
1742 872 1903 937 αὑτήν.

323 958 398 1006 καὶ
448 961 615 1006 νοεῖται
664 955 748 1019 μὲν
794 956 1180 1021 ὁμολογουμένως
1223 955 1513 1024 Ἰερουσαλὴμ
1563 957 1611 1006 ἐν
1654 954 1834 1008 τούτοις
1878 955 1906 1018 ἡ

322 1038 590 1102 Ἐκκλησία
616 1042 850 1104 Χριστοῦ.
905 1043 1120 1104 παροικεῖ
1140 1037 1187 1089 δὲ
1212 1037 1355 1102 αὐτὴν
1382 1039 1406 1089 ὁ
1432 1037 1497 1102 μὴ
1524 1039 1633 1088 λίαν
1659 1036 1903 1105 ἀσφαλὴς,
1931 1059 1977 1083 10

323 1119 674 1184 σεσαλευμένος
717 1119 765 1170 δὲ
811 1118 974 1186 ὥσπερ
1019 1122 1094 1171 καὶ
1138 1120 1445 1185 εῦπάροιστος
1490 1122 1656 1187 κομιδῇ
1694 1117 1812 1185 πρὸς
1853 1118 1906 1169 τὸ

323 1201 388 1265 μὴ
433 1202 541 1269 ε”χον
586 1203 749 1267 ὀρθῶς,
796 1201 824 1266 ὴ
871 1204 945 1252 καὶ
990 1202 1153 1256 ἄλλως
1202 1201 1411 1270 ῥᾴθυμος
1460 1205 1522 1255 εἰς
1573 1201 1903 1270 φιλομάθειαν·

279 1293 305 1333 d
329 1289 535 1336 κατοικεῖ
568 1285 615 1335 δὲ
655 1283 710 1348 δὴ
746 1285 804 1334 αὖ
838 1286 863 1334 ὁ
902 1284 1117 1348 βεβηκὼς
1153 1287 1227 1335 καὶ
1263 1284 1587 1351 ἐρηρεισμένος
1622 1288 1681 1338 εἷς
1718 1283 1908 1348 ἀγάπην

324 1366 409 1430 τὴν
429 1369 501 1417 ἐπὶ
529 1370 741 1435 Χριστῷ,
770 1367 843 1416 καὶ
871 1371 970 1420 ταῖς
996 1368 1045 1416 ἐκ
1071 1371 1165 1417 τῶν
1185 1367 1320 1417 θείων
1345 1366 1635 1430 μαθημάτων
1662 1367 1907 1434 ὠφελείαις

325 1451 393 1499 ἀεὶ
428 1449 780 1514 προσκείμενος,
818 1447 942 1498 ὥστε
977 1449 1207 1499 δύνασθαι
1245 1448 1397 1514 λέγειν
1428 1448 1482 1498 τὸ
1519 1447 1593 1498 διὰ
1630 1451 1790 1515 φωνῆς
1824 1452 1907 1498 τοῦ
1931 1466 1977 1504 15

103 1551 269 1581 Ps.cxviii.
325 1532 501 1581 Δαυείδ
527 1532 654 1584 ““Ως
680 1531 873 1596 γλυκεία
908 1533 974 1599 τῷ
1007 1530 1218 1596 λάρυγγίΙ
1247 1553 1337 1593 μου
1372 1530 1431 1580 τὰ
1466 1529 1607 1596 λόγιά
1640 1549 1746 1580 σου·
1792 1528 1906 1595 ὑπὲρ

107 1604 177 1634 ¹⁰³⁶
324 1620 351 1642 “
376 1612 485 1676 με’λι
511 1615 586 1664 καὶ
613 1613 773 1679 κηρίον
798 1615 864 1680 τῷ
890 1610 1099 1675 στόματί
1129 1613 1259 1674 μου.”
1313 1615 1580 1681 &reponem-ce?
1602 1613 1756 1662 τοίνυν
1783 1614 1906 1680 φησὶ

322 1694 402 1745 τῶν
443 1694 753 1746 κατοικούντων
795 1700 871 1745 καὶ
914 1694 1039 1744 ἔσται
1081 1700 1098 1745 ὁ
1139 1693 1319 1745 ἀσθενεῖν
1359 1696 1396 1745 ἐν
1430 1697 1578 1748 αὐτοῖς
1612 1695 1648 1745 ἐν
1682 1697 1730 1767 τῇ
1770 1692 1906 1764 ἡμέρα,

322 1777 451 1848 ἐκείνῃ
478 1779 534 1831 ὡς
563 1783 580 1828 ὁ
605 1775 720 1830 οἶκος
750 1772 933 1826 Δαυείδ.
990 1776 1064 1825 καὶ
1093 1774 1202 1827 οἷκον
1228 1774 1311 1838 μὲν
1334 1781 1417 1826 τοῦ
1447 1773 1617 1827 Δαυεὶδ
1639 1777 1687 1826 ἐν
1713 1777 1905 1837 τούτοις,

321 1856 427 1910 τοὺς
468 1856 597 1924 παρὰ
639 1862 734 1910 τοῖς
772 1857 1011 1910 Ἰουδαίοις
1053 1857 1375 1920 ἐντιμοτάτους
1415 1857 1689 1920 ὠνομάσθαι
1735 1859 1903 1926 φαμέν.
1928 1882 1977 1907 20

284 1967 305 1991 e
323 1938 416 1990 ἀπὸ
442 1939 535 2006 γὰρ
559 1942 639 2003 τῆς
664 1940 817 1990 Ἰούδα
846 1942 1014 2008 φυλῆς,
1043 1939 1098 2008 ἐξ
1134 1940 1186 2003 ἧς
1212 1939 1393 1990 Ἰεσσαὶ
1421 1943 1495 1990 καὶ
1529 1943 1716 2002 Δαυεὶδ,
1743 1940 1906 2000 ἐβασί-

322 2027 459 2072 λευον
503 2020 622 2073 κατὰ
669 2021 854 2088 καιροὺς
900 2023 947 2072 ἐν
985 2026 1080 2075 τοῖς
1117 2020 1484 2087 Ἱεροσολύμοις.
1547 2021 1816 2073 ἀσθενοῦντα
1858 2022 1913 2072 δέ

322 2109 474 2171 φησιν
519 2106 568 2154 ἐκ
610 2108 704 2155 τῶν
751 2103 1058 2155 κατοικούντων
1096 2102 1182 2167 τὴν
1227 2105 1365 2169 ἁγίαν
1406 2103 1561 2166 πόλιν,
1607 2103 1691 2167 τὴν
1737 2103 1906 2168 νοητὴν

320 2184 623 2254 ζΙερουοαλῖηιι,
672 2186 770 2250 ἥτις
817 2187 947 2236 ἐστὶν
997 2186 1026 2249 ἡ
1068 2187 1352 2249 Ἐκκλησία,
1399 2185 1522 2253 τάχα
1568 2208 1660 2237 που
1708 2185 1789 2236 τὸν
1839 2186 1904 2237 ε”τι

321 2268 681 2334 κατηχούμενον,
722 2266 771 2321 ὃς
815 2269 944 2319 οὔπω
989 2266 1323 2329 βεβάπτισται,
1369 2272 1503 2318 νοσεῖ
1543 2267 1591 2318 δὲ
1635 2267 1795 2333 ὥσπερ
1839 2267 1904 2318 ἔτι
1926 2286 1973 2324 25

321 2352 387 2416 τῷ
422 2352 504 2412 τῆς
542 2350 769 2414 ἁμαρτίας
809 2350 988 2418 φορτίῳ
1026 2350 1414 2416 κατηχθισμένος,
1453 2354 1527 2399 καὶ
1566 2354 1659 2400 τῶν
1697 2350 1905 2416 ἀρχαίων

321 2430 719 2497 άρῤωστημάτων,
758 2431 906 2496 ἤγουν
943 2434 1123 2493 παθῶν,
1163 2432 1245 2481 οὐκ
1284 2431 1601 2494 ἀπήλλακται.
1659 2430 1790 2481 ἀλλὰ
1827 2432 1904 2481 καὶ

103 2529 182 2565 781
199 2529 250 2565 Α.
282 2540 304 2563 a
322 2513 467 2565 οὕτως
516 2511 650 2580 ἔχων,
700 2512 769 2563 ὅτι
821 2512 877 2575 δὴ
927 2511 1071 2576 μόνον
1114 2513 1408 2575 πεπίστευκε,
1460 2515 1535 2563 καὶ
1584 2515 1665 2575 τῆς
1714 2514 1903 2574 νομικῆς

322 2594 506 2658 ἀπέστη
533 2599 683 2657 σκιᾶς,
711 2596 784 2645 καὶ
819 2594 1100 2645 διανένευκεν
1128 2594 1250 2648 ὅλως
1281 2596 1353 2645 ἐπὶ
1384 2593 1437 2645 τὸ
1465 2593 1657 2644 ἑλέσθαι
1689 2598 1903 2658 πληροῦν

369 2760 401 2794 6.
428 2761 554 2794 κατίδοι
574 2760 614 2795 C.
631 2761 697 2795 ἰ’δοι
717 2761 807 2795 Edd.
1050 2773 1102 2796 11.
1129 2762 1374 2806 εἰιπάροιστρος
1393 2760 1433 2795 C.
1678 2770 1728 2793 12.
1753 2759 1840 2803 ἔχων
1859 2760 1899 2794 C.

327 2818 378 2851 13.
407 2807 445 2850 δὴ
464 2814 686 2852 assumptum
705 2820 745 2842 ex
766 2808 806 2841 C.
873 2808 974 2851 αὐτὴν
991 2820 1053 2852 pro
1071 2808 1111 2842 αὖ
1129 2809 1162 2842 b.
1380 2816 1431 2852 15.
1457 2807 1495 2840 τὸ
1514 2811 1733 2850 assumptum
1753 2818 1794 2839 ex
1817 2806 1900 2841 13.C.

328 2854 379 2886 16.
404 2854 543 2897 γλυκεία
563 2855 602 2887 C.
626 2854 763 2900 [γλυκιιι
781 2854 900 2899 Alex]
920 2855 1045 2898 γλυκέα
1065 2854 1155 2888 Edd.
1445 2864 1495 2897 19.
1522 2854 1539 2885 ὁ
1556 2859 1778 2897 assumptum
1797 2865 1837 2886 ex
1858 2853 1899 2887 Β.

323 2898 422 2941 (240.
443 2900 524 2944 CO.)
544 2899 640 2934 deest
658 2902 692 2934 in
713 2901 753 2934 C.
819 2902 871 2934 καὶ
889 2900 978 2935 οἶκὸν
995 2900 1071 2946 μέν]
1093 2900 1183 2935 οἶκον
1199 2901 1259 2944 μέν
1276 2901 1340 2945 γὰρ
1360 2899 1400 2933 C.
1750 2910 1804 2933 20.
1831 2901 1900 2934 τοῖς

323 2953 542 2988 assumptum
561 2958 601 2980 ex
622 2947 661 2980 C.
681 2947 776 2982 deest
794 2948 828 2981 in
849 2948 893 2981 D.
956 2948 1107 2990 ἐντιμωτ.
1128 2947 1166 2980 C.
1187 2946 1277 2981 Edd.
1422 2956 1477 2978 21.
1504 2944 1541 2987 ἧς
1558 2951 1778 2988 assumptum
1797 2957 1836 2979 ex
1859 2945 1899 2980 C.

325 3000 379 3034 23.
407 2991 440 3025 ἐν
458 3003 520 3036 pro
540 2993 574 3025 ἐκ
594 2993 674 3035 (sic)
695 2993 734 3027 C.
928 3005 981 3035 24.
1010 2993 1026 3037 ι’]
1045 3006 1115 3028 0111.
1136 2994 1176 3027 C.
1367 2992 1421 3025 26.
1449 2991 1719 3036 κατηχθεσμένος
1739 2991 1829 3026 Edd.
