2053 3382
313 211 389 246 664

367 332 550 367 malorum
578 332 763 366 immunes
789 330 911 367 reddit
936 333 1012 368 213
1039 344 1072 367 a.

370 397 487 438 Deus,
509 395 757 442 praesentiam
780 408 884 431 suam
906 408 997 432 voce
1017 395 1071 431 in-

368 460 466 495 dicat
480 460 557 496 217
573 459 608 495 (1.
643 460 758 501 Deus,
771 460 917 508 jejunio
934 460 1076 509 gaudet

363 523 476 560 modo
497 523 545 559 sit
566 523 752 559 sincerum
776 526 852 561 219
870 525 906 560 b.
957 525 1074 570 Deus,

366 587 501 628 cordis,
519 600 594 623 non
615 588 786 630 vestium,
805 589 886 624 vult
906 589 1075 624 contriti-

365 664 475 688 onem
503 654 579 688 219
601 665 621 688 c
637 652 672 689 d.

365 729 475 753 onem
515 730 591 752 non
630 717 712 753 vult
746 720 823 754 219
859 730 888 754 e.

731 653 845 693 Deus,
869 653 1074 701 desperati-

952 719 1072 761 Deus,

364 781 493 830 populi
514 782 571 817 sui
592 782 876 830 oppressoribus
903 782 1075 819 irascitur

367 848 440 883 221
465 858 495 882 c.
545 846 660 888 Deus,
682 845 835 882 Sionem
865 847 946 883 zelo
968 860 1073 896 mag-

363 922 412 945 no
440 922 575 946 curans
606 913 679 947 221
709 924 740 947 e.

364 976 460 1010 saria
498 975 660 1011 obsessis
698 975 885 1023 promittit
925 978 1000 1013 222
1037 989 1070 1012 a.

799 911 915 955 Deus,
944 924 1074 948 neces-

362 1039 479 1084 Deus,
514 1039 643 1075 irridet
682 1039 851 1076 ‚Judaeos
889 1040 1074 1076 locustam

365 1103 518 1139 mittens
539 1106 615 1141 225
638 1117 669 1140 a.
717 1104 836 1145 Deus,
854 1106 890 1140 in
914 1105 1074 1152 Templo

364 1169 572 1216 antiquitus
602 1168 806 1211 colebatur,
834 1169 872 1204 in
900 1169 1074 1205 cordibus

363 1233 502 1269 nostris
527 1246 594 1281 per
622 1232 806 1281 Spiritum
832 1234 975 1270 habitat
996 1237 1072 1271 233

364 1310 405 1343 c,
438 1300 514 1334 242
538 1310 570 1334 c.

365 1363 469 1399 cinos
510 1368 664 1410 propter
703 1363 913 1399 inimicitias
950 1376 1074 1411 repre-

366 1427 497 1463 hendit
537 1429 613 1465 236
650 1440 682 1463 a.
748 1428 862 1469 Deus,
902 1427 1075 1464 hortatur

365 1490 536 1528 Judaeos
550 1492 595 1527 ad
610 1492 784 1528 fiduciam
800 1494 875 1528 238
892 1492 927 1528 d.
955 1493 1073 1534 Deus,

364 1557 501 1592 iterum
532 1557 579 1592 ad
607 1557 788 1604 impetum
818 1556 856 1592 in
882 1557 977 1593 valle
1003 1557 1071 1594 Ju-

364 1621 451 1657 dicii
470 1620 684 1657 faciendum
706 1624 782 1658 240
804 1622 838 1658 b.
896 1622 1011 1667 Deus,
1033 1628 1074 1658 ut

365 1698 542 1733 praesens
571 1686 608 1721 in
636 1698 764 1734 pugna
791 1686 951 1722 clamare
970 1686 1072 1722 vide-

364 1755 425 1786 tur
452 1752 525 1786 241
557 1763 591 1786 a.

367 1820 482 1856 curat,
520 1814 596 1851 sive
636 1815 842 1863 Aethiopes
881 1816 954 1851 sint
997 1816 1074 1851 sive

363 1878 500 1915 Judaei
522 1881 598 1916 248
616 1892 648 1915 a.
689 1880 805 1922 Deus,
828 1879 958 1916 vicinis
978 1893 1070 1929 gen-

365 1944 466 1980 tibus
514 1944 560 1979 ad
608 1943 778 1980 Judaeos
834 1944 1074 1993 castigandos

363 2008 484 2044 utitur
506 2011 582 2045 249
601 2009 637 2045 d.
677 2009 796 2054 Deus,
814 2009 973 2058 gloriam
994 2008 1072 2045 Sibi

365 2086 471 2109 suam
511 2073 717 2110 invidentes
756 2073 894 2110 deserit
930 2076 1007 2110 250
1039 2086 1071 2110 e.

365 2150 439 2186 quo
467 2150 578 2174 sensu
606 2138 643 2174 in
670 2138 817 2174 tertiam
843 2144 881 2174 et
902 2145 1071 2186 quartam

629 1299 743 1340 Deus,
763 1298 995 1334 Judaeorum
1023 1299 1073 1334 vi-

650 1750 767 1791 Deus,
794 1763 972 1798 personas
998 1763 1073 1786 non

366 2203 648 2251 generationem
680 2215 830 2239 severus
857 2203 905 2242 sit
935 2206 1011 2239 254
1038 2215 1071 2239 e.

365 2267 481 2310 Deus,
522 2268 649 2316 populi
689 2268 747 2303 sui
790 2268 1073 2315 oppressoribus

366 2332 609 2368 vehementer
655 2332 873 2380 indignatur
921 2335 997 2369 257
1039 2345 1071 2368 e.

366 2397 481 2439 Deus,
509 2397 607 2444 lpse,
629 2397 714 2444 quia
735 2397 881 2433 Caritas
904 2397 983 2444 ipsa
1002 2402 1071 2440 est,

366 2461 580 2497 crudelibus
620 2461 791 2497 inimicus
828 2467 886 2497 est
926 2463 999 2497 261
1038 2461 1070 2496 d.

367 2526 483 2567 Deus,
504 2531 562 2561 ter
582 2531 788 2573 quaterque
811 2526 968 2574 patiens,
989 2531 1072 2561 tan-

367 2590 451 2626 dem
469 2590 659 2626 ulciscitur
673 2592 749 2627 264
765 2591 798 2626 d.
835 2590 951 2633 Deus,
971 2590 1072 2626 solus

365 2654 561 2703 legislator
582 2656 658 2691 266
679 2655 712 2691 b.
773 2655 890 2696 Deus,
912 2654 1071 2690 humiles

366 2726 476 2765 amat,
519 2719 699 2767 superbos
746 2719 825 2755 odit
873 2721 949 2756 267
990 2732 1010 2755 a
1037 2719 1070 2754 d.

368 2783 486 2825 Deus,
519 2784 703 2833 sacrilegii
731 2784 838 2820 testis
867 2783 1071 2832 vigilantis-

369 2847 486 2883 simus
508 2850 584 2885 269
606 2861 635 2884 c.
685 2849 799 2891 Deus,
823 2848 998 2884 Israelem
1018 2848 1072 2884 in-

367 2919 546 2960 terrogat,
592 2919 770 2961 tanquam
808 2913 926 2961 judex
965 2925 1069 2949 reum

371 2977 446 3011 272
478 2976 513 3011 d.
571 2977 686 3018 Deus,
718 2978 885 3024 plaustro
915 2984 1070 3025 gravato

854 210 1067 247 INDEX
1124 211 1367 250 RERUM.
1790 227 1901 252 meus.

1198 337 1236 369 et
1279 333 1456 381 gementi.
1502 333 1664 381 seipsum
1711 340 1903 382 comparat

1198 398 1274 434 273
1310 410 1331 433 a
1352 397 1388 433 d.
1449 397 1566 440 Deus,
1602 410 1676 446 quo
1706 397 1826 446 magis
1855 399 1904 435 sit

1195 460 1397 508 placabiliS,
1420 474 1463 497 eo
1483 462 1608 498 minus
1634 463 1773 498 offendi
1792 462 1904 499 debet

1198 527 1246 561 27
1252 528 1273 562 3
1292 537 1325 561 e.
1367 526 1481 571 Deus,
1499 526 1619 562 solum
1635 527 1797 563 hominis
1816 540 1902 576 pro-

1196 590 1449 637 pugnaculum
1485 592 1562 627 274
1595 591 1630 626 d.

1196 654 1314 701 gratis
1336 654 1515 690 Israelitis
1540 655 1714 697 offensus
1734 668 1810 691 non
1830 656 1899 691 im-

1696 592 1810 637 Deus,
1844 592 1900 627 in-

1196 718 1347 766 punitos
1361 719 1439 754 fore
1454 719 1611 755 affirmat
1626 722 1702 756 275
1719 732 1750 756 c.
1786 720 1901 765 Deus,

1196 783 1318 831 impiis
1331 783 1518 829 minitans,
1533 784 1747 832 priusquam
1759 785 1901 832 puniat,

1196 857 1434 896 comparatur
1462 848 1561 884 leoni
1589 848 1755 896 rugienti
1780 848 1903 896 prius-

1197 925 1308 961 quam
1342 913 1501 960 praedae
1534 913 1673 948 insiliat
1708 915 1784 950 277
1819 925 1840 948 a
1866 912 1901 948 d.

1199 977 1316 1018 Deus,
1339 977 1543 1013 deturbans
1568 977 1812 1026 voluptarios,
1834 989 1900 1013 au-

1196 1042 1292 1089 cupi,
1324 1054 1410 1078 aves
1437 1041 1635 1090 dejicienti,
1666 1046 1902 1089 comparatur

1198 1108 1274 1143 277
1297 1106 1332 1143 d.
1388 1106 1504 1148 Deus,
1535 1106 1675 1151 Israeli,
1705 1105 1903 1154 Prophetis

1196 1170 1412 1218 increpanti,
1430 1171 1595 1218 increpat
1613 1172 1688 1207 278
1703 1171 1736 1206 b.
1783 1171 1901 1214 Deus,

1196 1234 1416 1285 Prophetas,
1438 1235 1538 1271 tubis
1558 1235 1779 1271 militaribus
1799 1247 1902 1270 com-

1195 1305 1302 1347 parat
1332 1302 1407 1336 278
1440 1312 1471 1335 c.

1196 1363 1429 1405 calamitatis,
1465 1370 1596 1400 auctor
1630 1364 1733 1400 solus
1767 1365 1842 1400 278
1869 1375 1901 1400 e.

1195 1429 1309 1470 Deus,
1340 1429 1447 1464 malis
1482 1428 1658 1464 immissis
1692 1428 1739 1464 ad
1771 1427 1900 1476 poeni-

1195 1493 1351 1529 tentiam
1372 1498 1481 1529 vocat
1502 1495 1578 1530 279
1600 1493 1633 1528 b.
1675 1493 1787 1538 Deus,
1805 1492 1902 1528 sicut

1194 1557 1253 1593 leo
1289 1557 1455 1605 rugiens,
1491 1557 1663 1593 omnibus
1697 1556 1900 1592 formidan-

1196 1621 1264 1657 dus
1296 1624 1372 1658 279
1395 1634 1423 1658 c.

1198 1692 1235 1722 et
1261 1685 1480 1734 Prophetas,
1508 1692 1544 1722 et
1572 1686 1685 1722 verbo
1712 1692 1749 1721 et
1775 1698 1815 1722 re
1839 1686 1902 1721 de-

1197 1750 1314 1786 fendit
1342 1753 1418 1787 279
1440 1751 1463 1786 d
1480 1763 1512 1786 e.
1561 1750 1682 1792 Deus,
1704 1762 1769 1797 per
1797 1749 1903 1797 Seipn

1198 1827 1278 1850 sum
1319 1816 1421 1863 jurat
1456 1817 1531 1851 288
1567 1827 1600 1851 a.
1654 1815 1767 1856 Deus,
1801 1819 1902 1850 recte

1197 1880 1431 1916 ambulantes
1475 1886 1588 1922 amat,
1632 1879 1781 1927 oblique
1823 1878 1902 1914 odit

1197 1946 1274 1980 289
1296 1957 1328 1981 e.
1386 1945 1499 1986 Deus,
1522 1944 1679 1992 gloriam
1705 1955 1810 1979 suam
1834 1955 1899 1979 ne-

1195 2008 1286 2044 mini
1314 2009 1565 2045 communicat
1594 2011 1667 2046 291
1699 2021 1732 2045 a.
1782 2008 1899 2049 Deus,

1531 1299 1649 1341 Deus,
1683 1299 1782 1344 mali,
1816 1298 1841 1335 i.
1870 1311 1902 1335 e.

1483 1622 1597 1663 Deus,
1624 1621 1785 1658 sanctos
1814 1633 1901 1657 suos

1195 2074 1375 2122 principio
1427 2074 1552 2110 mitius
1605 2073 1723 2121 punit,
1770 2078 1901 2120 postea

1197 2139 1359 2175 severius
1392 2141 1465 2176 291
1504 2151 1544 2183 c;
1588 2141 1664 2175 295
1697 2150 1728 2174 a.
1785 2137 1899 2182 Deus,

1195 2204 1320 2239 omnia
1365 2204 1582 2252 cognoscit;
1638 2202 1791 2238 medicis
1835 2213 1901 2250 per

1195 2267 1362 2304 dolorem
1403 2269 1621 2304 sanantibus
1660 2271 1901 2314 comparatur

1196 2335 1272 2369 294
1305 2345 1334 2369 e.
1399 2334 1514 2374 Deus,
1546 2332 1654 2368 idolis
1686 2344 1762 2367 non
1796 2343 1897 2366 com-

1195 2397 1381 2445 parandus
1403 2400 1479 2434 295
1496 2410 1530 2434 c.
1579 2397 1694 2441 Deus,
1715 2407 1781 2443 per
1800 2394 1897 2430 toni·

1195 2468 1278 2497 trua
1314 2468 1350 2498 et
1385 2467 1518 2497 ventos
1556 2467 1592 2497 et
1625 2461 1745 2497 lucem
1779 2459 1824 2495 ad
1859 2471 1899 2494 se

1195 2532 1344 2562 revocat
1365 2528 1441 2563 295
1463 2539 1493 2563 e.
1540 2526 1656 2571 Deus,
1676 2525 1820 2560 infinita
1843 2528 1899 2559 est

1194 2596 1231 2626 et
1251 2590 1419 2639 potentia
1435 2597 1471 2627 et
1490 2589 1744 2627 misericordia
1764 2589 1840 2625 296
1861 2586 1897 2623 d.

1194 2656 1310 2697 Deus,
1346 2656 1513 2691 vivificus
1550 2655 1711 2691 salvator
1749 2653 1824 2689 298
1864 2663 1896 2687 e.

1194 2720 1309 2764 Deus,
1353 2732 1439 2756 curn
1485 2724 1593 2767 regat
1633 2723 1816 2760 naturam,
1860 2723 1898 2751 et

1194 2784 1346 2833 spiritus
1384 2784 1576 2829 coelestes,
1614 2783 1650 2818 in
1690 2789 1789 2817 terra
1829 2793 1896 2816 rex

1194 2849 1322 2885 haberi
1377 2849 1488 2885 debet
1540 2850 1616 2885 300
1660 2846 1695 2882 b.
1780 2846 1894 2886 Deus,

1195 2914 1471 2949 demonstratur
1512 2918 1534 2931 ‘¹
1568 2911 1674 2947 Deus
1711 2910 1894 2946 exercitu-

1195 2977 1294 3019 um‚''
1325 2989 1454 3013 creans
1487 2982 1632 3012 noctem
1667 2978 1742 3013 300
1768 2987 1811 3021 c;
1859 2981 1896 3011 et
