1997 3361
47 155 73 194 i.
97 156 245 206 14-16.
426 156 497 196 IN
546 153 965 198 SOPIIONIAM.
1030 156 1248 198 '1¹0M.1.
1544 154 1622 194 189

47 264 227 330 φαίνων
254 262 382 328 οἶμαί
406 285 511 316 που·
553 265 675 334 ὁργῆς
711 289 759 316 τε
800 269 873 316 καὶ
911 265 1129 335 θλίψεως,
1164 264 1423 334 ἀφανισμοῦ
1461 285 1509 313 τε
1549 265 1661 312 mie

47 350 223 414 ἀωρίαις,
251 350 427 403 σκότους
464 371 512 398 τε
551 354 627 399 καὶ
667 353 831 417 γνόφου
870 352 1020 416 φησὶν
1046 347 1204 417 ἡμέραν
1236 345 1395 410 αὐτήν.
1462 346 1510 394 τί
1531 343 1624 410 γὰρ

47 432 141 478 τῶν
188 429 408 480 τοιούτων
457 431 510 480 οὐ
562 430 864 494 συμβήσεται
915 436 1010 484 τοῖς
1061 429 1338 494 ἀθλιότητος
1381 431 1442 481 εἷς
1486 433 1624 478 τοῦτο

47 511 354 578 ἀφικομένοις,
383 514 445 566 ὡς
470 513 517 562 ἐν
544 513 696 565 αὐτοῖς
723 513 941 577 γενέσθαι
967 518 1062 566 τοῖς
1087 518 1169 562 τοῦ
1196 511 1398 562 θανάτου
1423 510 1624 571 δείμασι,

8 595 122 643 5καὶ
166 595 213 643 ἐν
252 599 348 648 τοῖς
389 593 605 662 ἐσχάτοις
650 599 833 645 κεῖσθαι
878 600 1066 657 κακοῖς,
1109 595 1348 657 πολεμίων
1393 592 1440 643 δὲ
1481 591 1624 643 πόλιν

47 676 413 744 κατειληφότων,
453 678 501 727 τί
537 682 631 730 τοῖς
674 678 875 728 ἁλοῦσιν
913 678 965 728 οὐ
1008 675 1341 740 συμβήσεται,
1384 673 1413 739 ὴ
1452 675 1500 725 τί
1532 678 1626 725 τῶν

48 758 170 823 α’γαν
207 758 414 810 ἐκτόπων
447 760 825 824 ἀνεπιτηδευτον;
868 758 896 824 ὴ
933 760 1014 810 οὐκ
1048 759 1215 823 ἄνηβοι
1252 757 1336 821 μὲν
1363 756 1621 825 καταφθεί-

47 863 207 907 ρονται
237 845 408 903 παῖδες,
435 842 566 908 κόρια
604 841 651 892 δὲ
689 844 916 908 ῥιπτεῖται
955 840 1104 907 νεκρὰ,
1133 842 1208 891 καὶ
1246 839 1343 890 οἷον
1376 838 1503 908 φυτὰ
1532 861 1626 905 προ

47 945 168 989 ωρας
203 924 670 990 ἀναβεβοθρευμενα,
711 925 813 991 οὐχι
852 923 900 974 δὲ
936 923 1024 992 νὺξ
1055 922 1128 974 οἶά
1169 945 1237 976 τις
1276 945 1350 973 και
1389 920 1561 975 σκότος
1598 921 1624 985 ἡ
1647 931 1674 972 d

2 1006 283 1069 οδυσθυμία
331 1005 417 1070 τὴν
465 1011 559 1057 τῶν
609 1006 886 1056 ἑαλωκότων
937 1005 1261 1069 καταμελαίνει
1304 1005 1517 1070 καρδίαν,
1567 1005 1628 1056 ὡς

48 1089 285 1153 ἀπορῆσαι
324 1091 503 1152 βουλῆς
541 1091 616 1139 καὶ
650 1088 947 1151 σκεμμάτων·
988 1087 1131 1151 μόνον
1169 1086 1217 1137 δὲ
1256 1088 1358 1154 οὐχὶ
1385 1088 1460 1136 καὶ
1486 1085 1633 1153 ἀχλύϊ

48 1172 123 1220 καὶ
167 1170 373 1238 νεφέλαις
415 1171 496 1221 τὸν
538 1170 740 1222 ἑκάστου
782 1169 1165 1236 κατασκιάζουσα
1201 1175 1321 1231 νοῦν,
1362 1167 1479 1231 οὐδὲ,
1522 1168 1629 1219 ὅποι

47 1252 167 1303 ποτέ
198 1254 340 1315 ἐστιν,
382 1254 572 1321 ἐφίησιν
614 1255 796 1303 ἐννοεῖν.
863 1250 960 1302 εἶτα
998 1256 1096 1306 πῶς
1137 1257 1274 1302 τοῦτο
1315 1250 1622 1319 ἀμφίβολον,

49 1334 120 1385 ὅτι
146 1333 194 1385 δὲ
220 1334 455 1401 ἀφόρητος
490 1335 623 1386 ε’σται
662 1339 756 1385 τῶν
794 1337 1039 1397 δυσμενῶν
1077 1335 1104 1398 ἡ
1142 1333 1309 1403 ἔφοδος
1348 1357 1423 1384 και
1455 1331 1629 1384 πόλεσι

9 1422 148 1471 5ταῖς
185 1417 594 1483 πολυανδρούσαις
638 1419 713 1468 καὶ
751 1439 1157 1483 γεγυμνασμεναις
1205 1415 1265 1467 τὰ
1302 1414 1511 1473 τακτικὰ,
1553 1416 1629 1465 καὶ

48 1499 141 1564 μὴν
175 1503 250 1551 καὶ
285 1499 471 1567 ἑτεραις,
500 1500 635 1565 αἵπερ
670 1497 728 1550 ἂν
766 1497 852 1550 εἷεν
891 1504 985 1552 τοῖς
1022 1503 1116 1550 τῶν
1154 1503 1320 1566 τειχῶν
1357 1496 1628 1564 περιβόλοις

48 1582 420 1649 περιεζωσμεναι,
447 1581 798 1646 καταμεμήνυκε
829 1583 1113 1648 προστιθεις,
1146 1584 1208 1636 ὡς
1242 1581 1376 1632 ἐσται
1414 1577 1626 1645 σάλπιγ-
1646 1608 1668 1634 e

49 1688 131 1730 γος
160 1672 236 1716 καὶ
264 1663 458 1734 κραυγῆς
489 1664 621 1734 ἡμέρα
652 1690 673 1725 η
704 1663 839 1733 ἡμέρα
864 1669 947 1715 τοῦ
975 1667 1121 1734 Κυρίου
1147 1665 1219 1715 ἐπὶ
1247 1662 1334 1718 τέις
1360 1663 1517 1716 πόλεις
1541 1661 1626 1716 τέις

51 1745 211 1816 ὂχυρέις
245 1752 321 1798 καὶ
365 1748 435 1798 ἐπὶ
477 1745 562 1801 TE&
601 1748 766 1812 γωνίας
800 1746 886 1802 τέις
929 1742 1136 1814 ὑψηλάς.
1204 1743 1366 1814 ὀχυρέις
1396 1743 1480 1808 μὲν
1518 1743 1625 1810 γὰρ,

0 1855 33 1880 =0
51 1830 113 1881 ὡς
143 1829 274 1897 ἔφην,
300 1827 382 1882 τὰς
417 1828 730 1894 εὐανδροῦσας
765 1831 1004 1890 ἀποκαλεῖ,
1033 1830 1107 1879 καὶ
1133 1827 1261 1880 πολὺ
1291 1828 1399 1878 λίαν
1426 1825 1627 1894 ἐχούσας

50 1909 103 1961 τὸ
128 1909 333 1978 μάχιμον
358 1910 502 1976 γε’νος·
542 1913 707 1977 γωνίας
745 1910 894 1976 γεμὴν
932 1909 1122 1979 ὑψηλὰς
1158 1909 1241 1964 τὰς
1266 1910 1623 1976 τετειχισμένας.

51 1995 117 2044 ἀεὶ
149 1992 241 2060 γάρ
284 2016 383 2046 πως
427 1995 474 2043 ἐν
509 1997 608 2046 ταῖς
645 1997 739 2043 τῶν
780 1997 945 2060 τειχῶν
983 1997 1257 2058 περιβολαῖς
1296 1992 1544 2059 ἀνέχουσιν
1581 1994 1627 2041 αἱ

52 2077 228 2139 γωνίαι,
263 2077 337 2125 καὶ
373 2079 433 2128 εἷς
473 2075 680 2141 πύργους
720 2075 1021 2139 ἀνεστήκασι,
1061 2079 1154 2125 τῶν
1191 2075 1356 2125 ἄλλων
1392 2074 1627 2142 ὑψηλοτέ-

52 2179 172 2223 ρους.
244 2157 504 2223 ὅίΦοβερὸν
546 2158 626 2208 οὖν
676 2158 767 2223 ἄρα
817 2157 871 2208 τὸ
922 2159 1142 2221 ἐμπεσεῖν
1192 2161 1254 2210 εἷς
1301 2159 1457 2223 χεῖρας
1503 2158 1626 2205 Θεοῦ
1690 2165 1777 2196 Heb-
1795 2177 1826 2197 x

0 2246 82 2298 ³5“
105 2239 303 2306 ζῶντος”
341 2239 459 2290 κατὰ
493 2238 546 2290 τὸ
586 2238 925 2306 γεγραμμένον.
992 2238 1333 2307 ἀντιτετάξεται
1371 2236 1463 2303 γὰρ
1503 2218 1848 2306 a157'653a35192A.

104 2464 136 2498 3.
165 2452 262 2487 Haec
280 2457 345 2488 τῶν
361 2452 519 2487 τοιούτων
535 2458 755 2486 accesserunt
773 2463 814 2486 ex
833 2452 874 2486 B.
880 2452 926 2486 D.
975 2454 1033 2496 τῆς
1050 2463 1113 2496 pro
1129 2453 1199 2487 τοῖς
1216 2449 1262 2485 D.
1439 2462 1474 2507 4.
1498 2449 1629 2483 καθικο-

58 2499 167 2543 μένοις
185 2501 231 2534 D.
280 2503 340 2534 τοῦ
357 2498 606 2544 θαν.-κακοῖς]
627 2499 830 2534 τελευταίοις
846 2498 1007 2534 κινδύνοις
1025 2499 1072 2532 D.
1378 2506 1412 2541 5.
1437 2496 1549 2531 αυτοῖς
1566 2507 1628 2539 pro

59 2548 126 2583 τοῖς
144 2547 234 2583 Edd.
297 2546 455 2590 πολέμων
472 2546 574 2581 Pont.
638 2548 739 2581 πόλιν
756 2547 932 2589 κατειληφ.
951 2545 1017 2579 hoc
1034 2544 1154 2579 ordine
1173 2544 1215 2578 B.
1220 2544 1266 2578 D.
1514 2554 1547 2587 9.
1575 2543 1629 2575 οἷά

58 2607 107 2629 τις
124 2593 167 2628 Β.
185 2594 238 2629 οἱά
255 2609 291 2628 τε
309 2594 356 2628 D.
375 2593 466 2628 Edd.
790 2604 842 2626 11.
870 2593 923 2625 καὶ
940 2593 1139 2635 σκεμμάτων
1155 2603 1224 2625 om.
1244 2591 1290 2624 D.
1339 2589 1519 2639 μονονουχὶ
1536 2588 1628 2623 Edd.

62 2650 113 2674 12.
138 2643 204 2675 τῶν
219 2652 282 2686 pro
299 2641 357 2675 τὸν
372 2640 432 2674 iid.
482 2639 559 2675 ὅποι
575 2639 657 2674 ποτέ
673 2639 714 2674 Β.
719 2639 766 2673 D.
784 2639 860 2673 ὅποι
877 2638 1059 2681 πορευτέον
1078 2637 1446 2681 Edd.13.
1472 2638 1542 2669 εἶτα
1559 2639 1629 2670 πῶς

58 2700 89 2720 τ.
107 2687 192 2731 ἀμφ.
211 2700 280 2722 om.
300 2687 346 2721 D.
571 2698 624 2729 14.
651 2687 687 2720 δὲ
706 2686 748 2720 Β.
754 2686 799 2720 D.
815 2687 854 2730 δὴ
873 2685 964 2719 Edd.
1180 2694 1232 2726 15.
1257 2683 1333 2718 τοὺς
1349 2697 1520 2717 τακτικους
1538 2681 1628 2716 Edd.

59 2733 111 2766 καὶ
126 2733 493 2779 μὴν-περιεζωσμέναι
510 2745 580 2768 om.
600 2734 646 2767 D.
900 2731 953 2765 16.
979 2734 1044 2765 τῶν
1060 2731 1203 2765 accessit
1220 2743 1261 2764 ex
1277 2730 1319 2764 B.
1368 2730 1566 2773 περιβόλοις
1585 2728 1627 2763 Β.

57 2781 287 2823 περιβολαίοις
304 2780 396 2815 Edd.
632 2790 686 2825 17.
712 2779 894 2823 ἐζωσμέναι
914 2778 955 2812 Β.
1202 2777 1255 2811 18.
1281 2774 1477 2822 κραυγῆς]’
1461 2777 1563 2820 οργῆς
1581 2775 1628 2809 D.

58 2824 163 2870 ἡμέρα
179 2827 276 2871 prius
293 2827 439 2861 accessit
455 2839 496 2860 ex
515 2825 724 2861 B.deest'1n
743 2827 789 2860 D.
838 2828 898 2859 τοῦ
915 2836 984 2858 om.
1005 2824 1047 2858 B.
1065 2823 1169 2858 habet
1187 2823 1233 2858 D.
1450 2833 1504 2856 20.
1533 2822 1630 2856 Haec

59 2871 104 2907 ὣς
126 2873 212 2916 ἔφην
236 2879 454 2907 accesserunt
478 2886 520 2908 ex
546 2873 587 2908 Β.
592 2874 638 2908 D
703 2871 896 2917 καὶ-γένος
921 2883 990 2905 om.
1018 2871 1064 2904 D.
1486 2880 1540 2903 22.
1566 2872 1631 2903 τῶν

60 2926 279 2963 assumptum
298 2932 338 2954 ex
359 2920 398 2955 B.
406 2921 451 2954 D.
723 2931 777 2964 25.
808 2920 903 2953 Haec
922 2933 1003 2952 κατα
1020 2919 1057 2951 τὸ
1075 2932 1170 2962 γεγρ.
1189 2923 1367 2962 assumpta
1385 2928 1426 2950 ex
1444 2915 1491 2950 D.
1540 2930 1630 2950 αντι-

61 2965 193 3006 τάξεται
212 2966 301 3000 Edd.
