2018 3391
287 161 371 199 204
684 160 732 198 B.
777 159 1053 198 CYRILLI
1096 158 1477 200 ALEXANDR.
1742 156 1866 196 ii.11.

287 268 462 332 τύποις,
512 268 778 334 ἐγνώκαμεν
827 291 876 318 τε
926 268 1096 319 λοιπὸν
1140 271 1201 322 ὡς
1245 270 1327 320 οὐκ
1365 271 1414 320 ἐν
1465 267 1595 336 τόπῳ
1633 266 1687 318 τὸ
1733 271 1867 328 θεῖον,

67 367 153 439 [ἔρια
169 364 224 395 SS.
288 353 392 402 οὔτε
442 350 535 415 μὴν
580 358 606 379 “
626 352 688 401 ‘O
733 351 938 418 ὕψιστος
987 351 1036 400 ἐν
1085 351 1420 418 χειροποιήτοις
1462 355 1586 404 ναοῖς
1629 349 1866 412 κατοικεῖ,”

64 420 225 492 ᾎὲἓΡκννιῑιῑ.
287 439 469 500 πληροῖ
501 433 548 484 δὲ
582 437 773 495 μᾶλλον
811 432 1033 499 οὐρανούς
1071 455 1120 483 τε
1159 436 1233 484 καὶ
1272 436 1362 499 γῆν
1399 435 1474 484 καὶ
1513 432 1571 484 τὰ
1610 431 1868 497 κατωτέρω·

67 507 115 535 24'
287 517 505 584 ταύτῃτοι
542 517 760 582 πανταχῆ
795 538 845 566 τε
880 513 1021 566 αὑτὸν
1056 517 1132 566 καὶ
1166 517 1214 566 ἐν
1245 521 1394 567 πᾶσιν
1424 514 1537 567 εἶναι
1569 513 1871 567 πιστεύοντες

243 601 269 641 b
289 597 409 666 ᾗπερ
436 596 493 648 ἂν
521 597 713 653 ἕκαστος
739 596 804 648 ῶν
831 596 1055 666 τυγχάνῃ,
1085 599 1176 649 ἐκεῖ
1197 603 1392 649 ποιεῖται
1417 598 1503 662 τὴν
1527 596 1869 664 προσκύνησιν,
1891 608 1912 646 5

63 685 223 767 {53:23-
288 683 350 734 ὡς
376 679 516 746 ἐγγυς
555 681 676 747 ε”χων
714 680 795 731 τὸν
828 681 1030 745 λέγοντα
1064 680 1187 732 Θεόν
1220 687 1247 709 “
1269 679 1390 734 Θεὸς
1424 681 1618 747 ἐγγίζων
1641 680 1734 746 ἐγώ
1766 683 1871 743 εἰμι,

196 760 204 768 ι
287 770 314 792 “
339 763 470 828 λέγει
501 763 687 828 Κύριος,
714 765 789 814 καὶ
817 764 870 814 οὐ
897 762 1018 816 Θεὸς
1043 762 1328 830 πόρῥωθεν.”

358 844 537 896 Ἰστεόν
571 844 632 907 δὲ,
672 845 743 896 ὅτι
780 847 924 906 νήσους
956 845 1060 896 ἔσθ’
1097 845 1171 896 ὅτε
1209 844 1263 896 τὸ
1302 844 1499 912 γράμμα
1536 843 1590 896 τὸ
1630 843 1752 910 ἱερὸν
1789 843 1873 898 τὰς

284 929 540 993 ἐκκλησίας
591 930 832 991 ἀποκαλεῖ,
876 927 973 979 οἷον
1021 930 1069 979 ἐν
1118 927 1350 996 θαλάσσῃ
1401 927 1607 991 κειμένας
1658 930 1705 978 ἐν
1755 930 1873 997 τῷδε

284 1016 351 1080 τῷ
390 1012 571 1081 κόσμῳ,
616 1013 691 1062 καὶ
732 1016 914 1078 πικροῖς
959 1012 1099 1061 ὕδασι
1140 1011 1469 1079 περιχεομένας
1511 1015 1612 1065 ταῖς
1656 1012 1703 1061 ἐν
1747 1011 1872 1079 αὐτῷ
1896 1031 1943 1056 10

284 1092 619 1160 περιστάσεσι,
673 1098 748 1144 καὶ
795 1096 1046 1162 μονονουχὶ
1095 1094 1449 1160 ῥαγδαιοτάτοις
1499 1093 1675 1157 κύμασι
1731 1115 1873 1143 κατα-

286 1177 538 1241 παιομένας
588 1182 684 1230 τοῖς
733 1179 967 1243 διωγμοῖς,
1010 1175 1140 1240 πλὴν
1191 1177 1495 1230 ἀδιαπτώτως
1546 1174 1874 1241 ἐρηρεισμένας

247 1262 362 1310 οκαὶ
401 1260 664 1328 ἀνεχούσας
703 1261 844 1329 ὑψοῦ,
887 1262 962 1310 καὶ
1006 1264 1106 1314 ταῖς
1151 1259 1381 1327 θλίψεσιν
1420 1259 1472 1310 οὐ
1510 1257 1870 1325 βαπτιζομένας.

61 1340 219 1373 8.Μῑιῖὶ.Ιι.

61 1385 116 1416 wi
151 1388 187 1416 13
286 1341 538 1406 ἀκλόνητοι
574 1341 666 1408 γὰρ
705 1341 780 1392 διὰ
811 1343 1029 1408 Χριστὸν
1063 1345 1109 1392 αὶ
1139 1343 1398 1405 ἐκκλησίαι,
1428 1342 1546 1392 “καῖ
1578 1340 1726 1392 πύλαι
1760 1338 1874 1390 ἅδου

286 1431 312 1454 “
339 1425 392 1475 οὐ
434 1425 812 1493 κατισχύσουσιν
862 1425 1062 1475 αὐτῶν.”
1128 1426 1294 1475 οὐκοῦν
1343 1428 1380 1475 εὶ
1432 1422 1488 1488 δὴ
1538 1423 1761 1485 βούλοιτό
1804 1445 1873 1477 τις
1895 1447 1942 1487 15

285 1512 437 1571 νήσους
475 1510 589 1562 ἐθνῶν
628 1512 796 1561 ἐννοεῖν
830 1509 914 1563 τὰς
951 1509 1008 1578 ἐξ
1042 1511 1187 1560 ἐθνῶν
1224 1509 1491 1573 ἐκκλησίας,
1531 1509 1613 1559 οὐκ
1653 1509 1743 1577 ε”ζ-’ω
1787 1514 1871 1560 τοῦ

284 1594 546 1658 πρέποντος
586 1596 813 1654 βαδιεῖται
857 1597 1055 1643 σκοποῦ·
1103 1594 1163 1646 ὡς
1213 1590 1604 1658 περικλυζομένας
1652 1589 1737 1655 μὲν
1776 1595 1873 1645 τοῖς

284 1680 379 1727 τῶν
417 1680 693 1742 πειρασμῶν
728 1673 913 1738 σάλοις,
947 1674 1148 1742 ἐχούσας
1188 1673 1237 1724 δὲ
1276 1674 1330 1725 τὸ
1363 1674 1537 1739 πάγιον
1571 1675 1620 1724 ἐν
1653 1677 1869 1743 Χριστῷ,

285 1756 323 1828 ᾧ
349 1759 376 1823 ἡ
404 1758 522 1828 δόξα
550 1760 624 1809 καὶ
653 1757 707 1809 τὸ
734 1756 903 1825 κράτος
930 1761 992 1811 εἰς
1016 1756 1122 1811 τοὺς
1148 1761 1333 1812 αἰῶνας.
1400 1755 1569 1821 Ἀμήν.

337 1940 366 1962 1.
393 1928 486 1975 τύπῳ
506 1927 599 1962 Edd.
788 1939 821 1973 3.
848 1927 1018 1972 κατώτερα
1035 1926 1095 1961 ἰἰἀ.
1285 1934 1317 1969 5.
1343 1928 1477 1970 ποιῆται
1495 1925 1554 1960 iid.
1738 1936 1769 1970 7.
1796 1924 1873 1969 οὐχὶ

286 1987 350 2021 pro
368 1975 481 2009 01'1iid.
502 1975 603 2020 (vat.
624 1974 839 2020 Frid-Aug.)
1068 1985 1120 2008 10.
1146 1973 1388 2019 περιχεομένας
1409 1974 1450 2008 Β.
1468 1972 1709 2019 περιεχομένας
1725 1972 1760 2006 b.
1778 1971 1871 2006 Edd-

290 2034 343 2057 12.
369 2023 460 2066 πλὴν
477 2023 619 2057 accessit
639 2034 678 2056 ex
699 2022 780 2056 B.b.
998 2021 1050 2058 16.
1076 2021 1153 2056 ἄνευ
1171 2033 1235 2066 pro
1251 2021 1316 2065 ἕξω
1337 2020 1429 2056 Edd.
1679 2029 1802 2065 17-19,
1828 2019 1873 2054 ὣς

286 2069 591 2115 περικλυζ.-ἀμήν
609 2075 828 2104 accesserunt
846 2081 886 2103 ex
908 2069 949 2105 B.
