2049 3366
139 203 377 228 ΡΟΕΝΙΤΕΝΊῚ
387 207 405 228 Λ
415 223 420 228 .

139 311 356 354 Phoenices,
382 313 450 348 sub
481 313 629 348 nominc
657 313 894 348 Cretensium

189 376 363 425 descripti
399 380 475 413 596
507 390 548 418 a;
589 390 608 413 c
645 377 762 426 Libya
796 377 896 413 ducti

192 443 268 477 596
291 442 335 482 d;
370 445 445 478 597
468 456 497 478 e.

140 505 351 547 Phoenicia,
400 507 627 543 Judacorum
678 507 713 542 in
762 519 896 542 manus

191 570 327 606 tradita
349 573 424 607 482
447 584 478 606 a.

141 634 289 675 Phulas‚
329 635 407 671 Rex
443 636 630 684 Assyrius,
666 637 806 672 invadit
841 636 895 671 Is-

190 701 326 736 raelem
358 704 379 738 8
402 714 443 746 a;
479 705 528 738 92
551 715 596 747 a;
638 705 710 738 105
734 702 778 746 b;
820 702 894 736 Da-

192 778 356 801 mascum
391 767 500 815 capit,
533 767 659 803 Israeli
693 767 896 814 opitulatus

196 832 269 867 145
311 831 360 874 d;
429 832 656 872 Galaaditas,

192 895 367 931 victoriae
423 909 522 938 suae,
575 897 672 944 capit
724 899 796 933 176
846 896 894 937 b;

715 831 896 879 primitias

191 960 474 1007 transjordanos
522 961 673 997 abducit
722 963 798 997 200
847 961 893 1005 d;

192 1027 268 1061 304
297 1038 338 1070 c;
376 1026 556 1062 Judaeam
588 1026 753 1067 adortus,
782 1038 894 1074 pecu-

190 1089 251 1124 nia
317 1096 479 1138 accepta,
547 1091 640 1127 redit
709 1093 780 1127 391
843 1091 865 1126 (1
887 1104 894 1135 ;

191 1155 267 1190 659
291 1154 325 1190 d.

137 1218 271 1260 Pietas,
287 1232 396 1266 quam
414 1220 461 1255 sit
478 1220 577 1256 utilis
594 1223 641 1256 84
658 1221 680 1255 d
697 1236 703 1261 ;
736 1220 895 1256 delectat

190 1283 312 1319 Deum
336 1287 411 1320 208
430 1297 470 1330 e;
502 1298 576 1320 non
597 1285 632 1320 in
654 1285 750 1333 lege,
773 1285 838 1320 sed
858 1285 895 1320 in

191 1348 404 1396 disciplinae
446 1350 693 1397 Evangelicae
728 1350 895 1397 potentia

190 1413 328 1449 efficaci
350 1415 514 1450 cernitur
535 1416 612 1451 620
633 1414 668 1450 b.

137 1478 263 1520 Pinus,
289 1479 540 1526 metaphorice
571 1492 639 1529 pro
669 1479 895 1527 principibus

190 1544 329 1579 dictum
365 1547 440 1580 755
476 1557 516 1589 e;

189 1607 338 1644 civitate
361 1611 435 1645 785
458 1609 522 1645 bc.

136 1672 354 1717 Piscatores,

566 1557 632 1592 pro
665 1544 894 1579 Judaeorum

393 1674 560 1721 pluribus
609 1674 727 1709 modis
776 1680 893 1709 artem

189 1750 293 1774 suam
329 1746 505 1775 exercent
540 1742 617 1775 530
648 1752 688 1783 e3
734 1750 894 1786 sagenae

190 1815 278 1838 suae
299 1809 475 1850 tanquam
497 1804 706 1839 sacrificant
729 1805 803 1840 531
829 1816 861 1838 a.

137 1866 273 1911 Pisces,
291 1867 335 1902 de
352 1867 510 1903 sordidis
531 1868 734 1916 symbolice
754 1867 894 1903 dictum

191 1933 239 1967 67
271 1932 315 1975 b3
356 1937 508 1979 propter
542 1932 793 1972 timiditatem,
828 1944 894 1979 pro

192 1996 410 2044 Babyloniis
431 1996 572 2032 dictum
594 1998 665 2032 165
684 1997 761 2038 de;
792 1996 895 2044 vulgi

190 2074 256 2109 per
311 2061 492 2096 mundum
549 2061 728 2096 fluitantis
784 2067 895 2109 typus

192 2128 265 2162 581
289 2138 329 2170 e;
361 2130 399 2161 et
420 2126 511 2161 muti
532 2124 651 2169 simul,
674 2132 711 2161 et
730 2138 894 2167 voraceS,

191 2190 491 2226 Christianorum
542 2202 740 2238 pravorum
784 2196 895 2239 typus

193 2257 269 2292 530
291 2255 368 2299 ad;
400 2255 510 2290 variis
531 2255 652 2290 modis
674 2256 753 2303 capi
774 2255 896 2291 solent

192 2322 268 2356 530
290 2332 321 2355 e.

139 2385 348 2428 Placentae,
391 2384 553 2420 mellitae
598 2384 707 2420 idolis
749 2385 895 2421 oblatae

193 2452 241 2486 59
263 2449 307 2494 b;
339 2450 427 2485 item
449 2449 599 2484 militiae
620 2448 712 2484 coeli
735 2451 806 2484 311
832 2461 862 2484 c.

139 2515 287 2563 Plagae,
319 2515 354 2549 in
385 2514 497 2549 domo
527 2513 664 2554 dilecti,
700 2513 788 2561 quid
822 2513 895 2549 sint

192 2582 268 2616 790
290 2579 313 2614 d
328 2591 360 2615 e.

138 2645 325 2685 Planctus,
364 2656 385 2678 a
431 2642 607 2690 parabola
653 2641 895 2689 distinguitur

192 2712 267 2746 407
294 2721 315 2744 a
329 2721 339 2754 3
373 2707 603 2743 Judaeorum
633 2706 893 2754 periturorum,

190 2773 394 2821 lachrymis
415 2772 630 2808 orbatorum
659 2775 894 2818 comparatus

193 2840 268 2876 783
290 2851 309 2874 c
326 2850 366 2882 e;
400 2839 476 2874 784
497 2835 574 2881 ab3
604 2835 693 2871 item
716 2834 894 2883 agricola-

192 2916 286 2944 rum,
318 2902 511 2938 arboribus
545 2900 786 2948 spoliatorum
817 2888 892 2935 7'84

192 2980 212 3002 c
225 2967 270 3013 d;
301 2979 323 3002 a
335 2965 503 3013 Josepho
520 2970 749 3001 memoratur
764 2965 838 3000 785
853 2963 892 3007 b3

253 3041 345 3069 VOL,
369 3041 414 3068 II.

688 193 893 228 {NDEX
957 193 1199 229 RERUM.

1653 194 1727 227 729

1019 312 1198 354 tribuum,
1235 324 1347 359 quare
1387 310 1542 347 seorsim
1577 310 1727 346 futurus

1021 377 1250 413 describatur
1273 378 1347 412 785
1370 388 1389 411 c
1406 375 1440 411 d.

968 442 1125 483 l'latcae‚
1147 441 1320 477 lamentis
1348 445 1566 476 resonantes
1587 439 1725 474 descri-

1020 507 1160 543 buntur
1182 509 1257 543 305
1280 520 1311 542 c.

967 572 1188 616 Plaustrum,
1222 577 1418 619 gravatum
1453 576 1490 605 ct
1519 569 1727 617 ingemens,

1021 636 1092 672 Dei
1114 636 1330 683 patientiam
1353 634 1539 683 significat
1562 636 1637 669 273
1655 632 1724 668 ad.

967 701 1159 736 Plorantcs
1180 701 1309 748 recipit
1331 700 1503 737 Christus
1527 700 1602 735 806
1627 711 1660 734 a.

967 766 1161 801 Plumbum
1184 772 1294 814 typus
1311 765 1450 802 Christi
1472 762 1727 799 immunditias

1020 831 1213 878 purgantis
1235 833 1311 867 698
1333 831 1356 866 b
1373 843 1404 866 c.

966 895 1104 940 Pluvia,
1125 896 1245 943 figura
1271 895 1399 932 Sancti
1427 893 1587 942 Spiritus
1610 895 1658 928 55
1681 904 1724 935 c;

1019 961 1251 1007 tempestiva,
1319 959 1480 1000 Veteris,
1549 957 1724 997 serotina,

1020 1024 1134 1067 Novi,
1165 1025 1394 1061 Testamenti
1424 1030 1535 1072 typus
1565 1024 1615 1058 96
1643 1034 1662 1056 c
1679 1021 1725 1067 d;

1020 1088 1159 1126 Christi
1191 1090 1400 1138 symbolum
1432 1092 1480 1125 97
1504 1088 1585 1128 ab;
1627 1093 1721 1122 tem-

1019 1155 1162 1202 pestiva
1190 1161 1226 1190 et
1259 1154 1434 1197 serotina,
1465 1159 1501 1189 et
1531 1151 1724 1188 Mosaicae

1020 1219 1247 1266 disciplinae,
1265 1226 1302 1255 et
1318 1218 1583 1256 consolationis
1601 1217 1723 1252 Evan-

1019 1284 1159 1331 gelicae
1192 1291 1302 1332 typus
1335 1285 1411 1320 225
1443 1296 1483 1327 c;
1529 1288 1592 1318 aut
1627 1282 1724 1326 data,

1019 1354 1082 1383 aut
1097 1354 1244 1395 negata,
1261 1348 1412 1383 Gratiae
1427 1354 1538 1396 typus
1554 1348 1629 1383 292
1646 1359 1664 1381 c
1679 1346 1722 1391 d;

1019 1413 1202 1448 matutina
1248 1419 1284 1448 et
1333 1412 1507 1454 serotina,
1547 1411 1634 1458 quid
1678 1410 1726 1446 sit

1021 1480 1096 1513 744
1111 1477 1176 1522 de;
1205 1477 1413 1513 errantibus
1427 1483 1587 1524 negatur
1597 1478 1671 1512 745
1683 1476 1721 1520 d;

1021 1544 1096 1578 746
1111 1555 1131 1578 a
1146 1557 1153 1583 ;
1185 1555 1251 1590 pro
1268 1542 1522 1577 consolatione
1543 1541 1723 1588 spirituali

1019 1608 1170 1654 ponitur
1201 1609 1276 1643 746
1304 1619 1345 1651 c;
1385 1606 1657 1642 revertentibus
1687 1607 1724 1640 in

1020 1671 1139 1707 Deum

1019 1738 1096 1772 860
1118 1749 1150 1772 a.

965 1801 1100 1841 Poena,
1119 1801 1318 1848 impiorum
1341 1806 1461 1835 morte
1478 1799 1603 1834 durior
1619 1802 1667 1835 30
1681 1811 1721 1844 c;

1019 1878 1094 1900 non
1122 1866 1203 1901 Deo
1224 1864 1419 1901 tribuenda
1442 1866 1489 1900 32
1512 1877 1553 1909 a3
1589 1863 1723 1911 quibus

1018 1930 1064 1966 sit
1116 1930 1301 1966 destinata
1350 1932 1397 1966 32
1438 1941 1480 1973 e3
1541 1927 1724 1964 medicina

1389 1993 1458 2029 erit
1498 1993 1724 2040 sempiterna

1211 1671 1470 1718 peccatoribus
1541 1670 1724 1718 promissa

1018 1996 1163 2030 animae
1205 1997 1252 2030 33
1291 1995 1339 2039 b;

1019 2062 1063 2096 41
1086 2072 1126 2104 e;
1157 2058 1518 2106 transgressionibus
1538 2057 1722 2093 rationem

1017 2130 1288 2172 congruentem
1309 2123 1422 2159 habet
1445 2124 1521 2158 462
1544 2134 1575 2157 a.

966 2189 1208 2231 Poenitentia,
1266 2187 1369 2232 falsa,
1426 2186 1720 2227 idololatrarum,

1017 2254 1202 2300 descripta
1218 2255 1267 2288 95
1283 2265 1323 2297 a;
1356 2263 1451 2294 vera,
1468 2263 1560 2298 quos
1580 2250 1722 2286 fructus

1019 2318 1152 2354 habeat
1171 2319 1220 2353 95
1235 2317 1279 2362 b3
1312 2315 1563 2352 Sicimitarum
1589 2318 1662 2352 104
1679 2327 1720 2360 e;

1018 2383 1115 2418 salus
1149 2382 1259 2417 unica
1292 2385 1528 2428 peccatorum
1566 2381 1640 2416 139
1671 2379 1720 2424 d;

1020 2449 1096 2483 299
1123 2447 1167 2489 d;
1204 2447 1278 2481 461
1307 2446 1350 2490 b;
1387 2447 1464 2480 470
1488 2457 1529 2488 a;
1569 2455 1721 2480 necesse

1017 2517 1073 2547 est
1094 2523 1202 2558 quam
1232 2509 1481 2545 maturissime
1507 2507 1722 2544 instituatur

1022 2578 1095 2611 144
1125 2588 1166 2619 c;
1207 2576 1283 2610 590
1314 2586 1354 2619 e;
1412 2573 1483 2608 Dei
1528 2572 1719 2608 lenitatem

1017 2646 1142 2676 movet
1163 2642 1233 2676 191
1250 2651 1291 2683 e;
1320 2638 1472 2674 lenitate
1490 2637 1559 2673 Dei
1579 2637 1721 2673 moveri

1017 2705 1127 2741 debet
1170 2706 1242 2740 192
1281 2716 1325 2747 c;
1381 2702 1600 2738 sacrificium
1639 2701 1720 2737 Deo

1016 2769 1270 2818 gratissimum
1302 2770 1378 2804 210
1405 2767 1449 2811 b;
1490 2766 1609 2814 qualis
1638 2778 1719 2801 esse

1016 2834 1162 2875 debeat,
1185 2832 1408 2879 descriptum
1431 2833 1506 2867 218
1525 2831 1571 2871 d;
1603 2842 1718 2877 quan-

1016 2904 1096 2935 tum
1124 2897 1247 2933 valeat
1282 2896 1380 2944 apud
1413 2897 1533 2932 Deum
1568 2897 1644 2931 219
1676 2907 1717 2939 a3

1015 2963 1053 2998 in
1074 2962 1185 2999 corde
1205 2967 1273 3002 est,
1296 2973 1372 2996 non
1392 2960 1556 2996 vestibus
1579 2961 1654 2996 219
1677 2971 1717 3003 c;

1190 3037 1262 3076 5²¹*
