2007 3366
292 157 344 195 74-
681 157 730 197 B.
773 157 1051 197 CYRILLI
1098 157 1481 200 ALEXANDR.
1712 157 1737 197 i.
1762 169 1801 211 3,
1823 168 1863 207 4.

291 265 411 319 Θεὸς
437 265 529 332 γάρ
549 268 678 317 ἐστιν
703 267 897 333 ἀγαθός·
925 266 1054 330 πλὴν
1079 265 1195 317 ὅσον
1221 265 1330 333 ἧκεν
1355 272 1416 323 εἰς
1444 273 1552 318 νοῦν
1577 265 1659 317 τὸν
1685 264 1865 331 ἀνθρώ-

245 354 272 395 b
289 371 424 399 πινον
448 352 522 400 καὶ
547 350 667 415 πε’ρα
690 349 860 416 με’τρου
886 348 1062 402 παντὸς
1087 350 1362 414 ποιουμένου
1387 349 1442 401 τὸ
1466 349 1750 418 ἀνεξίκακον.

361 431 621 496 Ἐκβέβηκε
649 431 696 482 δὲ
723 435 798 482 καὶ
824 433 898 482 ἐπὶ
923 434 1123 500 Χριστῷ
1152 433 1197 483 τὸ
1236 436 1374 502 κρῖμα
1412 431 1762 502 διεστραμμένα,
1790 433 1866 482 καὶ

287 509 604 565 διεσκέὃαο-ται
645 515 670 563 ὁ
711 512 847 582 νόμος.
912 512 965 564 ὃν
998 513 1091 580 γὰρ
1121 512 1179 579 ἧν
1213 515 1398 578 ἄμεινον
1432 514 1778 581 καταγεραίρειν
1805 516 1866 567 ὡς

287 594 424 658 Θεὸν,
459 598 532 646 καὶ
567 594 641 646 διὰ
675 601 813 646 τοῦτο
847 595 1218 662 θαυματουργὸν,
1245 602 1650 667 συκοφαντοῦντες
1682 597 1735 647 οὐ
1761 599 1862 647 δια·
1887 614 1909 652 5

287 678 570 729 λελοίπασιν
605 681 646 728 οἱ
685 682 778 729 τῶν
802 677 1038 730 Ἰουδαίων
1065 683 1338 745 καθηγηταὶ,
1366 684 1441 731 καὶ
1476 685 1575 734 ταῖς
1609 684 1751 748 σφῶν
1778 680 1862 729 αὐ-

285 765 379 811 τῶν
406 760 768 827 ἀθυροστομιαις
794 760 949 813 πάντα
975 763 1180 817 σείοντες
1207 762 1380 825 κάλων,
1408 763 1538 813 οὐδεν
1563 766 1657 813 τῶν
1681 761 1869 813 ἀτόπων

286 845 429 906 ἐστιν,
462 842 487 894 ὃ
522 843 586 908 μὴ
625 849 856 895 κατειπεῖν
891 845 1032 895 αὐτοῦ
1063 844 1427 909 τετολμήκασιν·
1468 843 1528 900 ὥς
1562 866 1675 896 ποτε
1713 843 1796 906 μὲν
1821 846 1869 894 ἐν

66 932 199 1007 {51:23¹}
289 924 581 992 Βεελζεβουλ
622 924 764 977 αὐτον
798 925 1050 987 ἐκβάλλειν
1084 927 1265 978 οὶεσθαι
1305 927 1364 978 τὰ
1402 928 1629 991 δαιμόνια,
1668 925 1781 978 ποτὲ
1821 926 1869 977 δὲ

66 1020 192 1059 vii-34·
288 1009 363 1059 καὶ
403 1006 672 1076 φιλοπότην
706 1013 866 1060 καλεῖν
905 1011 980 1060 καὶ
1018 1012 1325 1072 δαιμονῶντα.
1394 1007 1491 1061 εἶτα
1529 1009 1632 1061 δέον
1671 1007 1870 1074 Σωτῆρά

250 1113 339 1145 ere
381 1092 456 1142 καὶ
493 1089 750 1157 Λυτρωτὴν
789 1096 882 1142 τῶν
922 1091 1050 1142 ὅλων
1089 1091 1230 1143 αὐτὸν
1264 1091 1517 1159 ὀνομάζειν,
1556 1090 1871 1143 ἀπεκτόνασιν

289 1174 509 1234 ἀνοσίως,
552 1170 829 1243 διάστροφον
870 1173 956 1238 τὴν
993 1177 1165 1243 ψῆφον
1202 1176 1270 1227 ἐπ’
1310 1176 1434 1245 αὐτῷ
1473 1175 1789 1244 ἐξενεγκόντες
1829 1177 1871 1224 οἱ

67 1263 192 1339 ξιὲᾞῑ·”
290 1256 496 1318 δείλαιοι,
532 1257 679 1307 καίτοι
720 1262 803 1307 τοῦ
848 1255 992 1321 νόμου
1036 1256 1386 1324 διηγορευκότος
1428 1262 1599 1326 σαφῶς
1641 1265 1667 1287 ‘⁶
1685 1258 1871 1326 Ἀθῷον

92 1333 99 1338 .
153 1333 159 1339 .
179 1327 203 1347 ,.

289 1345 318 1367 “
341 1339 417 1389 καὶ
455 1339 630 1390 δίκαιον
665 1339 747 1390 οὐκ
782 1340 1088 1394 ἀποκτενεῖς.”
1154 1342 1372 1408 ἐπῃτιᾶτο
1404 1339 1452 1391 δὲ
1487 1342 1561 1391 καὶ
1592 1340 1755 1406 ἑτερως
1781 1340 1863 1390 αὐ·

289 1420 396 1474 τοὺς
441 1422 466 1472 ὁ
511 1419 737 1488 Χριστὸς,
779 1424 841 1475 ὡς
886 1421 1004 1489 ὀρθὰ
1049 1425 1124 1473 καὶ
1168 1423 1320 1474 δίκαια
1361 1427 1551 1491 φρονεῖν
1589 1423 1671 1473 οὐκ
1709 1424 1869 1490 ἀνεχο-

291 1503 471 1568 μένους,
501 1503 632 1555 ἀλλὰ
655 1509 935 1559 σιωπῶντας
960 1504 1057 1568 μὲν,
1079 1508 1152 1556 καὶ
1176 1505 1258 1556 τὸν
1284 1509 1365 1569 τῆς
1391 1505 1591 1559 διανοίας
1618 1505 1872 1573 ὀφθαλμὸν

291 1590 427 1639 οἱονεὶ
476 1587 797 1651 καταμύοντας
831 1589 902 1657 ἐφ’
949 1587 1017 1642 οἷς
1059 1587 1118 1639 ἂν
1159 1587 1288 1654 λέγοι
1334 1591 1563 1651 Μωυσῆς,
1603 1588 1750 1638 καίτοι
1789 1587 1872 1638 τὸν

290 1672 366 1722 ἐπὶ
390 1670 627 1740 σαββάτῳ
653 1670 912 1737 παραλύων
938 1671 1095 1734 νόμον·
1138 1671 1515 1737 ἐπιθρώσκοντας
1546 1669 1610 1733 δὲ,
1641 1673 1715 1721 καὶ
1740 1669 1873 1733 μάλα

248 1758 480 1820 ἀπικρῶς,
532 1754 602 1821 ἐφ’
655 1751 721 1806 οἷς
767 1751 825 1804 ἂν
874 1753 1012 1808 αὐτὸς
1063 1752 1317 1819 ἐργάσαιτο
1367 1758 1460 1804 τῶν
1511 1757 1782 1819 θεοπρεπῶν
1825 1753 1873 1802 ἐν

70 1850 216 1899 s3'J0an.
292 1836 544 1904 σαββάτῳ·
585 1834 676 1905 ε”φη
714 1834 807 1901 γὰρ
842 1836 987 1889 οὕτως
1014 1834 1144 1886 αὖΕν
1176 1835 1312 1901 ἔργον
1350 1837 1563 1899 ἐποίησα,
1597 1839 1670 1886 καὶ
1702 1834 1871 1888 πάντες

72 1904 126 1976 ξιξ]
146 1903 179 1924 ²¹
293 1925 320 1947 “
346 1916 610 1984 θαυμάζετε.
676 1916 751 1967 διὰ
791 1923 930 1969 τοῦτο
974 1920 1189 1981 Μωυσῆς
1231 1917 1424 1968 δέδωκεν
1465 1919 1570 1980 ὑμῖν
1610 1917 1695 1981 τὴν
1738 1940 1867 1984 περι-

294 2007 320 2030 “
349 1999 511 2064 τομὴν,
538 2001 624 2068 οὐχ
663 1999 733 2050 ὅτι
770 2001 819 2051 ἐκ
856 2005 939 2051 τοῦ
980 2000 1225 2053 Μωυσέως
1264 2001 1407 2062 ἐστὶν,
1439 2001 1549 2050 ἀλλ’
1585 1999 1654 2051 ὅτι
1693 2002 1742 2052 ἐκ
1779 2004 1874 2052 τῶν

294 2090 321 2111 “
344 2083 576 2148 πατέρων,
631 2084 705 2132 καὶ
749 2084 797 2133 ἐν
847 2080 1086 2150 σαββάτῳ
1143 2082 1433 2147 περιτέμνετε
1491 2082 1756 2149 ἄνθρωπον.
1835 2087 1873 2134 εἱ

296 2172 322 2194 “
347 2164 602 2231 περιτομὴν
637 2164 871 2228 λαμβάνει
906 2164 1151 2230 ἄνθρωπος
1190 2166 1237 2214 ἐν
1274 2164 1510 2235 σαββάτῳ
1548 2166 1623 2216 ἵνα
1652 2166 1717 2231 μὴ
1749 2170 1873 2234 λυθῇ

297 2256 322 2276 “
351 2249 376 2298 ὁ
403 2246 542 2310 νόμος
584 2247 844 2310 Μωυσέως,
876 2248 976 2312 ἐμοὶ
1010 2252 1184 2314 χολᾶτε
1224 2246 1293 2298 ὅτι
1332 2248 1580 2314 ἄνθρωπον
1614 2247 1728 2299 ὅλον
1767 2250 1872 2314 ὑγιῆ

298 2337 324 2358 “
349 2330 549 2393 ἐποίησα
590 2332 638 2380 ἐν
681 2330 948 2399 σαββάτῳ;
992 2329 1055 2393 μὴ
1097 2331 1268 2396 κρίνετε
1314 2329 1412 2380 κατ’
1456 2329 1584 2398 ὄψιν,
1619 2329 1750 2381 ἀλλὰ
1788 2329 1874 2396 τὴν

259 2420 324 2461 ο“
350 2414 529 2463 δικαίαν
567 2413 721 2479 κρίσιν
760 2413 973 2479 κρίνετε.”

349 2611 377 2633 1.
404 2599 472 2643 ἥκει
491 2598 583 2633 Edd.
648 2599 705 2633 τὸν
722 2609 791 2632 om.
812 2597 858 2632 D.
1086 2612 1118 2641 4.
1145 2600 1163 2631 ὁ
1181 2608 1402 2642 assumptum
1418 2608 1458 2630 ex
1478 2597 1524 2631 D.
1760 2607 1794 2643 5.
1819 2612 1873 2632 και

300 2647 354 2679 διὰ
371 2648 470 2680 τοῦτο
486 2647 584 2689 θαυμ.
603 2657 672 2680 om.
692 2645 737 2679 D.
966 2645 999 2679 6.
1024 2646 1131 2680 αὐτῶν
1148 2657 1217 2679 om.
1238 2645 1281 2679 B.
1509 2653 1540 2688 7.
1567 2643 1641 2678 ἐστι
1659 2647 1724 2679 τῶν
1740 2644 1874 2680 ἀτόπων

300 2693 437 2726 inverso
454 2693 575 2727 ordine
594 2692 640 2726 D.
798 2692 831 2726 8.
859 2692 959 2726 αὐτοῦ
976 2693 1119 2726 accessit
1136 2704 1176 2726 ex
1197 2692 1238 2726 B.
1310 2691 1410 2724 αὐτὸν
1426 2690 1461 2724 ἐν
1477 2691 1513 2730 β.
1531 2691 1670 2725 inverso
1686 2691 1808 2725 ordine
1826 2692 1873 2726 D.

305 2750 358 2773 10.
385 2741 497 2773 καλεῖν
514 2740 566 2773 καὶ
585 2740 789 2783 δαιμονῶντι]
806 2738 873 2774 hoc
890 2738 1011 2773 ordine
1030 2740 1075 2773 D.
1095 2740 1311 2783 δαιμονιῶντιι
1330 2737 1420 2771 Edd.
1615 2749 1667 2772 11.
1685 2753 1720 2771 τε
1739 2750 1809 2773 om.
1826 2738 1872 2773 D.

302 2785 394 2829 ὀνομ.
413 2786 512 2819 αὐτὸν
532 2787 576 2821 D.
992 2797 1044 2820 12.
1071 2785 1121 2820 ἐπ’
1139 2786 1228 2831 αὐτῷ
1244 2785 1303 2828 τὴν
1318 2785 1363 2829 ψ.
1380 2792 1414 2818 et
1431 2785 1518 2829 σαφ.
1536 2784 1623 2830 διηγ.
1642 2785 1713 2818 inv.
1731 2784 1806 2819 ord.
1827 2785 1872 2819 D.

305 2843 358 2873 14.
384 2832 593 2866 ἀποκτενεῖτε
613 2833 658 2867 D.
938 2842 989 2877 17.
1015 2834 1114 2868 οἱονεὶ
1131 2844 1200 2867 om.
1222 2831 1263 2866 Β.
1529 2833 1580 2865 18.
1607 2831 1678 2877 ἐπὶ]
1703 2835 1738 2871 4-
1759 2834 1805 2877 τῷ
1827 2832 1872 2866 D.

301 2878 517 2921 παραλύοντα
535 2880 580 2913 Ι).
646 2880 924 2924 ἐπιθρωσκόντων
942 2879 1033 2914 Edd.
1342 2889 1393 2922 19.
1421 2877 1603 2922 ἐργάσαιτο
1620 2879 1719 2914 αὐτὸς
1735 2878 1873 2912 inverso

302 2925 421 2961 ordine
440 2925 485 2958 l).
535 2941 565 2959 τι
583 2926 664 2960 add.
686 2927 774 2960 Edd.
796 2927 904 2961 invito
924 2927 969 2960 Ι).
1083 2938 1137 2969 24.
1164 2928 1181 2959 ὁ
1199 2925 1371 2967 ἅνθρωπος
1387 2926 1551 2968 λαμβάνει
1571 2925 1616 2960 D.
1739 2936 1792 2971 ²5·
1817 2925 1873 2961 ἅν-

303 2972 438 3017 θρωπον
455 2971 536 3007 ὅλον
553 2972 618 3007 hoc
636 2973 757 3008 ordine
776 2974 867 3008 B.D.
930 2974 1072 3017 ἐποίησα
1091 2974 1165 3018 ὑγιῆ
1183 2973 1319 3007 inverso
1337 2971 1457 3006 ordine
1478 2971 1524 3006 D.

1894 1036 1941 1061 10

1892 1861 1942 1885 20
