1997 3361
58 131 84 172 i.
111 145 147 174 2.
435 133 504 173 IN
548 133 966 174 ZACIIARIAM.
1027 132 1179 171 '1¹OM.
1219 130 1253 170 Ι.
1552 127 1632 166 285

60 245 227 303 κακοῖς,
254 242 599 311 κατοιμώξουσι
629 247 820 309 πικρῶς,
848 247 884 294 εἰ
920 241 984 306 μὴ
1018 241 1200 292 ἕλοιντο
1231 235 1493 307 σωφρόνως
1520 237 1636 286 ἀπο-

60 322 336 389 σπουδάζειν
388 324 472 389 μὲν
523 325 581 376 τὰ
632 327 828 387 ἐκείνων,
883 325 1128 393 φροντίδος
1186 320 1331 388 γεμὴν
1372 323 1446 371 καὶ
1488 317 1636 383 λόγου

61 404 232 459 παντὸς
268 406 428 474 ἀξιοῦν
463 407 516 458 τὸ
548 410 747 473 θυμῆρες
773 410 894 475 Θεῷ.
965 404 1084 476 ὀργὴν
1119 404 1166 455 δὲ
1198 400 1402 472 μεγάλην
1429 399 1634 469 ὠργίσθαι

62 489 184 555 φησὶ
210 487 291 538 τὸν
317 493 409 539 τῶν
436 489 560 540 ὅλων
587 488 1004 558 κατεξουσιάζοντα
1030 487 1166 549 Θεὸν,
1193 487 1273 536 οὐκ
1305 484 1636 535 ἀναπόδεικτον

21 586 42 625 5
64 573 195 639 ἀφεὶς
218 575 278 624 εἰς
305 572 358 622 τὸ
385 573 569 640 ἀτρεκὲς
595 574 677 625 τὸν
703 574 862 640 λόγον,
889 572 999 623 ἀλλ’
1027 572 1082 640 ἐξ
1116 569 1181 621 ῶν
1219 569 1306 634 ἤδη
1336 568 1635 634 πεπείρανται

65 655 140 703 καὶ
164 653 470 717 πεπόνθασιν,
498 655 566 706 ὅτι
592 656 656 720 μὴ
681 657 783 707 ἔστι
808 654 1072 725 ψευδοεπὴς
1098 653 1386 721 ἀποφαίνων.
1451 651 1518 715 εἰἠ
1545 649 1636 717 γὰρ
1655 673 1675 698 ο

65 734 123 786 ἂν
149 737 201 786 οὐ
233 739 315 796 τῆς
341 737 574 804 τυχούσης
613 738 975 804 ἀγανακτήσεως
1014 737 1201 804 ἔνδειξις
1239 733 1293 785 τὸ
1332 736 1506 803 ἐφεῖναι
1542 737 1638 786 τοῖς

68 819 386 879 Βαβυλωνίοις
414 824 711 888 καταδῃῶσαι
738 819 822 884 μὲν
848 818 1041 871 ἅπασαν
1070 818 1154 882 τὴν
1180 816 1420 878 Ἰουδαίαν,
1449 817 1523 865 καὶ
1548 814 1639 865 σὺν

67 901 183 968 αὐτῇ
217 899 301 964 τὴν
337 900 616 969 Σαμάρειαν,
643 905 969 967 κατεμπρῆσαι
1004 900 1050 952 δὲ
1084 902 1158 951 καὶ
1189 898 1306 950 αὐτὰ
1330 897 1389 948 τά
1417 895 1539 963 ἅγια,
1566 898 1640 946 καὶ

2 1002 49 1027 10
69 981 375 1051 κατασκάψαι
414 983 499 1048 τὴν
537 984 864 1051 Ἰερουσαλήμ·
908 985 982 1033 καὶ
1027 981 1109 1033 τὸν
1143 980 1404 1032 ἀπόλεκτον
1442 978 1643 1045 Ἰσραὴλ

69 1066 308 1131 ἀποφῆναι
333 1065 564 1128 μέτοικον,
594 1070 785 1132 οἰκτρῶς
823 1066 897 1115 καὶ
936 1066 1141 1117 ἐλεεινῶς
1172 1065 1219 1113 ἐν
1253 1065 1505 1129 ἀλλοδαπῇ
1532 1065 1638 1112 δου-

70 1145 280 1209 λεύοντα,
306 1151 382 1197 καὶ
419 1148 674 1199 δύσοιστον
708 1147 996 1209 ὑπομένοντα
1034 1145 1368 1210 ταλαιπωρίαν,
1396 1146 1469 1194 καὶ
1502 1142 1647 1194 ἁπτό-

70 1251 208 1291 μενον
252 1227 337 1292 μὲν
380 1234 556 1281 θυσιῶν
598 1229 764 1292 οὐκέτι,
810 1230 891 1280 οὐκ
932 1230 1078 1292 αὐλῆς
1129 1227 1241 1278 ε’ίσω
1287 1231 1523 1295 φοιτῶντα
1566 1228 1648 1288 τῆς

72 1314 206 1376 ἱερᾶς,
247 1313 328 1362 οὐκ
361 1313 657 1379 εὐχαριστίας
692 1311 1001 1378 προσάγοντα
1039 1308 1158 1360 κατὰ
1196 1307 1355 1372 νόμον,
1384 1307 1412 1372 ἣ
1440 1307 1646 1370 δεκάτας,
1667 1317 1693 1357 d

7 1392 100 1458 155}
140 1393 366 1461 ἀπαρχάς·
407 1394 672 1461 εἰργόμενον
713 1394 774 1457 δὲ,
810 1396 871 1447 ὡς
909 1394 965 1462 ἐξ
1000 1392 1206 1458 ἀνάγκης
1245 1393 1318 1442 καὶ
1358 1390 1532 1459 φόβου,
1574 1392 1648 1440 καὶ

72 1481 154 1526 τοῦ
203 1479 370 1543 χρῆναι
420 1482 570 1528 τελεῖν
616 1476 700 1531 τὰς
749 1476 1081 1540 νενομισμένας
1126 1475 1251 1544 αὐτῷ
1296 1475 1370 1524 καὶ
1417 1471 1649 1541 φιλτάτας

72 1557 251 1624 ἑορτάς.
306 1560 471 1610 οὐκοῦν
497 1559 678 1630 ὠργίσθη
707 1558 854 1628 Κύριος
878 1560 950 1610 ἐπὶ
979 1556 1074 1613 τοὶς
1109 1555 1309 1627 πατέρας
1343 1556 1495 1606 αὐτῶν
1531 1553 1649 1625 ὀργὴν

74 1641 294 1708 μεγάλην.

147 1723 462 1792 Ἐπιφωνήσῃ
490 1725 532 1774 δ’
561 1724 618 1775 ἄν
643 1747 711 1778 τις
735 1723 794 1774 τὰ
819 1723 969 1775 τοιάδε
993 1725 1068 1775 καὶ
1094 1727 1188 1775 τοῖς
1211 1721 1448 1773 Ἰουδαίοις
1474 1719 1648 1783 δήμοις,

11 1827 59 1852 20
77 1803 202 1870 εἴπερ
256 1805 407 1856 ἕλοιτο
469 1811 798 1872 μυσταγωγεΐν
851 1808 924 1857 ἐπὶ
986 1804 1040 1855 τὸ
1091 1808 1307 1871 Χριστοῦ
1370 1801 1644 1868 μυστήριον.

77 1885 232 1950 ἐπειδὴ
270 1886 362 1953 γὰρ
400 1888 684 1940 ἀπεκτόνασι
717 1886 822 1941 τοὺς
856 1886 1120 1955 προφήτας,
1151 1887 1226 1937 καὶ
1267 1884 1408 1936 αὐτὸν
1443 1884 1490 1935 δὲ
1526 1891 1551 1913 “
1569 1883 1650 1934 τὸν
1711 1887 1820 1960 {1201-

80 1975 106 1997 ‘⁶
126 1967 301 2034 Κύριον
325 1971 407 2032 τῆς
434 1968 574 2037 δόξης
601 1969 951 2036 ἐσταύρωσαν,”
970 1969 1190 2019 ἑάλωσαν
1217 1969 1292 2018 καὶ
1317 1966 1648 2033 πεπόρθηνται.
1668 1988 1688 2014 e

80 2052 362 2116 κατεσείσθη
389 2050 437 2101 δὲ
472 2053 547 2101 καὶ
581 2050 718 2104 αὐτὸς
755 2053 778 2102 ὁ
813 2051 1058 2116 διαβόητος
1090 2049 1213 2112 νεῶς,
1242 2051 1315 2100 καὶ
1347 2048 1650 2114 πεπλήρωται

81 2131 249 2184 λοιπὸν
283 2132 351 2183 ἐπ’
379 2135 531 2186 αὐτοῖς
564 2131 618 2184 τὸ
654 2132 728 2183 διὰ
762 2136 920 2200 φωνῆς
945 2133 1103 2196 Ὠσηέ
1123 2139 1150 2162 “
1175 2129 1311 2183 Διότι
1336 2131 1507 2198 ἡμέρας
1532 2139 1652 2182 πολ-
1713 2141 1854 2172 ΗοΞ-ἰίῐ·

16 2225 64 2264 25
83 2221 110 2243 “
135 2213 225 2267 λάς
258 2216 530 2265 καθίσονται
562 2218 604 2265 οἱ
639 2216 724 2265 υἱοὶ
749 2215 964 2280 Ἰσραὴλ,
995 2215 1077 2264 οὐκ
1112 2215 1244 2266 ὄντος
1282 2213 1521 2275 βασιλέως
1550 2212 1652 2264 οὐδὲ

85 2304 111 2326 “
141 2296 271 2350 ὄντος
307 2298 546 2364 ἄρχοντος,
572 2297 653 2347 οὐκ
691 2297 836 2360 οὔσης
875 2296 1041 2350 θυσίας
1076 2295 1178 2346 οὐδὲ
1217 2294 1349 2349 ὄντος
1389 2299 1650 2358 θυσιαστη-

87 2385 114 2407 “
139 2379 259 2445 ρίου,
289 2380 390 2430 οὔτε
417 2379 647 2446 ἱερατείας,
668 2379 769 2429 οὔτε
797 2377 996 2441 δήλων.”
1038 2377 1107 2428 ὅτι
1135 2376 1187 2428 δέ
1207 2381 1325 2427 εἰσιν
1350 2375 1654 2444 αἰχμάλωτοι,

87 2463 162 2512 καὶ
207 2460 296 2512 ὑπὸ
335 2466 465 2528 χεῖρα
503 2461 613 2515 τέως
648 2459 920 2524 διαβολικὴν
961 2459 1386 2526 προσκεκρουκότες
1426 2462 1546 2527 Θεῷ,
1582 2460 1655 2508 καὶ

88 2544 427 2611 ἀπεῤῥιμμένοι,
453 2546 526 2595 καὶ
553 2543 740 2607 ἀπάσης
766 2542 856 2611 ἔξω
883 2546 1067 2609 φειδοῦς
1094 2545 1175 2605 τῆς
1200 2541 1376 2592 ἄνωθεν
1401 2540 1655 2606 γεγονότες,

139 2768 171 2802 3.
196 2757 299 2801 ὀργὴν
316 2757 352 2791 δὲ
369 2758 517 2803 μεγάλην
535 2769 603 2791 om.
623 2758 670 2791 D.
721 2756 845 2790 Statim
862 2755 1055 2801 ὀργίζεσθαι
1074 2755 1120 2789 D.
1513 2767 1546 2796 4.
1573 2756 1659 2788 Θεὸν

93 2804 392 2846 κατεξουσιάζοντα
409 2805 494 2838 Θεὸν
512 2804 603 2838 Edd.
622 2811 701 2838 ante
721 2804 853 2847 Migne.
1107 2813 1159 2835 12.
1186 2800 1407 2846 ὑπομένοντα]
1431 2805 1467 2840 -†-
1489 2801 1548 2844 τὴν
1566 2801 1657 2835 Edd-

92 2850 201 2884 invito
219 2851 265 2884 D.
513 2862 563 2893 14.
590 2851 803 2896 εὐχαριστίας
822 2850 867 2883 D.
885 2849 1102 2894 εὐχαριστίαν
1120 2848 1211 2882 Edd.
1458 2858 1512 2881 20.
1538 2846 1593 2892 τὸ]
1618 2852 1654 2887 -ff-

94 2900 153 2931 τοῦ
174 2897 218 2931 D.
362 2909 416 2931 21.
442 2898 541 2931 αὐτὸν
560 2898 650 2931 Β.Ι).
667 2898 798 2941 Migne.
817 2897 923 2930 αὐτῶν
942 2895 1032 2929 Edd.
1201 2906 1254 2929 22.
1281 2895 1436 2928 ἑάλωσαν
1455 2895 1506 2927 καὶ
1524 2905 1593 2929 om.
1614 2895 1658 2929 D.

97 2954 150 2986 24.
178 2945 270 2977 Διότι
290 2944 334 2977 D.
355 2945 404 2977 ὅτι
424 2944 513 2978 Edd.
705 2944 757 2977 26.
785 2943 859 2988 οὐκ]
881 2943 955 2976 οὐδὲ
976 2943 1020 2976 l).
1040 2941 1160 2986 (vat.)
