2053 3382
87 1353 168 1389 777
185 1351 237 1404 A*-

87 1403 176 1432 Acta
192 1402 245 1433 ὃὸ.

87 1446 249 1486 App.xiii.

88 1490 139 1528 46,
156 1498 208 1530 47·

84 1857 138 1888 ΡΞ.

84 1901 246 1942 lxxxvi.3.

311 196 395 236 482
712 195 762 235 Β.
807 192 1077 234 CYRILLI
1118 193 1504 235 ALEXANDR.
1768 196 1839 236 xii.
1856 206 1895 251 5.

312 303 355 353 οἳ
392 308 469 354 καὶ
507 304 642 370 ἐροῧσί
673 306 825 370 φησιν
852 303 889 354 ἐν
915 305 1016 358 ταῖς
1046 300 1254 372 καρδίαις
1289 303 1428 355 αὐτῶν
1461 304 1698 373 Εὸρῆο-ομεν
1734 305 1900 359 ἑαυτοῖς

311 384 407 438 τους
449 385 763 439 κατοικοῦντας
802 384 840 435 ἐν
872 383 1161 454 Ἰερουσαλὴμ
1200 386 1237 436 ἐν
1276 388 1411 455 Κυρίῳ
1450 385 1763 455 παντοκράτορι
1800 392 1901 456 Θεῷ

312 465 468 516 αὐτῶν.
519 465 779 529 ἐπεθύμουν
813 465 897 530 μὲν
923 465 1018 532 γὰρ
1053 470 1096 517 οὶ
1131 465 1375 517 θεσπέσιοι
1409 470 1614 532 μαθηταὶ
1649 466 1735 531 τὴν
1761 468 1901 532 ἁγίαν

309 546 454 600 ὅντως
485 546 786 616 Ἰερουσαλὴμ,
826 547 1044 599 τουτέστι
1082 547 1167 612 τὴν
1191 549 1498 612 Ἐκκλησίαν,
1537 549 1901 612 μεμεστωμένην

309 630 512 694 ὁρᾶσθαι
558 634 917 695 προσκυνητῶν,
963 631 1038 680 καὶ
1085 630 1161 681 οἷά
1204 653 1307 682 τινα
1352 630 1496 682 πόλιν
1538 633 1772 699 περιφανῆ
1823 633 1896 681 καὶ
1917 643 1939 681 5

308 711 518 775 ἀοίδιμον
542 711 826 782 πολυάνδρῳ
852 711 1035 776 πληθύϊ
1064 717 1160 763 τῶν
1185 712 1485 764 ἐνοικούντων
1513 713 1560 763 εὖ
1589 713 1721 776 μάλα
1747 735 1891 763 κατα-

307 792 638 857 σεμνύνεσθαι.
703 796 779 844 καὶ
818 800 933 860 γοῦν
976 793 1273 860 διεκήρυττον
1310 794 1395 859 τὴν
1432 796 1610 857 πίστιν,
1655 795 1896 860 εὐηγγελί-

269 895 290 920 e
309 874 442 941 ζοντο
468 873 550 926 τὸν
575 875 781 939 Ἰησοῦν,
808 877 1017 939 σημείοις
1048 899 1097 926 τε
1133 878 1208 927 καὶ
1236 876 1427 942 τερασιν
1453 875 1899 944 ἐπισφραγιζόμενοι

308 956 415 1010 τοὺς
452 956 562 1022 παρ’
595 958 772 1008 ἑαυτῶν
811 956 1001 1023 λόγους.
1069 957 1199 1022 πλὴν
1237 959 1320 1009 οὐκ
1359 958 1519 1010 ε”πιθον
1557 958 1640 1009 τὸν
1674 957 1894 1024 Ἰσραήλ·

307 1038 628 1102 άπομεμένηκε
673 1040 730 1103 δὴ
769 1037 983 1105 σκληρός
1024 1062 1074 1090 τε
1119 1042 1193 1090 καὶ
1239 1039 1459 1104 ἀκαμπὴς
1503 1043 1579 1091 καὶ
1625 1039 1721 1091 οἷον
1758 1040 1899 1094 ἵππος
1923 1061 1968 1086 10

307 1118 502 1188 ἔξήνιος.
555 1120 774 1188 ταύτῃτοι
809 1121 982 1172 λοιπὸν
1016 1121 1203 1188 ἐζήτουν
1237 1123 1414 1175 ἑαυτοῖς
1449 1121 1547 1177 τοὶς
1585 1123 1900 1176 κατοικοῦντας

308 1201 394 1266 τὴν
421 1202 560 1268 ἁγίαν
585 1203 730 1254 πόλιν
756 1203 795 1254 ἑν
824 1206 962 1274 Κυρίῳ
990 1204 1304 1272 παντοκράτορι
1342 1210 1441 1273 Θεῷ
1477 1203 1628 1266 αὐτῶν,
1656 1202 1900 1254 τουτέστιν

311 1285 358 1334 ἐν
407 1288 621 1354 Χριστῷ,
673 1288 749 1335 καὶ
799 1284 855 1349 δὴ
906 1287 981 1336 καὶ
1032 1285 1291 1351 ἐτράποντο
1341 1285 1459 1351 πρὸς
1509 1285 1570 1337 τὰ
1622 1286 1750 1350 ἔθνη,
1804 1291 1900 1339 τοῖς

272 1362 548 1417 ξιἸουδαίων
608 1366 770 1431 δήμοις
832 1367 1218 1434 ἐπιφωνήσαντες
1278 1369 1465 1431 ιίεΥμῖν
1526 1367 1583 1432 ἧν
1644 1369 1900 1432 ἀναγκαῖον

310 1454 338 1476 “
363 1451 553 1513 πρῶτον
588 1451 855 1512 λαληθῆναι
890 1448 972 1499 τὸν
1007 1450 1156 1514 λόγον
1187 1455 1270 1501 τοῦ
1308 1453 1447 1500 Θεοῦ·
1494 1449 1649 1514 ἐπειδὴ
1685 1448 1735 1500 δὲ
1770 1450 1898 1500 ἀπω-
1921 1468 1967 1506 15

309 1537 336 1560 “
363 1535 523 1581 θεῖσθε
562 1530 703 1581 αὐτὸν
738 1534 814 1581 καὶ
853 1532 935 1581 οὐκ
969 1531 1128 1600 ἀξίους
1167 1532 1340 1597 κρίνετε
1379 1532 1567 1585 ἑαυτοὺς
1600 1534 1682 1595 τῆς
1713 1532 1899 1582 αἰωνίου

310 1619 337 1642 “
364 1611 500 1678 ζωῆς,
557 1611 655 1662 ἰδοὺ
706 1611 1014 1679 στρεφόμεθα
1065 1617 1127 1667 εἷς
1179 1612 1238 1663 τὰ
1289 1613 1417 1678 ἔθνη,
1473 1615 1595 1664 οὕτω
1644 1612 1738 1679 γὰρ
1789 1614 1898 1676 ἡμῖν

309 1701 336 1723 “
360 1693 627 1745 ἐντέταλται
655 1694 679 1743 ὁ
707 1693 869 1748 Θεός.”
913 1696 1082 1746 ἐκεῖθεν
1106 1694 1337 1761 ἐζήτησαν
1363 1693 1471 1748 τοὺς
1496 1698 1578 1759 τῆς
1604 1694 1897 1758 Ἐκκλησίας

309 1777 527 1838 πολίτας,
576 1775 630 1840 ἧς
674 1778 748 1826 καὶ
796 1777 820 1825 ὁ
866 1776 1118 1830 θεσπέσιος
1164 1778 1338 1827 Δαυεὶδ
1388 1777 1691 1841 διαμέμνηται
1742 1776 1897 1841 λε’γων

308 1858 698 1926 ((Δεδοξασμένα
747 1857 963 1922 ἐλαλήθη
1014 1863 1119 1924 περὶ
1170 1864 1276 1921 σοῦ,
1327 1860 1355 1922 ἡ
1407 1859 1548 1913 πόλις
1599 1865 1680 1909 τοῦ
1725 1859 1894 1910 Θεοῦ.”
1918 1881 1966 1907 20

308 1938 594 2004 ζητήσαντες
639 1938 687 1990 δὲ
728 1940 1103 2003 πεπλουτήκασι,
1142 1939 1464 2004 συνεκόμισαν
1502 1964 1550 1991 τε
1589 1940 1778 2005 πληθὺν
1811 1940 1896 2004 τὴν

174 2030 179 2036 .
324 2022 334 2036 ,
487 2027 506 2036 Α
634 2021 644 2039 1
892 2023 904 2038 x
980 2021 990 2036 x
1100 2023 1110 2039 Ι
1339 2026 1357 2035 Α
1405 2024 1414 2037 .
1465 2023 1474 2038 f
1587 2022 1596 2035 ,ι
1854 2023 1866 2036 a

85 2030 139 2061 Es.
160 2030 214 2062 hv.
262 2040 288 2082 b
308 2025 507 2087 αριθμου
541 2044 797 2087 κρειττονα,
832 2045 906 2072 και
940 2024 997 2084 δη
1029 2045 1105 2073 και
1141 2026 1265 2091 φασι
1300 2045 1357 2090 τῃ
1390 2045 1503 2091 αγιᾳ
1535 2029 1672 2074 πολει
1705 2026 1890 2073 “Πλα-

86 2083 116 2110 2,
136 2083 165 2113 3.

308 2110 335 2132 ‘⁶
361 2125 499 2153 τυνον
536 2102 618 2154 τὸν
653 2102 799 2154 τόπον
838 2106 920 2167 τῆς
959 2107 1138 2167 σκηνῆς
1177 2127 1269 2155 σου
1305 2106 1380 2155 καὶ
1415 2109 1510 2154 τῶν
1544 2105 1751 2154 αὑλαιῶν
1785 2127 1892 2162 σου,

307 2191 334 2213 “
360 2184 534 2253 πῆξον,
585 2183 650 2248 μὴ
697 2185 862 2253 φείσῃ,
908 2184 1146 2251 μάκρυνον
1188 2185 1248 2236 τὰ
1298 2185 1619 2253 σχοινίσματά
1668 2208 1775 2244 σου,
1820 2188 1894 2236 καὶ

306 2272 334 2294 “
362 2265 467 2319 τοὺς
509 2266 801 2319 πασσάλους
842 2289 934 2317 σου
979 2269 1288 2334 κατίσχυσον,
1331 2268 1396 2318 ἔτι
1441 2271 1502 2320 εἰς
1544 2267 1603 2318 τὰ
1648 2266 1778 2336 δεξιὰ
1819 2271 1893 2318 καὶ
1916 2290 1963 2328 25

308 2353 334 2376 ‘⁶
361 2351 423 2400 εἷς
456 2346 515 2398 τὰ
550 2347 775 2414 ἀριστερὰ
809 2348 1108 2400 ἐκπε’τασον.”
1162 2349 1189 2412 ἡ
1226 2349 1274 2400 δὲ
1309 2353 1374 2418 τῷ
1408 2348 1580 2413 πλήθει
1614 2353 1708 2400 τῶν
1743 2373 1893 2400 κατοι-

311 2428 499 2480 κούντων
537 2429 681 2493 αὐτὴν
719 2429 1008 2495 ἐπιγάνυται,
1051 2428 1194 2494 μόνον
1233 2429 1281 2482 δὲ
1323 2432 1426 2498 οὐχὶ
1469 2429 1893 2495 καταθαυμάζουσα

356 2612 388 2634 2.
418 2601 454 2635 ἐν
478 2602 575 2646 prius
600 2613 671 2637 om.
698 2602 738 2637 C.
765 2603 824 2647 (ut
853 2604 990 2648 supra).
1058 2604 1155 2639 Haec
1181 2604 1216 2639 ἐν
1242 2610 1282 2639 Κ.
1307 2619 1344 2639 π.
1371 2610 1411 2638 Θ.
1437 2605 1546 2639 αὐτῶν
1572 2609 1750 2648 assumpta
1779 2616 1820 2638 ex
1849 2604 1890 2639 C.

307 2656 340 2691 5'.
369 2648 422 2681 καὶ
439 2648 591 2692 ἀοίδιμον
606 2649 807 2696 πολυάνδρῳ
826 2657 1006 2695 assumpta
1023 2663 1063 2684 ex
1084 2650 1124 2685 C.
1314 2651 1346 2684 6.
1373 2649 1604 2695 ἐνοικούντων]
1625 2655 1661 2690 -1-
1679 2650 1780 2693 αὐτὴν
1798 2651 1890 2686 Edd-

307 2694 416 2727 invito
436 2694 475 2728 C.
667 2705 697 2740 7.
723 2696 980 2741 εὐηγγελίζοντο
1000 2697 1040 2732 C.
1059 2697 1352 2742 εὐαγγελιζόμενοι
1372 2697 1461 2731 Edd.
1657 2697 1690 2730 8.
1717 2696 1890 2741 ἐπισφρα-

306 2741 474 2783 γιζόμενοι
493 2740 533 2775 C.
553 2741 858 2787 ἐπισφραγίζοντες
875 2743 934 2776 iid.
1152 2756 1185 2789 9.
1210 2743 1289 2789 παρ’
1307 2749 1528 2787 assumptum
1545 2754 1587 2776 ex
1606 2742 1647 2776 C.
1712 2743 1828 2777 ἕπιθυν
1847 2744 1888 2779 C.

306 2787 440 2820 ἔπειθον
457 2787 516 2821 iid.
580 2789 637 2821 τὸν
654 2788 794 2832 Ἰσραήλ
812 2793 994 2834 assumpta
1012 2802 1053 2823 ex
1073 2789 1113 2824 C.
1314 2801 1366 2823 10.
1391 2788 1619 2832 ἀπομεμένηκε
1639 2788 1678 2823 C.
1695 2790 1808 2833 μεμέν.
1828 2790 1888 2825 iid.

309 2831 435 2866 Statim
453 2833 492 2877 δὴ
510 2845 551 2868 ex
569 2845 656 2869 corr.
677 2846 784 2868 manu
801 2841 842 2869 ut
859 2835 928 2869 vid.
946 2835 1020 2870 ead.
1039 2848 1080 2870 ex
1098 2837 1185 2870 forte
1203 2837 1239 2870 δέ
1259 2836 1301 2871 C.
1319 2837 1384 2880 γὰρ
1402 2835 1461 2869 iid.
1767 2847 1818 2870 11.
1836 2851 1888 2870 τοι

307 2889 376 2912 Om.
396 2879 437 2913 C.
619 2890 671 2923 15.
696 2881 881 2916 ἀποθεῖσθε
898 2882 1018 2918 αὐτοὺς
1038 2882 1127 2927 (Sic)
1147 2882 1187 2917 C.
1369 2893 1421 2926 19.
1447 2880 1625 2925 προφήτης
1643 2894 1705 2926 pro
1723 2882 1824 2917 θεσπ.
1846 2883 1886 2917 C.

308 2934 362 2967 23.
389 2927 517 2959 αὕλεων
536 2926 576 2960 C.
841 2937 894 2971 25.
921 2929 1106 2974 κατίσχυον
1124 2929 1218 2962 Aub.
1482 2937 1538 2971 27.
1564 2927 1777 2973 ἐπιγάννυται
1796 2928 1888 2964 Edd.

307 2972 438 3004 correxi
456 2984 496 3005 ex
517 2972 557 3007 C.
623 2973 658 3007 δὲ
677 2985 745 3008 om.
766 2972 806 3008 C.
826 2974 966 3018 (rasura
985 2975 1054 3010 duo
1073 2975 1222 3010 triumve
1241 2973 1327 3018 litt.)
1345 2972 1448 3008 habet
1469 2973 1513 3007 D.
