1997 3361
91 168 146 208 iii.
173 182 232 220 ¹4·
541 168 613 207 IN
657 168 921 208 NAIIUM.
981 167 1134 207 'POM.
1169 167 1201 208 I.
1605 170 1649 206 (31

90 278 256 340 πύλας,
283 278 642 344 εἰσβιαζομένων
668 277 882 342 δηλονότι
910 283 1002 329 τῶν
1027 280 1221 346 ἐχθρῶν.
1274 275 1446 341 ἀληθὲς
1472 275 1564 342 γὰρ
1592 276 1661 327 ὅτι

1727 356 1776 386 ΙἈ.

1723 399 1829 429 cxsvi.
1848 409 1871 429 ι.

91 366 118 390 “
142 359 259 410 Ἐὰν
293 359 357 424 μὴ
392 360 563 427 Κύριος
597 360 791 429 φυλάξῃ
829 359 985 423 πόλιν,
1019 364 1080 414 εἰς
1117 359 1269 423 μάτην
1307 358 1609 425 ἠγρύπνησεν
1636 361 1660 409 ό

91 449 118 471 “
144 441 458 510 φυλάσσων.”
1680 442 1707 483 d

163 522 270 589 Χρὴ
306 524 361 588 δὴ
394 524 474 574 οὖν
505 524 594 590 ἄρα
629 524 713 588 τὴν
739 525 914 576 α”νωθεν
941 523 1211 592 ἀσφάλειαν
1237 523 1369 590 ἔχειν,
1395 523 1660 574 πεποιθέναι

50 624 139 663 5τε
182 606 302 669 ἡμᾶς
346 606 518 670 ἥκιστα
557 606 640 666 μὲν
679 609 751 674 ἐφ’
786 609 974 669 ἑαυτοῖς,
1013 609 1085 657 ἐπὶ
1125 610 1232 675 Θεῷ
1275 604 1322 656 δὲ
1367 611 1556 669 μᾶλλον
1596 610 1662 674 τῷ

91 687 303 753 σώζοντι,
327 690 402 739 καὶ
440 688 504 752 μὴ
527 694 626 742 ταῖς
658 690 713 758 ἐξ
742 689 1000 755 ἀνθρώπων
1027 689 1302 754 ἐπικουρίαις
1335 693 1661 754 μεγαλαυχεῖν,

90 769 204 835 μήτε
230 770 321 835 μὴν
347 771 526 822 οἴεσθαι
552 771 790 822 διεκνεύειν
817 771 1045 821 δύνασθαι
1071 770 1154 834 τὴν
1182 769 1341 836 ὀργὴν,
1371 774 1407 820 εἰ
1433 769 1488 834 δὴ
1515 793 1662 835 παρο-

89 853 300 920 τρύνοιτο
327 852 460 907 Θεός.
526 853 793 922 ἀπαλλάξει
831 852 925 919 γὰρ
963 854 1108 906 οὐδεὶς
1146 853 1350 918 θορύβου
1380 854 1454 902 καὶ
1493 857 1660 915 κακῶν,

90 935 173 987 τὸν
210 933 335 1006 ᾧπερ
369 934 426 987 ἂν
460 937 768 1000 ἐπιμηνίσειεν
805 937 830 986 ὁ
863 939 955 986 τῶν
991 934 1116 985 ὅλων
1144 935 1328 999 Κύριος.
1393 937 1467 985 καὶ
1506 934 1661 1002 σοφὸς

25 1041 72 1065 10
91 1017 147 1082 ἧν
178 1019 286 1069 λίαν
318 1020 342 1068 ὁ
379 1018 628 1070 θεσπέσιος
655 1018 830 1089 Δαυεὶδ
866 1016 1076 1085 ψάλλων
1115 1040 1161 1068 τε
1198 1019 1273 1066 καὶ
1313 1016 1466 1082 λέγων
1508 1025 1533 1046 “
1555 1018 1660 1068 Οὐκ
1722 1033 1776 1065 Ps.
1790 1034 1871 1065 xliii.

91 1102 217 1151 “ε’πὶ
250 1104 316 1168 τῷ
348 1100 472 1168 τόξῳ
498 1123 586 1162 μου
613 1101 772 1158 ἐλπιῶ,
802 1122 876 1150 και
902 1101 926 1150 ὁ
953 1100 1163 1166 βραχίων
1187 1122 1277 1161 μου
1303 1100 1355 1149 οὐ
1380 1099 1529 1149 σώσει
1554 1123 1627 1161 με.
1632 1098 1657 1115 ”
1677 1135 1698 1160 0
1721 1076 1751 1108 6.

90 1190 117 1211 ‘⁶
145 1183 413 1247 Ποιήσομαι
437 1205 528 1249 γαρ
555 1182 795 1247 δύναμιν’
773 1205 821 1232 εν
842 1183 987 1251 Θεῶ”
1017 1181 1135 1232 κατά
1161 1205 1213 1247 γε
1239 1180 1323 1245 τὴν
1347 1181 1487 1232 αὐτου
1513 1181 1660 1232 πάλιν
1721 1196 1764 1226 P..-
1769 1197 1864 1228 cvii.

91 1263 268 1334 φωνήν.
1725 1248 1770 1279 14

459 1415 604 1472 Ὕὸωρ
631 1420 829 1472 Περιοχῇε
853 1415 1084 1458 ἐπίσπασαι
1110 1419 1281 1473 σεαυτῷ.
1683 1443 1728 1476 14

26 1550 73 1588 15
169 1527 325 1577 Φασὶν
350 1524 419 1576 ὅτι
448 1524 605 1592 Κύρου
631 1548 680 1576 τε
706 1526 781 1576 καὶ
805 1530 899 1576 τῶν
925 1524 1017 1576 σὺν
1042 1526 1166 1593 αὐτῷ
1191 1523 1273 1578 τὰς
1299 1523 1555 1590 περιοίκους
1579 1526 1662 1588 τῆς

95 1608 255 1659 Νινευῒ
292 1607 644 1676 καταδῃούντων
681 1608 851 1675 χώρας,
890 1609 966 1659 καὶ
1002 1607 1162 1661 πάσας
1201 1608 1352 1658 αὐτῶν
1376 1629 1658 1673 προαποκει-

90 1689 267 1757 ρόντων
305 1689 578 1756 ἐπικουρίας,
612 1689 697 1754 τὴν
728 1691 964 1756 πόρθησιν
1001 1691 1088 1755 ἤδη
1127 1689 1322 1743 δεδιότες
1360 1693 1402 1740 οὶ
1429 1693 1665 1740 Νινευῖται

92 1772 259 1824 λοιπὸν
284 1775 344 1826 εἰς
369 1771 557 1825 πολλὰς
582 1775 657 1823 καὶ
689 1773 870 1839 μακρὰς
895 1774 1113 1837 ἀνέτεμον
1138 1773 1345 1841 τάφρους
1377 1770 1436 1822 τὰ
1469 1772 1574 1836 περὶ
1609 1771 1663 1821 τὸ

93 1854 216 1905 ἄστυ
240 1855 399 1921 χωρία,
426 1856 500 1905 καὶ
526 1854 582 1919 δὴ
608 1857 682 1906 καὶ
719 1852 1014 1918 δυσπόρευτα
1048 1859 1142 1907 τοῖς
1177 1855 1358 1921 ἐχθροῖς
1393 1852 1661 1915 ἀπετέλουν,
1681 1873 1702 1897 a
1736 1863 1812 1898 512
1830 1862 1882 1896 A·

28 1963 77 1987 20
93 1936 477 2003 παροχετεύοντες
535 1936 787 2000 ποταμοὺς,
839 1938 914 1988 καὶ
970 1936 1150 1988 ὑδάτων
1204 1937 1540 1999 ἐμπιπλῶντες,
1589 1938 1663 1986 καὶ

93 2017 338 2081 τελμάτων
369 2018 555 2081 ε”μπλεω
591 2024 829 2072 ποιοῦντες
862 2018 947 2083 τὴν
981 2021 1087 2084 γῆν.
1155 2017 1266 2069 ἀλλ’
1294 2016 1420 2081 ἦσαν
1455 2023 1529 2069 καὶ
1569 2023 1664 2068 τῶν

93 2100 313 2150 τοιούτων
337 2099 681 2166 ἐγχειρημάτων
711 2101 922 2164 ἀμείνους
955 2104 997 2152 οἱ
1031 2099 1297 2168 μαχόμενοι,
1329 2104 1519 2163 μᾶλλον
1554 2098 1604 2151 δὲ
1635 2101 1663 2164 ἡ

95 2179 289 2246 θέλησις
315 2188 396 2232 τοῦ
432 2179 765 2248 παραδιδόντος
790 2186 930 2233 Θεοῦ.
985 2182 1056 2234 ὅτι
1088 2184 1243 2233 τοίνυν
1269 2181 1398 2232 οὐδὲν
1422 2182 1556 2233 ἔσται
1588 2184 1664 2233 καὶ

94 2269 231 2315 τοῦτο
268 2265 421 2317 αὐτοῖς
460 2263 512 2315 τὸ
544 2264 848 2327 σπούδασμα,
876 2266 1079 2316 δείκνυσι
1107 2265 1261 2330 λέγων
1284 2261 1419 2331 ’Ὗδωρ
1458 2263 1664 2333 περιοχῆς

28 2369 76 2408 25
96 2346 357 2398 ἓπῖσποισαι
393 2351 570 2418 σεαυτῇ.
631 2348 757 2396 δοκεῖ
785 2346 838 2396 δέ
863 2370 988 2397 τισιν
1023 2344 1127 2414 ὕδωρ
1153 2346 1313 2397 ἐνθάδε
1338 2351 1455 2397 νοεῖν
1481 2345 1534 2397 τὸ
1561 2348 1660 2397 ἐπι-

95 2428 358 2492 σπώμενον,
415 2427 501 2493 τὴν
547 2432 640 2479 τῶν
688 2429 1056 2493 ἐπικεκλημένων
1100 2431 1245 2480 ἐθνῶν
1293 2433 1355 2482 εἰς
1405 2428 1666 2494 ἐπικουρίαν

145 2594 176 2617 1.
201 2583 462 2627 εἷσβιαζομενων
480 2583 526 2618 D.
546 2583 638 2617 Edd.
656 2583 825 2625 εἷσβιβαζ.
846 2582 888 2617 Β.
1004 2595 1035 2617 2.
1063 2584 1230 2628 φυλάσσῃ
1250 2583 1341 2617 Edd.
1464 2596 1509 2626 4-
1516 2595 1567 2629 13.
1594 2585 1665 2628 Χρὴ

96 2629 287 2673 δὴ--πιὶλιν
304 2630 398 2675 φωνή
401 2646 418 2664 ν
435 2643 504 2665 om.
523 2630 566 2665 B.
723 2643 755 2672 4.
781 2629 1010 2674 ἀσφάλειαν”
992 2645 1082 2674 εχειν
1098 2630 1164 2664 hoc
1181 2630 1302 2664 ordine
1321 2631 1367 2664 D.
1510 2631 1542 2664 8.
1565 2631 1664 2674 θορύ-

95 2675 177 2721 βου]
198 2676 352 2721 θορύβων
370 2677 459 2711 Edd.
623 2689 656 2723 9.
682 2677 860 2719 ἐπιμηνίσῃ
878 2675 936 2710 iid.
986 2675 1124 2722 Κύριος]
1146 2678 1230 2712 Θεός
1246 2677 1304 2710 iid.
1474 2688 1526 2710 12.
1553 2677 1604 2723 ἐν]
1624 2683 1661 2718 -1-

96 2725 142 2769 τῷ
161 2722 220 2757 iid.
269 2725 374 2757 πάλαι
390 2723 704 2766 iid.14.
732 2723 990 2757 ἐπισπάσασθαι
1009 2723 1054 2759 D.
1257 2723 1309 2757 16.
1335 2721 1464 2782 χώρας]
1483 2726 1598 2759 πόλεις
1618 2725 1664 2759 D.

101 2779 154 2814 17.
179 2769 323 2805 δεδιότες
340 2771 399 2814 ἤδη
417 2771 476 2814 τὴν
492 2771 591 2814 πόρθ.
608 2771 667 2804 inv
670 2782 745 2804 eISO
763 2769 883 2803 Oldine
901 2769 948 2802 D.
1149 2770 1201 2803 18.
1226 2771 1290 2803 τὸ,
1280 2784 1357 2814 περι
1374 2770 1460 2805 ἄστυ
1476 2771 1601 2815 χωρίον
1618 2772 1665 2807 D.

101 2827 152 2861 19.
180 2817 232 2850 καὶ
250 2816 363 2862 prius]
384 2816 400 2850 ὃ
420 2818 466 2852 D.
516 2818 746 2862 δυσπόρευτον
764 2817 811 2850 D.
831 2815 922 2850 Edd.
1095 2827 1149 2850 21.
1175 2816 1229 2849 καὶ
1245 2828 1314 2850 om.
1334 2816 1381 2851 D.
1431 2817 1592 2852 Statim'
1573 2819 1667 2861 αμεί-

97 2892 174 2913 νους
189 2880 386 2923 transponit
404 2880 450 2914 D.
595 2891 650 2926 23.
675 2880 918 2925 παραδιδόντος
936 2879 981 2913 D.
1000 2872 1176 2915 πδιδόντος
1195 2879 1237 2914 Β.
1253 2880 1396 2924 περιδιδ.
1415 2880 1506 2916 Edd.
1555 2882 1667 2917 αὐτοῖς

99 2925 152 2958 καὶ
168 2927 266 2959 τοῦτο
284 2926 421 2962 inverso
439 2926 560 2962 ordine
577 2927 625 2962 D.
805 2936 858 2971 25.
884 2926 1143 2962 ἐπισπάσασθαι
1161 2927 1207 2961 D.
1225 2932 1265 2961 ut
1282 2939 1396 2972 supra.
1446 2928 1586 2963 ἐνταῦθα
1603 2940 1666 2973 pro

99 2971 214 3006 ἐνθάδε
233 2972 280 3007 D.
504 2974 557 3008 26.
584 2974 730 3009 ε’πικεκλ.
751 2974 797 3008 D.
817 2975 907 3008 κεκλ.
927 2972 1017 3008 Edd.
