2049 3366
105 224 225 248 MARE.

158 332 316 379 demque
350 332 515 368 oblatum
551 332 591 366 iri
628 331 857 367 Sacrificium

158 397 194 432 in
237 397 382 444 justitia
431 399 506 433 853
555 409 598 439 c;
647 395 857 436 vencficios,

158 461 357 502 adulteros,
372 461 602 508 spoliatores,
621 472 859 508 percussores

158 525 271 560 exitio
319 525 477 561 devovet
526 528 602 561 854
652 537 695 567 e;

157 588 277 625 Jacob
307 590 480 636 pictatem
509 590 545 624 in
572 589 747 637 probrum
777 600 861 623 suo-

747 524 860 571 patris

159 665 240 688 rum
288 660 556 689 commemorat
601 655 677 689 856
717 652 764 695 d;
816 652 860 686 ad

158 718 424 765 poenitentiam
465 723 583 759 vocat,
623 723 659 753 et
700 716 862 752 decimas

158 782 239 817 Deo
278 782 485 818 reddendas
524 782 686 830 postulat
717 783 792 817 857
819 792 860 824 c;

159 846 456 882 benedictionem
488 846 744 882 obedientibus
777 857 860 892 pro-

160 910 274 946 mittit
305 913 380 947 859
406 924 450 956 e;
488 910 725 958 reprehendit
752 921 860 957 quos-

159 974 245 1010 dam
272 975 354 1011 Deo
385 975 606 1022 injustitiam
638 973 863 1022 imputantes

161 1040 234 1074 861
267 1051 311 1085 a;
356 1040 574 1075 timentibus
606 1039 728 1075 Deum
762 1050 859 1074 com-

160 1104 417 1150 pensationem
460 1104 655 1151 pollicetur
699 1105 774 1139 863
814 1103 861 1147 b;

159 1167 294 1203 Judicii
334 1168 506 1215 Supremi
545 1174 705 1204 terrores
744 1167 865 1215 pingit

161 1233 238 1268 864
255 1245 295 1277 e;
325 1232 451 1268 Solem
467 1233 643 1269 Justitiae
659 1232 770 1280 justis
790 1231 860 1267 ori-

160 1302 284 1332 turum
313 1297 476 1332 declarat
498 1299 574 1333 866
596 1309 639 1340 c;
669 1296 773 1331 Eliae
800 1296 863 1331 ad-

163 1366 312 1396 ventum
334 1361 512 1408 praedicit
534 1362 610 1397 868
632 1373 676 1405 e;
707 1360 865 1407 denique

162 1425 209 1460 ad
264 1431 462 1473 praecepta
510 1424 623 1473 Legis
674 1423 864 1459 Mosaicae

164 1489 349 1525 servanda
380 1489 552 1525 hortatur
573 1490 649 1525 869
670 1500 702 1529 e,

108 1553 339 1595 Maledictio,
357 1566 470 1601 quare
486 1553 643 1601 perjuris
664 1557 701 1588 et
720 1551 865 1587 furibus

161 1618 379 1665 praesertim
394 1617 533 1653 indicta
554 1619 629 1654 695
651 1617 698 1661 b3
730 1617 807 1652 696
823 1628 864 1660 c;

164 1682 246 1722 Dei,
269 1695 379 1729 quam
401 1682 449 1718 sit
474 1681 709 1717 formidanda
729 1682 805 1716 696
820 1679 864 1724 d;

162 1746 405 1793 proverbialis
433 1746 628 1794 quaedam,
658 1745 785 1781 Israeli
811 1744 866 1779 in-

164 1809 272 1856 dicta,
315 1816 465 1846 nostrae
513 1810 713 1858 spiritualis
755 1815 868 1857 typus

165 1876 240 1911 722
263 1875 307 1921 d;
339 1876 419 1917 Dei,
442 1875 611 1910 victimas
637 1875 727 1910 viles
758 1874 867 1910 offer-

164 1939 325 1981 entibus,
355 1939 561 1975 intentatur
591 1941 666 1976 832
698 1938 743 1983 (1;
779 1938 868 1973 item

163 2003 266 2039 falsis
296 2003 486 2045 ministris,
509 2003 620 2039 etiam
646 2002 867 2039 benedicen-

164 2067 263 2103 tibus
285 2070 362 2105 834
388 2081 430 2113 a;
462 2080 571 2116 quam
596 2068 643 2103 sit
663 2066 870 2115 perniciosa

166 2133 243 2168 834
264 2132 299 2169 b.

111 2195 267 2237 Malum,
288 2195 347 2232 i.e.
370 2196 533 2239 afflictio,
556 2208 576 2231 a
606 2196 687 2231 Deo
716 2200 869 2231 auctore

168 2260 415 2307 proficiscitur
442 2262 514 2297 118
541 2273 582 2305 e3
616 2261 691 2297 278
719 2271 762 2305 e;
793 2271 870 2295 non

166 2338 266 2368 casu,
302 2325 367 2361 sed
406 2337 453 2361 ex
482 2325 537 2361 ira
570 2324 709 2361 Divina
747 2323 870 2360 evenit

167 2392 243 2426 212
276 2401 320 2434 e;
355 2401 376 2425 a
404 2389 485 2425 Deo
516 2391 686 2430 missum,
711 2388 759 2425 ad
789 2401 868 2424 cas-

167 2453 343 2503 tigandos
385 2453 519 2500 impios
580 2455 656 2490 279
701 2453 748 2498 b;
790 2458 870 2489 tum

167 2518 308 2566 incipit,
348 2530 432 2554 cum
478 2530 666 2554 cessamus
713 2530 734 2553 a
771 2517 871 2552 bono

171 2585 246 2620 302
274 2583 320 2628 b;
364 2582 445 2618 Deo
479 2582 623 2618 auctori
656 2581 869 2628 ascriptum,

169 2647 407 2683 affiictionem
463 2659 539 2682 non
594 2645 870 2693 improbitatem

169 2711 357 2760 significat
379 2712 454 2747 385
476 2723 519 2756 ος
557 2712 630 2747 701
654 2710 702 2755 b;
733 2709 871 2745 sensim

170 2775 314 2824 augeri,
336 2780 372 2811 et
399 2775 604 2811 increscere
625 2773 720 2810 solet
742 2775 818 2809 414
839 2785 871 2814 c,

169 2846 210 2876 ut
232 2839 475 2876 Hieroboami
498 2838 708 2875 idololatria
728 2839 804 2874 414
826 2837 871 2883 d;

171 2917 193 2940 a
223 2904 304 2940 Deo
332 2904 568 2952 permissum,
595 2915 670 2939 non
700 2902 872 2939 effectum

172 2970 248 3004 540
269 2980 313 3012 e;
345 2970 421 3005 570
442 2980 473 3004 e.

648 211 854 247 {Nbssx
919 211 1156 247 RERUM.

1607 212 1675 244 7ll

932 331 1087 371 Malum,
1133 331 1323 371 l'unicum,
1372 330 1514 365 arboris
1564 341 1684 376 genus

985 395 1286 443 pulcherrimum,
1345 397 1418 431 784
1472 394 1523 438 d;
1584 394 1683 440 prin-

983 460 1084 507 cipes
1175 460 1406 495 Judaeorum
1500 458 1685 506 significat

986 528 1060 561 784
1101 539 1132 560 υ.

932 589 1081 629 Manaa,
1097 589 1243 635 signum
1263 588 1502 635 subjectionis
1518 589 1539 623 9
1554 599 1596 629 c;
1618 599 1684 621 no-

986 665 1069 688 men
1087 652 1213 688 tributi
1236 652 1395 699 Assyriis
1417 651 1490 686 dati
1518 651 1591 686 186
1612 662 1631 686 c
1652 650 1686 684 d.

932 717 1111 756 Manaim,
1151 729 1268 763 regno
1319 716 1464 751 Israelis
1506 715 1688 762 ascriptus

987 783 1007 816 8
1048 793 1088 825 a;
1148 780 1301 816 Phulam
1351 793 1477 827 regem
1532 780 1688 827 pecunia

986 845 1118 880 avertit
1166 847 1214 881 92
1255 857 1296 888 a;
1355 844 1509 880 Phulam
1548 856 1688 892 regem,

986 910 1090 945 vituli
1117 910 1217 945 aurei
1244 922 1410 950 munere,
1432 909 1573 944 socium
1601 921 1688 944 con-

987 975 1087 1010 ducit
1117 977 1189 1010 145
1211 974 1255 1018 d;
1289 976 1360 1010 391
1385 974 1422 1010 d.

935 1038 1142 1079 Manasses,
1181 1038 1229 1085 pii
1269 1038 1383 1085 patris
1423 1037 1522 1073 filius
1556 1037 1690 1084 impius

989 1105 1065 1139 280
1086 1116 1127 1147 e;
1158 1114 1223 1138 rex
1251 1102 1457 1141 idololatra,
1486 1101 1692 1149 auguribus

988 1167 1118 1210 fidens,
1136 1179 1157 1202 a
1173 1166 1254 1202 Deo
1267 1166 1550 1213 reprehenditur
1564 1167 1636 1202 281
1654 1178 1692 1211 a;

988 1232 1178 1279 impietate
1212 1244 1277 1266 sua
1312 1230 1593 1278 Hierosolymae
1624 1242 1690 1265 ex-

989 1297 1092 1332 itium
1115 1295 1237 1331 intulit
1261 1297 1336 1331 579
1359 1308 1389 1330 e.

935 1361 1130 1400 Mandata,
1152 1360 1233 1400 Dei,
1249 1359 1340 1399 viae,
1363 1359 1529 1398 semitae,
1546 1359 1692 1398 itinera,

989 1424 1233 1472 appellantur,
1253 1425 1325 1459 561
1344 1436 1387 1467 c;
1411 1423 1551 1458 Christi
1573 1429 1690 1458 aeter-

988 1501 1036 1524 na
1058 1490 1133 1524 562
1155 1500 1187 1523 c.

937 1553 1060 1594 Mane,
1082 1558 1145 1588 aut
1166 1552 1425 1588 brevissimum
1447 1557 1607 1598 tempus,
1630 1557 1694 1586 aut

990 1618 1061 1654 Dei
1099 1617 1352 1664 vigilationem
1391 1616 1575 1663 significat
1620 1617 1694 1651 156

989 1695 1010 1718 a
1030 1683 1052 1718 b
1074 1694 1117 1726 c;
1147 1681 1207 1717 i.e.
1238 1680 1371 1728 palam,
1400 1692 1523 1715 coram
1556 1679 1695 1726 populo

991 1747 1035 1782 de
1073 1746 1200 1781 futuro
1245 1744 1315 1780 Dei
1361 1743 1510 1780 Judicio
1553 1744 1693 1780 dictum

992 1813 1068 1847 610
1089 1810 1112 1845 b
1133 1822 1163 1844 c.

938 1875 1162 1922 Manipulus‚
1211 1886 1278 1921 pro
1330 1873 1500 1920 primitiis
1548 1872 1694 1916 messis,

991 1940 1072 1975 Deo
1092 1937 1365 1978 consecrandis,
1389 1937 1526 1973 dictum
1550 1938 1629 1973 206
1646 1938 1669 1972 b
1687 1949 1695 1981 ;

992 2002 1250 2039 multidudinis
1271 2002 1420 2049 signum
1444 2003 1519 2037 433
1541 2014 1571 2037 e.

938 2068 1092 2108 Manna,
1123 2067 1160 2102 in
1190 2066 1337 2102 deserto
1369 2066 1508 2106 datum,
1540 2065 1695 2107 Christi,

993 2131 1162 2168 caelestis
1209 2131 1326 2178 panis,
1376 2131 1496 2178 figura
1539 2131 1612 2166 182
1652 2143 1693 2176 e,

993 2198 1066 2233 271
1092 2196 1136 2240 d;
1170 2197 1245 2232 779
1268 2195 1291 2230 d
1311 2207 1344 2230 e.

939 2260 1143 2301 Mansueti,
1165 2265 1346 2307 quatenus
1373 2259 1418 2294 de
1446 2257 1471 2294 J
1477 2257 1601 2294 udaeis
1623 2258 1695 2294 dici

992 2325 1110 2372 possit
1130 2326 1207 2360 619
1229 2324 1264 2359 d.

940 2389 1090 2432 Manus,
1108 2389 1191 2430 Dei,
1214 2393 1438 2436 potestatem
1459 2387 1528 2423 Dei
1551 2387 1694 2434 signifi-

994 2459 1079 2489 cant
1115 2455 1191 2489 556
1230 2453 1277 2497 d;

994 2517 1105 2554 tionis
1130 2517 1278 2565 signum
1308 2518 1383 2552 604
1405 2515 1452 2560 d;
1492 2521 1529 2551 et
1548 2515 1698 2551 virtutis

1333 2463 1494 2494 movere,
1538 2451 1697 2486 admira-

995 2588 1032 2618 et
1067 2581 1256 2629 potentiae
1295 2579 1505 2629 symbolum
1544 2581 1617 2616 691
1653 2592 1698 2625 c;

994 2658 1063 2695 pro
1115 2645 1356 2693 operantibus
1411 2644 1502 2692 ipsis
1557 2644 1697 2680 dictum

995 2712 1072 2747 827
1094 2710 1130 2745 d.

941 2774 1063 2815 Mare,
1096 2774 1280 2815 Indicum,
1311 2772 1479 2809 Judaeae
1517 2772 1699 2808 terminus

996 2838 1180 2874 Australis
1207 2838 1343 2874 dicitur
1363 2839 1439 2874 222
1461 2849 1481 2872 e
1495 2850 1504 2883 ;
1534 2836 1699 2873 Tiberia—

996 2902 1063 2944 dis,
1085 2908 1380 2950 tempestuosum
1403 2904 1477 2938 377
1492 2901 1539 2948 b3
1571 2902 1700 2938 mundi

997 2967 1159 3003 universi
1179 2968 1299 3015 figura
1323 2967 1532 3003 communis
1553 2969 1629 3003 573
1652 2967 1699 3013 b;
