2053 3382
103 956 134 1004 S:
151 955 252 986 Joan.
285 969 306 996 0

103 1009 169 1030 mx.
193 1007 240 1038 15.

102 1187 264 1237 SAEIJJtth.

101 1242 202 1262 xxvu.
213 1239 262 1270 25.

330 179 416 218 454
734 182 781 222 B.
821 180 1099 221 CYRILLI
1146 180 1523 221 ALEXANDR.
1742 180 1794 220 xi.
1821 181 1916 230 6,7.

331 296 358 317 “
386 291 459 339 καὶ
501 290 525 340 ὁ
565 288 707 342 λύκος
747 289 937 355 ἁρπάζει
976 290 1095 341 αὐτὰ
1136 294 1210 342 καὶ
1255 291 1511 358 σκορπίζει·
1567 291 1636 342 ὅτι
1681 291 1919 352 μισθωτός

331 377 358 398 “
384 371 528 433 ἐστιν,
568 372 641 420 καὶ
682 371 735 420 οὐ
773 371 903 433 μέλει
943 372 1069 440 αὐτῷ
1106 375 1213 440 περὶ
1250 378 1346 423 τῶν
1376 371 1648 440 προβάτων.
1704 372 1796 438 ἐγώ
1829 376 1919 434 εἶμι

331 459 358 480 “
385 453 409 502 ὁ
447 452 622 515 ποιμὴν
660 453 685 502 ὁ
726 453 915 506 καλός.”
967 455 1181 506 Ἰουδαῖοι
1223 454 1271 505 δὲ
1309 458 1350 506 οἱ
1389 454 1602 517 τάλανες,
1642 455 1790 505 καίτοι
1824 457 1919 504 τῶν

328 537 582 595 μισθωτῶν
616 533 849 597 ποιμένων
888 539 1185 600 καταβοῆσαι
1224 535 1338 599 δεόν,
1374 542 1511 588 τοῦτο
1549 536 1634 599 μὲν
1665 537 1719 586 οὐ
1758 535 1919 601 δεδρά-

329 637 456 677 κασι,
482 614 565 665 τὸν
592 615 641 666 δὲ
672 615 852 681 ἀγαθὸν
877 617 1088 680 ποιμένα,
1115 617 1197 668 τὸν
1229 618 1547 684 ἀντάλλαγμα
1582 621 1664 682 τῆς
1696 617 1918 668 ἁπάντων

329 694 444 760 ζωῆς
469 696 554 760 τὴν
580 699 743 748 ἑαυτοῦ
768 698 950 750 τιθέντα
974 698 1152 768 ψυχὴν,
1180 699 1298 750 κατὰ
1324 701 1513 766 μυρίους
1540 699 1682 753 ὅσους
1709 699 1918 764 λελυπή-

329 800 441 829 κασι
477 778 691 845 τρόπους,
725 781 1073 843 καταλεύοντες,
1108 782 1415 848 ὀνειδίζοντες,
1443 785 1517 832 καὶ
1544 781 1598 832 τὸ
1629 787 1913 844 τελευταῖον,

327 859 580 911 ἀπύλωτον
603 863 671 912 ἐπ’
699 863 824 931 αὐτῷ
848 863 1160 929 διανοίγοντες
1186 864 1358 926 στόμα.
1414 863 1795 929 κατακεκράγασι
1823 862 1916 929 γὰρ

327 942 444 1003 ὁμοῦ
489 947 585 996 τοῖς
630 942 759 997 ἰδίοις
804 948 1102 1009 καθηγηταῖς,
1145 945 1364 1011 λέγοντες
1401 949 1468 1014 τῷ
1509 945 1707 1014 Πιλάτῳ
1742 952 1768 975 “
1790 943 1915 1010 Αἶρε,

327 1029 354 1051 “
381 1020 491 1089 αἶρε,
536 1024 745 1089 σταύρου
784 1024 963 1087 αὑτὸν,”
1001 1029 1075 1077 καὶ
1120 1027 1232 1078 αὐτὸ
1273 1027 1320 1078 δὲ
1359 1026 1412 1077 τὸ
1452 1027 1628 1078 δίκαιον
1665 1025 1778 1090 αἷμα
1816 1032 1917 1080 ταῖς

326 1108 469 1172 σφῶν
511 1106 665 1156 αὐτῶν
706 1107 1030 1171 ἐπηντλήκασι
1074 1113 1318 1176 κεφαλαῖς.
1382 1109 1596 1176 ἔφασκον
1637 1107 1730 1174 γὰρ
1768 1107 1916 1160 πάλιν

326 1193 352 1215 “
381 1185 451 1237 Τὸ
497 1186 611 1250 αἷμα
655 1189 797 1240 αὑτοῦ
838 1190 910 1257 ἐφ’
949 1191 1068 1254 ἡμᾶς
1111 1192 1184 1241 καὶ
1223 1193 1296 1242 ἐπὶ
1337 1191 1396 1241 τὰ
1434 1191 1571 1241 τέκνα
1608 1191 1785 1255 ἡμῶν.”
1841 1187 1917 1241 ὃιέι

324 1270 444 1319 τοῦτο
485 1269 652 1332 τοίνυν,
693 1272 863 1338 φησὶν,
909 1274 1048 1323 οὐκέτι
1090 1277 1308 1340 φείσομαι
1352 1275 1423 1323 ἐπὶ
1462 1271 1558 1326 τοὺς
1601 1273 1916 1327 κατοικοῦντας

323 1349 392 1409 τὴν
441 1349 535 1416 γῆν.
599 1353 651 1402 οὐ
696 1352 790 1419 γὰρ
841 1353 906 1404 ε”τι
959 1357 1145 1421 φειδοῦς
1195 1355 1417 1423 ἠξίωνται
1466 1357 1548 1418 τῆς
1597 1353 1727 1420 παρὰ
1772 1357 1910 1404 Θεοῦ·

323 1432 532 1483 δέδονται
575 1432 622 1484 δὲ
668 1439 859 1496 μᾶλλον
900 1435 1089 1491 ἕκαστος
1134 1442 1193 1491 εἰς
1238 1440 1392 1506 χεῖρας
1437 1439 1507 1488 τοῦ
1553 1439 1739 1496 πλησίον
1785 1438 1915 1487 αὐτοῦ

328 1520 404 1564 καὶ
448 1520 507 1567 εἰς
546 1518 696 1584 χεῖροις
735 1516 980 1580 βασιλέως,
1021 1518 1166 1584 η’γουν
1202 1519 1429 1586 ἄρχοντος
1464 1521 1610 1569 αὐτοῦ.
1667 1519 1907 1583 ἐσταυρώ-

327 1617 439 1645 κασι
483 1595 568 1658 μὲν
610 1596 703 1663 γὰρ
745 1598 828 1649 τὸν
867 1598 1192 1663 Ἐμμανουὴλ,
1233 1602 1307 1650 καὶ
1347 1599 1575 1665 γεγόνασι
1615 1599 1912 1665 κυριοκτόνοι,

281 1689 306 1729 d
327 1676 516 1738 ε”μπλεώ
570 1701 619 1729 τε
676 1678 835 1744 πάσης
895 1681 1215 1745 ἀνοσιότητος.
1290 1681 1420 1745 πλὴν
1470 1681 1623 1732 ἐκάλει
1677 1681 1798 1736 Θεὸς
1851 1687 1913 1736 εὶς

325 1757 639 1823 μετάγνωσιν,
684 1763 759 1811 καὶ
811 1763 893 1812 οὑκ
937 1762 1069 1816 εὐθὺς
1117 1763 1311 1814 ἐπετίθει
1352 1763 1411 1814 τὰ
1456 1763 1511 1831 ἐξ
1552 1765 1711 1829 ὀργῆς.
1783 1787 1912 1830 τρια-

326 1847 501 1891 κοστοῦ
542 1841 589 1892 δὲ
625 1843 712 1907 ἤδη
747 1844 1084 1913 παρῳχηκότος
1119 1845 1260 1907 ἔτους,
1300 1845 1417 1908 μετὰ
1456 1844 1538 1895 τὸν
1572 1851 1655 1895 τοῦ
1693 1849 1911 1911 Σωτῆρος

326 1922 548 1987 σταυρὸν,
601 1926 891 1992 ἀπεφοίτησε
949 1926 1032 1990 μὲν
1089 1925 1244 1992 εἰρήνη
1305 1930 1387 1989 τῆς
1437 1927 1675 1978 Ἰουδαίων
1731 1928 1906 1995 χώρας,

325 2003 525 2068 πόλεμοι
569 2005 616 2056 δὲ
662 2005 787 2069 ἦσαν
828 2011 1060 2075 πανταχῆ,
1102 2008 1286 2062 πόλεως
1325 2011 1398 2059 ἐπὶ
1440 2009 1583 2059 πόλιν
1621 2008 1795 2073 ἰούσης,
1835 2011 1910 2060 καὶ

323 2089 418 2136 τῶν
462 2088 509 2137 ἐν
549 2087 726 2156 ἑκάστῃ
773 2091 1064 2153 τεμνομένων
1109 2094 1170 2143 εἰς
1216 2090 1456 2159 διαφορὰς,
1507 2093 1582 2142 καὶ
1632 2092 1912 2159 μαχομένων

324 2166 570 2231 ἀλλήλοις,
622 2171 684 2223 ὡς
729 2173 777 2221 ἐν
822 2171 912 2240 ’ίσῳ
964 2172 1217 2238 φαίνεσθαι
1268 2176 1396 2242 κακῷ
1446 2172 1505 2223 τὰ
1554 2172 1683 2238 παρὰ
1735 2175 1911 2242 σφίσιν

323 2250 478 2304 αὐτοῖς
509 2256 603 2304 τοῖς
637 2254 685 2302 ἐκ
719 2258 801 2303 τοῦ
832 2252 1042 2314 πολέμου
1067 2253 1419 2318 συμβεβηκόσι.
1474 2254 1786 2320 κεκρατήκασι
1816 2254 1909 2322 γὰρ

323 2334 404 2394 τῆς
443 2333 680 2384 Ἰουδαίων
719 2335 876 2401 χώρας
915 2338 956 2385 οἱ
995 2335 1310 2401 ἀνδρειότατοι
1348 2340 1442 2386 τῶν
1476 2336 1722 2400 Ῥωμαίων
1759 2360 1908 2403 στρα-

322 2416 469 2478 τηγοὶ,
503 2417 578 2465 καὶ
613 2416 768 2470 αὐτοῖς
799 2416 999 2482 ἀνδράσι
1041 2417 1449 2483 καταπιμπράντες
1489 2417 1663 2480 πόλεις,
1699 2423 1794 2472 τοῖς
1826 2422 1907 2482 τῆς

369 2607 401 2640 3.
428 2595 481 2641 δὲ]
501 2611 536 2630 τε
556 2597 596 2631 C.
967 2608 999 2641 5.
1026 2599 1223 2644 ἀντιὶλαγμα
1243 2599 1321 2634 C.b.
1340 2600 1580 2645 ἀνταλάγματα
1598 2607 1637 2634 ut
1655 2600 1793 2634 videtur
1810 2602 1908 2645 prius

323 2643 504 2686 scriptum,
525 2643 663 2678 duobus
683 2645 867 2688 postremis
886 2645 950 2679 litt.
971 2646 1077 2679 erasis
1098 2645 1138 2679 C.
1528 2657 1557 2691 7.
1585 2646 1847 2683 καταλλεύοντες
1866 2648 1906 2682 C.

323 2689 356 2721 8.
392 2690 615 2734 διανοίγοντες
646 2691 693 2724 D.
725 2691 816 2725 Edd.
845 2691 1088 2737 διανοιγνύντες
1119 2692 1159 2726 Β.
1190 2693 1374 2737 διοίγόντες
1407 2705 1467 2737 per
1496 2705 1563 2728 ras.
1592 2707 1610 2726 ο
1637 2693 1777 2726 alterius
1807 2695 1907 2739 quasi

323 2734 525 2779 διοιγνύντες
542 2749 650 2770 manu
669 2738 778 2781 prima
797 2737 837 2771 C.
1089 2749 1142 2773 12.
1169 2738 1224 2783 ἐφ’
1244 2739 1323 2782 ἡμῗ·
1343 2751 1464 2773 rasura
1483 2739 1522 2773 C.
1773 2750 1824 2782 14.
1850 2742 1908 2783 τῆς

324 2780 420 2815 deest
438 2782 471 2815 in
494 2782 584 2817 Edd.
604 2784 720 2817 invitis
742 2784 867 2818 B.C.b.
1098 2785 1150 2819 16.
1175 2786 1351 2825 βασιλέων
1367 2785 1402 2819 b.
1624 2785 1677 2818 18.
1702 2785 1845 2828 ἕμπλεοί
1863 2786 1905 2821 C.

323 2826 457 2871 ἁπάσης
476 2828 516 2862 C.
676 2842 728 2875 19.
754 2831 889 2875 ἐπετίθη
909 2830 950 2864 C.
1108 2842 1161 2865 21.
1188 2831 1265 2877 μὲν]
1290 2836 1324 2871 -f-
1348 2831 1419 2874 v‘yb.
1572 2841 1627 2864 22.
1653 2834 1806 2877 πανταχῆ
1826 2832 1903 2868 C.b.

322 2877 495 2919 πανταχοῦ
515 2874 604 2909 Edd.
1113 2890 1166 2920 24.
1194 2878 1320 2922 σφίσιν
1337 2877 1449 2912 αὐτοῖς
1468 2876 1545 2910 C.b.
1565 2878 1668 2922 σφῶν
1684 2878 1793 2913 αὐτῶν
1811 2879 1903 2913 Edd.

328 2919 379 2952 26.
407 2921 625 2964 ἅνδριὼτατοι
644 2921 684 2956 C.
1134 2932 1188 2968 27.
1216 2924 1505 2968 καταπιμπράντες
1525 2923 1564 2957 C.
1584 2924 1850 2969 καταπίπραντες
1868 2925 1901 2960 b.

325 2972 615 3010 κατεμπιπρῶντες
635 2969 724 3002 Edd-

1938 630 1959 667 Οἱ

1939 1047 1986 1072 10

1937 1455 1983 1491 15

1932 1863 1981 1888 20

1930 2276 1978 2313 25
