1997 3361
100 159 126 198 i.
152 172 212 198 11.
547 158 617 197 IN
662 157 938 197 A'BACUC.
999 154 1151 195 ΤΟΜ.
1186 154 1219 192 Ι.
1612 150 1665 188 83

96 268 190 319 εἷλε
217 267 263 318 δὲ
288 270 408 319 οὕτω
428 267 599 333 Τύρον,
620 267 766 317 καίτοι
791 265 916 318 πολὺ
942 268 1023 329 τῆς
1049 265 1236 329 ἠπείρου
1262 260 1380 327 πρὸς
1405 258 1664 310 θάλασσαν
1683 285 1703 306 ιε

96 349 244 414 νήσου
271 350 400 414 δίκην
426 350 739 412 ε’κτεταμένην.

170 431 284 483 Εἷλε
313 431 360 482 δὲ
397 433 471 481 καὶ
505 433 529 481 ὁ
563 435 771 483 σατανᾶς
807 429 887 480 τον
912 427 1110 495 Ἰσραὴλ
1146 424 1446 493 αἰχμάλωτον
1478 420 1668 484 ἀπειθή-

94 536 249 564 σαντα
287 518 352 582 τῷ
391 517 603 583 Χριστῷ,
642 515 716 563 καὶ
757 511 911 580 τρυφὴ
950 509 1203 576 γεγόνασιν
1250 509 1374 575 αὐτῷ
1416 505 1584 557 πάντες
1627 506 1668 553 οὶ

53 616 75 654 5
95 595 351 662 ἡγούμενοι,
378 598 452 645 καὶ
483 599 541 663 τῇ
581 598 661 658 τῆς
702 593 953 660 ἱερωσύνης
985 595 1290 658 ε’παυχοῦντες
1323 589 1456 656 δόξῃ,
1488 586 1564 639 οὓς
1594 588 1667 635 καὶ

93 677 314 748 τυράννους
365 681 504 728 εἰπεῖν
552 679 632 727 οὐκ
683 675 886 729 ἀκαλλὲς
938 672 1067 735 οἶμαί
1113 696 1216 734 που,
1263 671 1407 721 διάτοι
1449 669 1501 720 τὸ
1546 691 1664 733 προ-

94 759 289 811 εστάναι
321 764 464 823 λαῶν,
492 762 565 809 καὶ
599 761 646 809 ἐν
671 762 832 825 πολλῇ
861 761 1042 807 κεῖσθαι
1077 755 1191 823 δόξῃ
1224 757 1297 804 καὶ
1332 752 1579 819 δυναστείᾳ
1611 755 1668 816 τῇ

95 844 194 893 κατ’
223 844 390 893 αὐτῶν.
459 843 567 892 ἀλλ’
599 842 680 891 οὐκ
712 839 770 890 ἂν
797 838 1007 904 ἐγένοντο
1043 860 1237 901 παιγνια
1265 834 1549 901 δυστροπίας
1573 837 1669 883 δια-

95 927 305 987 βολικῆς,
333 928 368 974 εὶ
399 929 498 976 ταῖς
532 928 614 974 τοῦ
639 924 857 987 Σωτῆρος
892 922 1099 972 ἐντολαῖς
1138 917 1438 981 ἠκολούθουν,
1474 918 1547 966 καὶ
1585 913 1670 978 τὴν

1 1028 3 1030 ·
31 1031 78 1056 10
95 1010 259 1059 πίστιν
283 1005 578 1072 τετηρήκασι,
606 1007 680 1054 καὶ
706 1002 786 1054 τὸν
813 1002 888 1053 διὰ
916 1002 1188 1064 Πνεύματος
1215 998 1470 1065 ἁγιασμόν.
1525 995 1553 1060 ἦ
1579 996 1670 1062 γὰρ

97 1087 154 1139 ἂν
188 1089 278 1157 ἔφη
313 1090 387 1138 καὶ
423 1089 575 1140 αὐτοῖς
614 1087 639 1136 ὁ
676 1090 768 1136 τῶν
801 1084 927 1135 ὅλων
955 1081 1122 1149 Σωτὴρ
1154 1083 1178 1132 ὁ
1213 1080 1368 1133 πάντα
1408 1082 1545 1133 τιθεὶς
1581 1078 1670 1129 ὑπὸ

1687 856 1709 877 a
1735 844 1817 879 527
1840 843 1890 877 A.

96 1169 242 1223 πόδας
272 1168 438 1237 ἐχθρόν
474 1166 641 1218 “Ἰδου
677 1166 852 1216 δέδωκα
887 1167 992 1228 ὑμῖν
1025 1169 1187 1215 πατεῖν
1217 1162 1372 1214 ἐπάνω
1408 1162 1562 1231 ὄφεων
1597 1162 1671 1212 καὶ
1734 1168 1864 1242 {huc-

97 1259 125 1281 ‘⁴
150 1251 391 1318 σκορπίων
417 1253 492 1300 καὶ
518 1251 592 1301 ἐπὶ
617 1254 780 1301 πᾶσαν
805 1247 890 1312 τὴν
917 1246 1111 1311 δύναμιν
1135 1251 1217 1296 τοῦ
1243 1247 1426 1312 ἐχθροῦ.
1808 1224 1824 1253 )

179 1434 287 1476 Τότε
313 1430 541 1484 μεταβαλεῖ
568 1434 615 1476 τὸ
642 1437 820 1483 Πνεῦμα,
850 1431 912 1473 καὶ
942 1431 1204 1472 διελεύσεται
1231 1430 1299 1470 καὶ
1325 1427 1583 1471 emmena.
1691 1421 1738 1501 13¹

32 1553 78 1592 15
162 1528 278 1582 ‘'O‘rc
308 1530 372 1595 μὴ
404 1535 464 1584 εἷς
498 1529 623 1582 ἅπαν
649 1532 891 1581 ἀπολεῖται
914 1529 968 1580 τὸ
998 1529 1131 1593 γένος
1157 1527 1211 1579 τὸ
1239 1527 1295 1596 ἐξ
1317 1525 1533 1592 Ἰσραὴλ,
1559 1523 1674 1588 μήτε

98 1611 192 1677 μὴν
228 1617 289 1666 εἰς
327 1615 470 1663 αἰῶνα
503 1611 885 1680 περιοφθήσεται,
913 1610 1022 1661 ἀλλ’
1050 1611 1183 1661 ἔσται
1220 1632 1288 1663 τις
1327 1610 1480 1662 αὐτοῖς
1518 1606 1675 1672 καιρὸς

97 1695 350 1761 εὐημερίας,
396 1697 472 1746 καὶ
513 1694 654 1748 λύσις
698 1697 780 1757 τῆς
822 1693 1082 1758 ἀνηκέστου
1125 1696 1377 1760 συμφορᾶς
1427 1689 1583 1741 οἴκαδέ
1626 1711 1676 1739 τε

99 1777 549 1842 ἀνακεκομισμένοις,
576 1779 651 1827 καὶ
682 1782 765 1827 τοῦ
800 1778 882 1839 τῆς
909 1775 1118 1828 δουλείας
1147 1773 1491 1841 ἀπορῥαγέντος
1522 1771 1675 1837 ζυγοῦ,

99 1858 264 1909 δίδωσι
295 1864 428 1917 νοεῖν,
455 1861 517 1912 ὡς
548 1861 596 1909 ἐν
620 1858 869 1926 πνεύματος
903 1859 1152 1928 μεταβολῇ,
1178 1856 1419 1907 τουτέστιν
1451 1856 1499 1904 ἐν
1530 1876 1671 1917 μετα-

33 1964 82 1989 20
101 1938 271 2007 σκέψει
301 1962 349 1990 τε
384 1942 458 1990 καὶ
497 1940 797 2008 ἑτεροβουλίᾳ
834 1938 1122 2006 γενήσεσθαι
1148 1938 1302 2004 λέγων
1325 1936 1406 1988 τὸν
1431 1941 1525 1987 τῶν
1551 1935 1677 1986 ὅλων

102 2020 371 2085 Δεσπότην.
428 2024 503 2072 καὶ
529 2023 627 2072 οὔτι
651 2021 742 2073 πού
770 2026 924 2089 φαμεν
951 2020 1021 2072 ὅτι
1046 2024 1127 2083 τῆς
1158 2020 1246 2084 ἤδη
1273 2018 1580 2085 γεγενημένης
1607 2017 1673 2067 ἐπ’

100 2104 254 2157 αὐτοῖς
292 2107 658 2171 καταψηφιεῖται
695 2107 887 2167 βουλῆς,
916 2106 978 2158 ὡς
1009 2104 1091 2153 οὑκ
1125 2101 1181 2152 ἂν
1206 2102 1404 2168 ἐχούσης
1435 2101 1505 2168 ἐφ’
1536 2101 1675 2167 ἑαυτῇ
1694 2116 1714 2141 0

100 2185 154 2237 τὸ
181 2187 229 2236 εὖ
256 2188 540 2251 γεγενῆσθαι
569 2184 687 2247 τότε,
713 2187 853 2236 ἐκεῖνο
879 2185 926 2236 δὲ
952 2190 1154 2248 μᾶλλον,
1180 2183 1250 2234 ὅτι
1275 2182 1360 2247 τὴν
1386 2185 1677 2248 ἀποχρῶσαν

102 2267 233 2333 δίκην
271 2268 484 2332 αἰτήσας,
522 2269 597 2318 καὶ
635 2266 881 2332 ἀναλόγως
918 2272 1012 2320 τοῖς
1046 2267 1316 2329 πταίσμασι
1351 2263 1435 2327 τὴν
1476 2263 1678 2314 κόλασιν

35 2366 83 2405 25
102 2348 369 2415 ἐπενεγκὼν,
414 2347 738 2416 μεταχωρήσει
780 2347 898 2414 πρὸς
949 2348 1094 2410 ἔλεον,
1146 2353 1222 2398 καὶ
1278 2343 1546 2397 διελεύσεται
1592 2343 1678 2409 τὴν

102 2430 264 2498 ὀργὴν,
293 2431 425 2482 ἔσται
457 2430 505 2481 δὲ
536 2432 609 2481 καὶ
637 2431 774 2484 ἵλεως
803 2435 898 2484 τοῖς
923 2428 1227 2494 πεπονηκόσι.
1271 2430 1411 2492 δηλοῖ
1432 2427 1524 2493 γὰρ
1551 2425 1677 2491 οἶμαι

102 2515 230 2565 τουτὶ
253 2511 306 2564 τὸ
332 2513 605 2582 {imm-erm.

153 2647 183 2670 1.
208 2634 312 2680 οὕτω]
330 2640 366 2676 -1-
382 2637 399 2669 ὁ
416 2635 640 2680 Ἀλέξανδρος
658 2634 748 2669 Edd.
766 2634 1043 2679 repugnantibus
1059 2634 1100 2667 B.
1106 2634 1151 2668 D.
1178 2632 1480 2678 [Nabuchodonos
1484 2643 1578 2665 orem
1596 2643 1677 2666 cum

103 2681 303 2717 Alexandro
320 2682 523 2716 confuditne
543 2683 586 2717 B.
606 2682 776 2727 (ΣμίΠΠΞ.
769 2684 780 2704 ³
964 2692 995 2714 2.
1014 2681 1229 2723 ἐκτεταμένην
1247 2680 1289 2714 Β.
1308 2680 1534 2722 ἐκτεθειμενην
1551 2678 1597 2712 D.
1615 2679 1676 2713 iid.

104 2740 139 2774 3.
164 2729 259 2773 αἰχμ.
276 2730 334 2763 τὸν
349 2727 388 2763 Ἰ.
406 2729 479 2763 inv.
497 2729 572 2763 ord.
593 2729 639 2763 D.
860 2737 892 2771 5.
919 2728 1098 2779 αὐχοῦντες
1116 2727 1158 2761 Β.
1381 2729 1413 2762 7.
1439 2729 1504 2759 τῶν
1520 2727 1611 2760 λαῶν
1629 2726 1676 2781 D.

103 2776 139 2810 8.
165 2774 233 2809 κατ’
253 2790 373 2810 αυτους
392 2775 484 2810 Edd.
643 2787 675 2818 9.
702 2773 796 2818 ἠκολ.
815 2774 966 2809 ἐντολαῖς
983 2774 1054 2807 inv.
1074 2773 1150 2807 ord.
1169 2773 1216 2807 D.
1267 2773 1350 2815 τὴν,
1341 2787 1378 2806 π.
1396 2786 1506 2816 τετηρ.
1511 2771 1525 2817 ]
1545 2772 1677 2816 τετιμή-

105 2836 185 2856 κασι
202 2822 262 2865 τὴν
277 2822 394 2856 πίστιν
412 2822 458 2856 D.
603 2823 656 2856 16.
682 2823 779 2856 ἔσται
796 2819 863 2865 τις]
883 2822 1042 2855 ἔνστασις
1060 2819 1153 2853 Edd.
1205 2819 1299 2863 εὐημ.
1316 2820 1428 2862 καιρὸς
1445 2819 1517 2853 inv.
1534 2818 1609 2853 ord.
1630 2819 1676 2853 D.

110 2879 163 2913 19.
189 2869 421 2914 μεταστρέψει
440 2869 482 2903 Β.
682 2879 736 2902 21.
763 2866 948 2911 δεσπότην]
970 2868 1055 2900 Θεὸν
1073 2867 1119 2900 D.
1319 2876 1374 2899 22.
1399 2864 1439 2899 ἂν
1455 2872 1677 2910 assumptum

106 2926 148 2948 ex
167 2914 213 2948 D.
263 2915 318 2959 ἐφ’
337 2916 453 2958 ἑαυτῆς
471 2916 517 2949 D.
811 2925 866 2958 23.
891 2913 1093 2958 γεγενῆσθαι
1111 2914 1197 2953 τότε,
1218 2912 1312 2947 B.D.
1330 2913 1544 2958 γεγενῆσθαι,
1562 2914 1599 2946 τὸ
1617 2911 1676 2946 lid.

110 2972 164 3004 24.
189 2961 328 3005 αἰτήσας
344 2962 436 3005 δίκην
454 2968 486 2996 et
504 2961 557 2997 ἐπ.
576 2961 634 3005 τὴν
652 2963 724 2995 κόλ.
744 2961 813 2995 inv.
831 2960 905 2995 ord.
925 2960 972 2994 D.

902 3030 931 3056 M
958 3030 979 3058 2
