1997 3361
100 188 197 229 ii.6.
567 193 639 232 IN
688 193 952 233 NAHUM.
1014 190 1163 231 TOM.
1203 191 1231 230 1.
1626 187 1673 223 Ἠ

166 312 232 353 καί
271 313 573 355 doocvu'ooumv
610 316 654 355 ἐν
691 318 741 372 τῷ
782 315 931 372 Πορείᾳ
970 315 1125 364 αὐτῶν,
1153 313 1221 353 καὶ
1255 313 1504 353 ςπεύῡουσιν
1532 309 1598 349 ἐπὶ
1627 308 1718 347 ma
1743 310 1831 344 499
1849 309 1900 343 A.

166 396 293 451 ΤΕῙΧΗ,
322 397 388 437 KG?
416 398 685 446 ὲτοιμάοουσι
713 400 787 439 Τὰς
815 399 1097 455 Προφυλακάε
1126 396 1279 437 αὐτῶν.

177 513 560 578 Καταβρίθοντος
591 521 673 565 τοῦ
708 515 917 577 πολεμου
951 517 1025 565 καὶ
1052 512 1215 566 αὐτοὺς
1245 515 1340 564 τοῖς
1372 510 1537 562 ἄλλοις
1565 509 1681 570 ὁμοῦ

101 594 206 648 τοὺς
244 596 605 659 δυνατωτάτους,
638 601 698 651 εἰς
735 603 842 647 νοῦν
868 596 1093 693 δεξονται,
1130 597 1292 661 φησὶν,
1332 590 1363 643 ἂ
1401 590 1683 657 δεδρακασιν

60 675 287 735 5ἑλόντες
321 677 406 741 τὴν
429 679 671 740 ΗΙουδαιαν,
706 702 851 743 ηγουν
886 677 950 729 ὧν
989 678 1194 730 ἐκτόπως
1235 674 1462 740 εἷρηκασι,
1501 680 1680 734 παλιμ-

102 758 286 826 φήμους
331 761 467 814 ὶεντες
509 761 688 828 φωνὰς,
731 764 805 811 καὶ
849 760 946 811 οἶον
984 760 1068 822 τὴν
1111 765 1192 809 τοῦ
1233 763 1355 809 Θεοῦ
1400 755 1545 824 δόξαν
1583 759 1684 807 ταῖς

101 840 230 906 παρὰ
274 847 417 909 σφῶν
461 843 822 909 άθυροστομίαις
867 845 1334 909 κατασφενδονῶντες
1380 843 1421 890 οἱ
1473 840 1680 889 δείλαιοι.

102 921 200 974 εἶτα
238 925 414 975 τούτων
455 925 745 989 ε’νηνεγμένοι
785 923 902 990 πρὸς
941 923 1218 988 ἀνάμνησιν,
1255 922 1460 972 εἴσονται
1501 920 1683 982 λοιπὸν,

103 1004 173 1056 ὅτι
213 1006 337 1057 Θεὸν
381 1007 542 1074 ε”χουσι
587 1009 792 1070 δυσμενῆ
839 1008 913 1057 καὶ
952 1011 1046 1058 τοῖς
1085 1010 1179 1055 τῶν
1217 1003 1551 1066 πολεμούντων
1595 1003 1678 1052 αὐ·
1702 1007 1728 1047 b

39 1114 86 1139 10
103 1087 210 1142 τοὺς
236 1088 626 1154 ὑποστρωννύντα
652 1090 789 1151 ποσὶ,
819 1089 966 1139 καίτοι
997 1087 1147 1138 πάλαι
1181 1085 1352 1139 δεινοὺς
1385 1085 1522 1138 ὄντας
1549 1084 1683 1149 ἄγαν,

103 1170 180 1220 καὶ
223 1173 388 1238 κομιδῇ
434 1171 726 1235 δυσάντητον
763 1169 849 1234 τὴν
890 1170 998 1221 καθ’
1046 1167 1110 1220 ὧν
1152 1168 1209 1219 ἂν
1254 1168 1362 1218 ἰὀιεν
1400 1165 1687 1233 προσβολὴν

103 1255 338 1302 ποιεῖσθαι
388 1253 771 1318 μεμελετηκότας.
850 1256 887 1303 εὶ
935 1252 982 1303 δὲ
1033 1250 1088 1315 δὴ
1139 1253 1213 1301 καὶ
1265 1249 1517 1316 τράποιντο
1569 1247 1687 1313 πρὸς

105 1333 277 1401 φυγὴν,
305 1335 610 1404 δυσεξίτητον
643 1334 848 1403 εὑρόντες
883 1334 936 1385 τὸ
974 1337 1146 1402 χρῆμα,
1182 1334 1256 1383 καὶ
1304 1330 1609 1388 ἀσθενήσαντες
1650 1332 1687 1380 ἐν

105 1420 204 1468 ταῖς
254 1423 445 1486 πορείαις
497 1417 632 1469 αὐταῖν
681 1417 1041 1485 μετοιχήσονται
1106 1415 1224 1481 πρὸς
1281 1412 1461 1475 βουλὰς
1511 1411 1683 1478 ἑτέρας.

41 1498 468 1562 Ι5ἐπιμελήσονται
510 1499 602 1566 γὰρ
645 1501 813 1563 τειχῶν,
854 1502 929 1550 καὶ
973 1498 1057 1552 τὰς
1101 1499 1168 1549 ἐπ’
1214 1497 1367 1547 αὐτῶν
1409 1493 1689 1558 ποιήσονται

106 1581 344 1648 φυλακάς.
407 1581 610 1633 δείκνυσι
641 1582 689 1633 δὲ
726 1581 801 1633 διὰ
832 1581 1010 1633 τούτων
1034 1578 1329 1646 ἡπορηκότας
1354 1579 1586 1643 πανταχῆ,
1614 1578 1689 1626 καὶ

107 1661 132 1712 ὅ
166 1685 209 1713 τι
244 1661 416 1727 δράσαι
455 1663 687 1731 προσήκοι
725 1664 839 1728 μηδὲ
884 1662 1060 1716 εἰδότας
1101 1662 1238 1723 ὅλως,
1279 1659 1372 1711 ἀπό
1411 1681 1464 1723 γε
1503 1681 1574 1709 τοι
1608 1663 1691 1708 τοῦ

107 1746 470 1796 κατεσκοτίσθαι
514 1745 596 1797 τὸν
638 1753 759 1809 νοῦν,
798 1748 1046 1812 μονονουχὶ
1092 1743 1140 1795 δὲ
1179 1745 1254 1794 καὶ
1299 1742 1408 1811 οἴνῳ
1447 1745 1684 1805 μεμεθυσ-

107 1825 270 1888 μένους
294 1831 394 1882 ταῖς
419 1827 634 1895 ἀκράτοις
660 1832 944 1897 συμφοραῖς,
963 1826 1048 1891 τὴν
1068 1830 1150 1890 τῆς
1177 1825 1414 1891 σωτηρίας
1440 1822 1689 1891 ἀπότευξιν
1707 1838 1728 1863 0

43 1934 92 1958 20
109 1908 431 1977 ὀλοφύρεσθαι
465 1913 539 1961 καὶ
574 1911 929 1978 διαῤῥίπτεσθαι
959 1911 1190 1975 πανταχῆ,
1217 1905 1584 1970 μεθισταμένους
1619 1906 1691 1954 εὐ-

109 1990 274 2054 κόλως,
301 1992 351 2042 ἐκ
381 1990 558 2043 τούτων
594 1992 679 2056 μὲν
717 1996 779 2046 εἷς
812 1993 974 2053 ἐκεῖνα,
1001 1991 1057 2060 ἐξ
1091 1990 1274 2041 ἐκείνων
1309 1988 1357 2039 δὲ
1391 1985 1508 2053 πρὸς
1544 1987 1689 2052 ἕτερα,

110 2075 185 2124 καὶ
210 2072 292 2124 τὸν
318 2072 390 2143 ἐφ’
420 2073 570 2125 ἅπασι
595 2074 773 2128 τούτοις
799 2074 1024 2138 ἀνόνητον
1050 2073 1196 2124 πόνον
1221 2071 1427 2139 ἔχοντας.
1483 2073 1520 2119 εἰ
1555 2068 1603 2119 δὲ
1634 2068 1690 2131 δὴ

110 2159 186 2207 καὶ
222 2156 352 2221 λε’γοι
384 2156 453 2207 ὅτι
482 2161 570 2207 Καὶ
607 2157 834 2225 φεύξονται
862 2155 1036 2224 ἡμέρας,
1072 2158 1215 2206 ἐκεῖνο
1251 2151 1379 2217 οἶμαί
1405 2174 1497 2203 που
1540 2153 1688 2214 δηλοῖ.

111 2241 246 2290 δεινοὶ
280 2238 373 2305 γὰρ
406 2237 546 2300 ὄντες,
582 2241 643 2291 ὡς
669 2238 799 2307 ἔφην,
830 2235 1270 2303 δυσκαταγώνιστοι
1300 2258 1348 2286 τε
1383 2235 1457 2284 καὶ
1492 2238 1690 2299 τραχεῖς,

46 2343 92 2377 25
113 2321 472 2388 κατοιχήσονται
498 2319 664 2371 λοιπὸν
690 2323 751 2373 εἷς
777 2325 915 2371 τοῦτο
950 2322 1123 2373 δειλίας
1158 2321 1219 2372 ὡς
1250 2314 1522 2383 ἀναφανδὸν
1548 2314 1685 2364 ἑλέσ·

115 2408 192 2454 θαι
236 2408 416 2473 φυγεῖν,
462 2404 534 2452 καὶ
577 2402 820 2467 ἀκρύπτως
857 2401 945 2465 ἤδη
994 2407 1130 2452 τοῦτο
1182 2403 1308 2465 δρᾶν,
1355 2398 1500 2448 καίτοι
1541 2396 1691 2446 πάλαι

167 2585 197 2608 1.
222 2571 488 2618 ἀσθενὴσουσιν]
510 2570 797 2627 ἐξασθενὴσουσιν
817 2570 852 2604 F.
1143 2582 1175 2615 5.
1202 2570 1348 2604 ἐκτόπως
1367 2569 1412 2601 D.
1431 2569 1579 2601 ἐκτόπων
1597 2566 1689 2601 Edd.

117 2620 150 2655 6.
177 2619 295 2665 ἱέντες]
316 2620 373 2654 Sic
391 2620 522 2653 correxi
540 2627 647 2664 post.
636 2619 768 2663 Migne.
786 2617 888 2652 ιἐντες
907 2617 952 2651 D.
972 2617 1063 2651 Edd.
1308 2627 1339 2659 7.
1364 2629 1454 2667 παρα
1473 2613 1602 2661 σφῶν]
1610 2614 1687 2657 παρ’

115 2668 223 2701 αὐτῶν
240 2667 287 2701 D.
487 2677 520 2709 9.
545 2665 714 2708 πολεμιων
732 2665 778 2697 D.
978 2675 1029 2697 ΙΙ.
1056 2664 1263 2706 δυσάντητον
1280 2662 1422 2705 κομιδῇ
1416 2673 1485 2694 mv.
1504 2655 1624 2694 ordine
1641 2661 1688 2694 D.

116 2714 176 2758 τὴν
192 2718 414 2757 assumptum
432 2725 472 2746 ex
487 2713 534 2746 D.
658 2711 708 2746 16.
735 2711 885 2755 πανταχῆ
904 2710 950 2743 D.
968 2712 1141 2754 πανταχοῦ
1162 2709 1251 2743 Edd.
1382 2718 1434 2752 17.
1460 2707 1626 2752 προσήκοι
1646 2708 1687 2741 Β.

115 2760 280 2805 προσήκει
299 2760 344 2793 D.
360 2759 452 2793 Edd.
503 2759 627 2793 Statim
644 2758 726 2802 μηδὲ
745 2758 791 2792 D.
809 2758 852 2800 μὴ
873 2756 915 2790 Β.
935 2756 1026 2790 Edd.
1076 2771 1127 2790 τοι
1145 2768 1214 2789 0111.
1234 2756 1279 2788 D.
1400 2755 1453 2788 18.
1478 2754 1688 2798 μεμεθυσμέ-

117 2822 192 2842 νους
212 2806 300 2841 Edd.
317 2806 560 2851 μεμεθυσμενοι
579 2806 621 2839 Β.
639 2804 905 2849 μεθυσκομενους
923 2803 970 2836 D.
1161 2813 1215 2836 20.
1235 2802 1386 2846 πανταχῆ
1407 2801 1447 2835 Β.
1455 2801 1499 2835 D.
1517 2804 1689 2846 πανταχοῦ

119 2853 210 2887 Edd.
462 2864 517 2886 22.
543 2853 682 2897 ἔχοντας
697 2853 800 2885 πόνον
817 2851 875 2883 inv
877 2860 953 2883 elso
970 2848 1090 2883 ordine
1109 2849 1155 2882 D.
1438 2859 1492 2892 23.
1518 2862 1569 2881 και
1587 2855 1620 2882 et
1637 2848 1688 2881 ὅτι

117 2905 296 2944 assumpta
313 2911 354 2933 ex
372 2899 418 2933 D.
468 2900 567 2942 δηλοῖ
582 2914 647 2933 που
665 2899 734 2932 inv,
752 2897 827 2931 ord.
847 2897 893 2930 D.
1111 2906 1165 2938 24.
1192 2894 1502 2939 δυσκαταγώνιστοὶ
1518 2909 1554 2929 τε
1575 2895 1618 2928 D.
1637 2896 1690 2928 καὶ

118 2947 427 2991 δυσκαταγώνιστοι
440 2945 531 2980 Edd.
546 2946 854 2990 δυσκαταγώνιστοι
870 2943 912 2976 Β.
962 2943 1100 2986 θρασεῖς
1117 2953 1178 2987 pro
1196 2943 1331 2987 τραχεῖς
1346 2942 1391 2975 D.
1535 2941 1589 2976 26.
1609 2942 1690 2985 δρᾶν

117 2995 216 3027 τοῦτο
233 2993 303 3026 inv.
321 2992 395 3027 ord.
415 2993 462 3027 D.

177 3062 268 3090 VOL.
293 3063 341 3089 II.
856 3060 881 3086 G
