2018 3387
115 191 311 245 ,mm-5.
496 189 568 229 IN
611 187 1025 228 ΖΛοιιΛηιΛΜ.
1087 185 1238 226 'ron
1267 186 1342 224 vl.
1616 185 1697 223 :317

113 320 157 348 τι
196 302 403 348 τοιοῦτον
440 298 671 360 ὑποδηλοῖ
705 294 779 344 διὰ
819 296 979 362 φωνῆς
1010 293 1230 358 Ἰερεμίου
1271 291 1426 356 λέγων
1459 296 1487 318 “
1509 290 1618 355 Οὐχ
1657 292 1699 338 οἱ
1762 303 1855 351 1153313

1762 355 1921 386 XXIII-2¹).

115 385 141 408 ‘⁶
166 379 305 444 λόγοι
331 402 421 442 μου
445 376 607 443 ὥσπερ
633 382 727 442 πῦρ
755 376 949 444 φλέγον,
979 375 1105 438 λε’γει
1135 374 1305 439 Κύριος
1341 374 1416 422 καὶ
1451 374 1512 424 ὡς
1543 368 1703 437 πέλυξ

115 468 142 490 ‘⁶
168 461 355 511 κόπτων
398 459 573 525 πέτραν
592 460 633 520 ;”
696 465 722 487 “
745 462 851 508 Ζῶν
898 456 990 521 γὰρ
1043 457 1067 505 ὁ
1118 454 1262 520 λόγος
1315 459 1398 504 τοῦ
1449 457 1573 504 Θεοῦ
1623 454 1698 502 καὶ
1766 464 1911 494 'ch-iv-

114 550 142 572 ‘⁶
169 541 358 606 ἐνεργὴς
403 543 478 591 καὶ
522 541 790 603 τομώτατος
831 541 906 589 καὶ
946 537 1256 599 διικνούμενος
1295 536 1429 602 μέχρι
1469 537 1739 599 μερισμοῦο
1769 517 1815 538 η’

70 639 92 675 υτ

115 630 140 653 “
167 625 329 691 ψυχῆς
372 623 446 672 καὶ
496 621 804 684 πνεύματος.”
878 621 1058 676 οὐκοῦν,
1107 621 1168 672 ὡς
1218 617 1352 684 ἔφην,
1400 619 1481 679 τῆς
1535 619 1596 668 εἰς
1647 614 1700 665 τὸ

114 705 302 767 ἄμεινον
328 705 622 770 μεταδρομῆς
660 707 754 753 τῶν
780 700 1151 763 πεπλανημένων
1183 704 1379 763 σημεῖον
1411 696 1467 748 ἂν
1499 697 1698 763 γε’νοιτο,

115 788 189 836 καὶ
215 785 348 848 μάλα
374 783 544 852 σαφὲς,
571 783 624 835 τὸ
652 786 917 850 διεῤῥῆχθαι
949 781 1033 835 τὰς
1066 781 1251 846 πέτρας.
1302 779 1354 830 τὸ
1382 778 1530 844 γεμὴν
1557 781 1699 846 ἐμπε-

114 866 318 936 φροίχθαι
368 865 451 919 τὰς
497 865 764 934 φάραγγας,
810 863 894 928 τὴν
938 868 1031 914 τῶν
1074 862 1311 913 Ἰουδαίων
1355 862 1594 925 πώρωσιν,
1639 862 1700 912 ὡς

114 949 246 1017 ἔφην,
300 950 542 1012 ὑποδηλοῖ.
614 947 705 1014 ἔφη
755 946 847 1012 γάρ
896 969 939 996 τι
990 950 1201 996 τοιοῦτον
1247 946 1321 994 καὶ
1374 944 1398 993 ὁ
1448 942 1702 995 θεσπέσιος

47 1051 94 1075 10
114 1030 325 1085 ‘Hoaz'as
352 1038 379 1060 ‘⁴
400 1032 492 1081 Καὶ
529 1029 663 1079 ἔσται
693 1030 741 1079 ἐν
767 1032 825 1096 τῇ
861 1028 1010 1096 ἡμέρα
1044 1027 1189 1094 ἐκείνῃ
1225 1024 1498 1093 συμφράξει
1528 1024 1701 1090 Κύριος
1763 1041 1926 1071 Effixvii.

116 1120 142 1142 ‘⁶
167 1111 260 1164 ἀπὸ
292 1115 374 1175 τῆς
410 1111 636 1178 διώρυχος
667 1115 750 1161 τοῦ
777 1115 990 1171 ποταμοῦ
1017 1109 1100 1162 ἕως
1126 1105 1530 1175 ῥινοκουρούρων,”
1559 1128 1697 1156 τουτ-
1768 1094 1815 1115 Μ’

114 1195 259 1257 ἔστιν,
286 1191 675 1262 ἐμφραχθήσεται
708 1196 802 1242 τῶν
828 1191 916 1241 ἀνὰ
951 1195 1114 1242 πᾶσαν
1147 1189 1231 1253 τὴν
1256 1187 1486 1239 Ἰουδαίαν
1519 1189 1543 1237 ὁ
1579 1192 1699 1244 νοῦς,

115 1284 143 1306 “
168 1277 244 1327 ἵνα
276 1274 532 1337 βλέποντες
569 1273 632 1338 μὴ
667 1274 906 1334 βλέπωσι,
945 1274 1017 1322 καὶ
1057 1271 1300 1323 ἀκούοντες
1338 1269 1401 1334 μὴ
1442 1268 1895 1332 ἀκούσωσιμΙΞῑυῖωε.

116 1365 143 1388 “
166 1357 283 1422 μηδὲ
322 1357 568 1407 συνιῶσι.”
636 1362 662 1384 “
683 1355 908 1418 κάλυμμα
946 1353 1039 1420 γὰρ
1080 1354 1154 1404 ἐπὶ
1193 1352 1277 1415 τὴν
1316 1352 1510 1417 καρδίαν
1550 1351 1703 1400 αὐτῶν
1764 1335 1893 1400 x2¹20er

1764 1421 1927 1452 n1.15‚14.

48 1452 93 1490 15
116 1447 143 1469 ‘⁶
170 1445 326 1502 κεῖται,
365 1437 487 1489 καθὰ
527 1438 801 1503 γέγραπται,
843 1438 916 1487 ἐπὶ
961 1440 1018 1503 τῇ
1063 1435 1328 1500 ἀναγνώσει
1369 1435 1451 1496 τῆς
1493 1436 1702 1484 παλαιᾶς

116 1530 143 1552 “
167 1520 432 1585 διαθήκης.”
485 1519 538 1570 τὸ
577 1519 632 1570 δέ
663 1542 716 1585 γε
754 1521 1006 1582 σεισθῆναι
1044 1516 1130 1581 τὴν
1158 1519 1262 1582 γῆν,
1290 1513 1600 1581 ὑπεμφήνειεν
1628 1511 1701 1571 ἂν,

115 1602 247 1668 οἶμαί
287 1625 393 1666 που,
431 1600 516 1666 τὴν
561 1601 619 1669 ἐξ
659 1600 816 1667 ἑτέρου
860 1599 983 1653 τινὸς
1027 1598 1307 1665 πράγματος
1351 1599 1413 1650 εἷς
1458 1593 1615 1661 ἕτερόν
1659 1617 1703 1644 τι

114 1685 424 1749 μετάστασιν.
502 1685 577 1734 καὶ
627 1688 742 1748 γοῦν
793 1683 817 1731 ὁ
869 1680 1121 1733 θεσπέσιος
1173 1680 1347 1730 Δαυεὶδ
1400 1675 1703 1743 ἀνακεκράγει

115 1766 270 1833 λέγων
296 1773 322 1794 “
342 1767 405 1816 Ὁ
432 1764 690 1829 καθήμενος
716 1765 790 1814 ἐπὶ
813 1768 907 1813 τῶν
933 1764 1191 1828 Χερουβὶμ,
1219 1759 1501 1822 σαλευθήτω
1527 1758 1555 1821 ἡ
1591 1758 1699 1822 γῆ.”
1765 1775 1861 1823 Pa...-

48 1870 98 1895 20
117 1850 192 1898 καὶ
226 1849 325 1898 οὔτι
359 1870 450 1898 που
489 1845 644 1913 φαμὲν
670 1847 732 1898 ὡς
757 1846 1117 1895 καταδονεῖσθαι
1142 1845 1424 1903 σωματικῶς
1449 1862 1497 1890 τε
1525 1842 1599 1889 καὶ
1626 1843 1696 1889 αἱ·
1765 1828 1915 1848 xcx-111.1.

116 1932 307 1993 σθητῶς
337 1931 606 1993 παρακαλεῖ
635 1926 720 1989 τὴν
753 1927 826 1977 ὑπ’
857 1924 1069 1992 οὐρανόν·
1119 1922 1275 1986 εὑηθὲς
1310 1921 1403 1988 γὰρ
1436 1920 1490 1971 τὸ
1528 1923 1701 1988 χρῆμα,

118 2013 193 2062 καὶ
232 2010 448 2071 οὐδεμίαν
485 2009 594 2072 ἡμῖν
632 2009 852 2071 ἐμποιοῦν
890 2006 975 2070 τὴν
1014 2005 1194 2068 ὄνησιν·
1243 2006 1386 2054 ἐκεῖνο
1426 2003 1474 2054 δὲ
1512 2007 1744 2066 μᾶλλονο

117 2092 251 2161 ἠξίου
290 2092 314 2141 ὁ
352 2087 752 2156 πνευματοφόρος,
793 2087 889 2139 οἷον
928 2087 1247 2151 μεθίστασθαι
1285 2085 1370 2150 τὴν
1407 2087 1497 2150 γῆν
1533 2085 1582 2134 ἐκ
1621 2089 1704 2134 τοῦ

120 2173 360 2240 λατρεύειν
393 2172 600 2224 εἰδώλοις
639 2172 711 2221 ἐπὶ
751 2169 805 2221 τὸ
845 2170 1007 2220 εἰδέναι
1046 2166 1214 2219 λοιπὸν
1249 2167 1330 2218 τὸν
1367 2167 1508 2234 φύσει
1544 2188 1593 2216 τε
1629 2167 1705 2215 καὶ

53 2269 100 2307 25
120 2258 309 2320 ἀληθῶς
345 2254 457 2305 ὄντα
497 2252 634 2315 Θεὸν,
668 2253 717 2302 ἐκ
756 2257 837 2302 τοῦ
876 2255 1065 2319 φρονεῖν
1099 2249 1157 2300 τὰ
1196 2248 1375 2314 σαρκὸς
1411 2250 1484 2299 ἐπὶ
1523 2246 1577 2298 τὸ
1617 2246 1704 2312 ζῆν

120 2336 296 2387 ἐθέλειν
321 2337 654 2398 πνευματικῶς,
682 2335 756 2383 καὶ
783 2333 1081 2400 ἁπαξαπλῶς
1112 2333 1160 2381 ἐκ
1197 2335 1291 2380 τῶν
1318 2331 1532 2394 ἐπιγείων
1558 2332 1618 2381 εἷς
1646 2327 1705 2377 τὰ

120 2416 383 2484 ἐπουράνια.
436 2419 474 2466 εἰ
500 2415 548 2466 δὲ
575 2415 629 2477 δὴ
657 2416 731 2465 καὶ
759 2412 876 2464 αὐτὰ
903 2413 962 2464 τὰ
989 2417 1080 2464 τῶν
1108 2411 1448 2475 κεκοιμημένων
1475 2411 1706 2478 ἀνεῷχθαι

170 2577 201 2600 2.
229 2567 345 2610 ὥσπερ
366 2564 406 2598 C.
425 2565 467 2598 ὡς
487 2562 578 2597 Edd.
763 2575 794 2604 4.
825 2562 921 2595 Haec
939 2562 992 2594 καὶ
1010 2559 1341 2603 διικν.-πνεὺματος
1359 2563 1540 2602 assumpta
1556 2569 1598 2591 ex
1618 2556 1706 2591 B.C.

122 2614 279 2656 σώματος
295 2623 360 2657 pro
376 2609 563 2654 πνεύματος
582 2609 624 2643 Β.
644 2615 683 2643 ut
702 2620 808 2653 supra
825 2608 892 2653 678
911 2607 944 2649 d,
966 2608 1031 2652 778
1051 2607 1085 2641 d.
1338 2606 1371 2638 8.
1397 2606 1572 2648 πόρρωσιν
1591 2602 1632 2637 C.
1653 2603 1708 2644 (ut

123 2659 258 2704 supra.)
422 2668 475 2691 11.
503 2658 560 2699 τῆς
580 2655 620 2689 C.
640 2657 699 2689 τοῦ
718 2654 810 2689 Edd.
875 2654 1032 2698 διόρυχος
1051 2653 1092 2687 C.
1157 2651 1360 2697 ῥινοκούρων
1377 2650 1435 2685 iid.
1455 2650 1588 2685 correxi
1606 2662 1647 2684 ex
1667 2648 1707 2683 C.

125 2716 179 2739 12.
197 2705 257 2749 τὴν
269 2703 434 2738 Ἰουδαίαν
449 2704 495 2737 D.
514 2701 606 2736 Edd.
625 2701 643 2744 ὴ
663 2708 695 2735 et
713 2717 733 2735 a
751 2702 808 2735 alt.
828 2706 911 2734 sunt
929 2711 1035 2733 manu
1052 2700 1234 2733 recentiori
1252 2698 1288 2731 in
1306 2708 1462 2731 rasuram
1482 2697 1517 2729 in
1537 2696 1592 2736 C„
1608 2696 1709 2740 quasi

122 2756 188 2786 τῶν
203 2750 375 2785 Ἰουδαίων
392 2750 489 2795 prius
508 2749 676 2793 scriptum
695 2748 830 2781 fuisset.
1062 2757 1115 2790 13.
1142 2745 1301 2785 βλέπωσι
1322 2743 1409 2778 B.C.
1427 2742 1595 2787 βλέψωσι
1614 2741 1705 2776 Edd.

122 2796 298 2832 ἀκούσωσι
316 2796 356 2831 C.
376 2796 468 2831 Edd.
487 2794 633 2829 ἀκούωσι
654 2794 695 2828 Β.
858 2802 910 2837 17.
936 2793 1024 2827 τινὸς
1042 2797 1266 2835 assumptum
1284 2802 1325 2823 ex
1346 2791 1386 2825 C.
1549 2789 1600 2822 18.
1628 2788 1706 2822 ἀνα-

124 2845 278 2888 κεκράγει
296 2843 336 2877 C.
353 2842 557 2887 ἀνακέκραγε
576 2840 667 2874 Edd.
851 2850 905 2873 20.
932 2842 1002 2873 οὔτι
1022 2838 1062 2872 C.
1082 2837 1191 2871 οὐκέτι
1209 2837 1266 2871 iid.
1450 2846 1504 2868 21.
1532 2834 1647 2878 εὔηθές
1666 2833 1706 2868 C.

126 2890 269 2933 σύνηθες
285 2889 345 2922 iid.
490 2899 544 2922 22.
572 2888 730 2930 ἐμποιοῦν
750 2886 790 2920 C.
809 2888 927 2919 ποιοῦν
945 2885 1003 2919 lid.
1068 2886 1201 2928 μᾶλλον
1218 2882 1313 2926 ἠξίου
1332 2884 1349 2916 ὁ
1366 2883 1647 2927 πνευματοφόρος
1666 2880 1706 2914 C.

125 2938 269 2979 μᾶλλον.
294 2934 408 2978 ἠξίουν
424 2936 489 2980 γὰρ
508 2936 551 2969 ὡς
567 2935 841 2977 πνευματοφόροι
860 2931 918 2966 iid.
1088 2930 1143 2964 26.
1172 2930 1205 2964 ἐκ
1225 2929 1264 2964 C.
1284 2929 1349 2963 ἀπὸ
1368 2929 1426 2963 iid.
1588 2936 1642 2972 27.
1669 2927 1710 2960 τὰ

126 2985 191 3016 τῶν
210 2996 276 3016 κεκ,
296 2982 346 3016 ἄν.
367 2981 407 3015 C.
426 2985 490 3015 τῶν
509 2995 575 3015 κεκ,
594 2981 644 3015 ἀν.
665 2980 705 3013 τὰ
723 2979 782 3013 iid.
