1997 3361
91 171 146 212 iii.
169 185 228 224 14·
536 180 609 221 IN
649 183 928 226 ABACUC.
989 187 1141 231 TOM.
1176 190 1233 232 ΙΙ.
1582 197 1660 236 157

87 303 175 346 περ
201 283 367 339 εἰδότες
393 309 441 337 τε
468 292 541 340 καὶ
568 291 796 357 λέγοντες,
818 295 887 346 ὅτι
915 304 942 326 “
961 298 1094 354 οὗτός
1119 302 1249 352 ἐστιν
1274 302 1300 353 ὁ
1325 302 1656 369 κληρονόμος.”
1720 324 1881 397 ΗΜηιὲιι.

86 363 154 415 τίς
191 363 237 414 δὲ
287 366 342 430 δὴ
386 370 476 436 ἄρα
515 375 596 435 Τῆς
638 371 863 440 ὃὈὖκθπῆς
907 380 932 429 ὁ
971 380 1143 446 ΤΡόπ-ος
1185 383 1320 435 νοοῖτ’
1364 383 1435 448 ἂν,
1475 386 1660 440 εἰκότως
1720 378 1857 406 m'3’

85 450 311 512 σαφηνιεῐ
346 451 499 516 λέγων
539 455 564 504 ὁ
609 458 860 513 θεσπέσιος
902 466 1074 513 Δαυεὶδ
1117 464 1235 530 πρὸς
1277 466 1359 517 τὸν
1402 472 1495 518 τῶν
1533 468 1696 520 ὅλωνο

1618 551 1628 567 N

86 529 283 594 Σωτῆρα
303 533 426 583 Θεόν
446 541 471 563 “
492 538 782 603 Διαμέρισον
801 542 965 597 αὐτοὺς
991 546 1038 594 ἐν
1057 549 1114 613 τῇ
1141 547 1232 615 ζωῇ
1259 550 1450 599 αὐτῶν·”
1491 549 1547 614 ἦν
1573 575 1657 613 μεν
1718 547 1771 628 ξ]
1792 558 1856 578 W·

42 626 64 664 5
84 607 176 673 γὰρ
210 614 284 662 καὶ
317 621 343 642 “
363 618 519 681 μερῖς”
549 622 686 682 Θεοῦ,
713 624 787 672 καὶ
826 631 853 653 “
872 627 1130 692 σχοίνισμα
1168 632 1476 695 κληρονομίας
1514 634 1656 684 αὐτοῦ
1717 634 1857 718 ζξέἓξο

84 697 110 719 “
136 691 378 758 Ἰσραήλ.”
432 698 585 763 ἐπειδὴ
612 700 659 751 δὲ
686 705 1081 774 πεπαρῳνήκασιν
1104 711 1305 765 ἀνοσίως
1331 716 1392 767 εἰς
1419 714 1500 764 τὸν
1526 715 1654 778 Υὶὸν,

82 772 384 838 ἀπόπεμπτος
418 780 607 845 γέγονεν
642 784 666 834 ὁ
700 786 1012 851 ἠγαπημένος,
1041 792 1115 840 καὶ
1148 793 1434 860 μεμέρισται,
1462 799 1536 847 καὶ
1562 802 1656 848 τῶν

81 858 457 912 πεπιστευκότων
482 864 727 917 άπώλισθε
763 871 844 931 τῆς
878 870 1081 934 ἐλπίδος,
1110 873 1377 942 ἀπόκληρος
1403 880 1478 928 καὶ
1514 881 1654 945 ἁπεῤ-

80 938 307 1004 ῥιμμένος,
346 944 420 993 καὶ
458 946 507 995 ἐκ
546 947 804 1011 προσώπου
837 951 1044 1016 τέθειται,
1076 956 1151 1005 καὶ
1186 958 1234 1007 ἐν
1273 959 1412 1028 μοίρᾳ
1450 960 1649 1030 δευτέρᾳ,

16 1033 62 1058 10
81 1022 156 1070 καὶ
183 1021 376 1074 κατόπιν
401 1027 557 1089 ἐθνῶν,
585 1028 626 1078 οἳ
658 1029 714 1094 δὴ
749 1033 822 1082 καὶ
859 1035 930 1100 ἐφ’
960 1035 1134 1090 ἑαυτοῖς
1162 1039 1303 1090 ε’κεῖνό
1331 1046 1481 1109 φασιν
1508 1050 1533 1072 “
1555 1045 1647 1094 Εὐ·
1713 1052 1868 1134 Iyssxiii.

82 1108 108 1130 ‘⁶
133 1105 383 1168 λογημένοι
414 1107 540 1171 ἡμεῖς
571 1115 636 1180 τῷ
667 1115 824 1183 Κυρίῳ
858 1119 924 1183 τῷ
954 1117 1205 1182 ποιήσαντι
1240 1122 1322 1172 τὸν
1353 1123 1548 1189 οὐρανὸν
1574 1127 1648 1176 καὶ
1710 1151 1759 1181 11».
1772 1151 1870 1181 cxvii.

79 1189 107 1212 “
131 1183 216 1248 τὴν
250 1187 386 1251 γῆν·”
439 1196 466 1218 “
486 1191 605 1245 Θεὸς
650 1194 835 1260 Κύριος,
877 1200 952 1248 καὶ
988 1200 1216 1269 ἐπέφανεν
1250 1205 1398 1268 ήμΐν.”
1463 1203 1647 1272 διεκόπη
1666 1251 1686 1275 a
1713 1203 1796 1278 ²5⁷·j2
1817 1241 1868 1275 A,

78 1266 231 1317 τοίνυν
265 1268 290 1317 ὁ
320 1267 533 1335 Ἰσραὴλ,
565 1276 637 1324 καὶ
676 1278 758 1340 τῆς
795 1279 1011 1341 εὐλογίας
1048 1283 1367 1349 ἐκπεπτωκὼς,
1400 1291 1528 1354 μερὶς
1565 1289 1642 1355 γέ-

77 1370 184 1413 γονε
211 1352 334 1401 Θεοῦ
370 1351 455 1414 μὲν
488 1355 647 1419 οὐκέτι,
682 1360 928 1425 διαβολικὴ
968 1362 1016 1413 δὲ
1053 1369 1242 1427 μᾶλλον
1279 1370 1355 1419 καὶ
1392 1371 1647 1437 ἀτιμοτάτη

13 1440 58 1478 15
78 1431 152 1479 καὶ
174 1431 394 1497 βέβηλος.
458 1434 554 1487 εἶτα
587 1441 691 1505 περὶ
723 1444 805 1504 τῆς
831 1443 1084 1501 ἐκστάσεῶς
1110 1451 1232 1515 φησι
1258 1450 1326 1501 ὅτι
1353 1452 1646 1514 σεισθήσ-οντοιι

78 1512 115 1562 ἑν
141 1516 262 1585 αὐτῇ,
291 1516 502 1568 τουτέστι
541 1527 808 1575 πεσοῦνται.
872 1524 926 1576 τὸ
961 1525 1053 1593 γὰρ
1084 1530 1132 1579 ἐν
1165 1531 1352 1596 δονήσει
1377 1537 1451 1585 καὶ
1477 1535 1647 1606 κλόνῳ,

76 1599 157 1644 τοῦ
187 1595 370 1647 πίπτειν
403 1600 555 1665 ἐγγύς.
623 1605 862 1672 ἐποιμώζει
894 1607 942 1659 δὲ
974 1607 1135 1677 ὥσπερ
1160 1614 1311 1669 αὐτοῖς
1335 1617 1645 1684 πολυτρόπως

75 1676 332 1728 διολωλόσι
372 1683 447 1731 καὶ
491 1683 515 1732 ὁ
552 1685 798 1753 προφήτης
836 1689 990 1755 λέγων
1021 1699 1050 1722 “
1069 1692 1213 1750 Οἶκος
1236 1697 1437 1764 Ἰσραὴλ
1465 1699 1645 1765 ἔπεσεν,
1708 1723 1812 1753 Amos
1828 1732 1859 1753 v.

76 1763 104 1785 ‘⁶
129 1758 211 1809 οὐκ
236 1759 365 1812 ε”στιν
391 1763 416 1813 ὁ
442 1765 729 1831 ἀναστήσων
755 1770 940 1824 αὐτόν.”
1712 1775 1738 1803 1’
1755 1776 1783 1796 2‘

7 2006 57 2032 20
166 1993 432 2040 Διανοίὲουσι
458 2002 652 2055 χαλινοὺς
678 2004 832 2058 αὐτῶν,
858 2007 918 2050 ὡς
944 2008 967 2052 ὁ
993 2010 1146 2053 ἐσθίων
1172 2015 1341 2071 Πτωχὸς
1368 2017 1518 2075 λάθρα.
1665 2023 1690 2063 b

150 2129 364 2195 Πλείστη
397 2131 481 2195 μὲν
513 2133 605 2199 ὅση
640 2140 720 2201 τῆς
746 2161 794 2190 τε
820 2142 1056 2208 συνθήκης
1081 2146 1222 2210 αὐτῆς
1247 2150 1321 2199 καὶ
1352 2153 1435 2214 τῆς
1471 2152 1644 2221 λέξεως

75 2207 102 2271 ἡ
133 2210 392 2277 δυσχέρειω
433 2214 563 2280 πλὴν
599 2219 789 2283 ἐροῦμεν
823 2224 885 2276 ὡς
918 2224 996 2287 ἔνι,
1035 2227 1396 2285 διαστέλλοντες
1430 2233 1478 2283 εὖ
1511 2233 1644 2297 μάλα

73 2294 167 2340 τῶν
198 2293 381 2345 ἐννοιῶν
411 2296 496 2360 τὴν
528 2298 732 2365 δύναμιν.
797 2305 1165 2372 ἀφηγησάμενος
1203 2312 1356 2363 τοίνυν
1380 2315 1466 2377 τὴν
1493 2317 1636 2367 κατά-

73 2395 264 2433 στασιν,
312 2377 361 2427 ἐν
408 2376 437 2445 ᾗ
487 2379 673 2435 πάντως
724 2383 811 2434 ἔδει
861 2385 944 2440 τὰς
993 2393 1087 2440 τῶν
1138 2393 1384 2445 δυναστῶν
1423 2397 1641 2462 γενέσθαι

6 2465 54 2505 25
74 2455 295 2521 κεφαλὰς,
323 2460 549 2524 τουτέστι,
576 2462 682 2516 τοὺς
709 2469 1017 2531 καθηγεῖσθαι
1042 2472 1277 2539 λαχόντας
1302 2479 1383 2540 τῆς
1407 2483 1500 2529 τῶν
1525 2478 1640 2533 Ἰου-

72 2536 212 2587 δαίων
238 2541 536 2607 Συναγωγῆς,
570 2545 776 2607 μέτεισιν
809 2547 941 2602 εὐθῦς
977 2552 1050 2602 ἐπὶ
1087 2553 1194 2608 τοὺς
1232 2557 1388 2622 ἁγίους
1424 2562 1635 2613 ἀποστό-

71 2624 196 2682 λους,
222 2619 264 2670 οἳ
296 2621 422 2673 πολὺ
457 2623 541 2687 μὲν
576 2624 699 2694 εἶχον
735 2630 784 2678 ἐν
821 2631 985 2698 ἀρχαῖς
1021 2638 1115 2685 τῶν
1145 2637 1405 2690 διωκόντων
1434 2642 1488 2693 τὸ
1520 2644 1635 2699 δέος.

122 2804 150 2828 Ι.
175 2809 210 2828 τε
228 2801 260 2830 et
277 2795 326 2831 ὅτι
344 2809 414 2832 om.
434 2799 480 2833 D.
710 2814 743 2849 3.
769 2805 947 2850 σαφηνίζει
965 2806 1056 2842 Edd.
1292 2813 1324 2848 6.
1348 2813 1489 2860 Ἰσραήλ
1506 2829 1575 2853 om.
1594 2819 1638 2855 B.

72 2838 143 2873 ἐπεὶ
159 2841 194 2874 δέ
213 2841 259 2876 D.
306 2845 540 2892 πεπαρῴνηκεν
559 2847 602 2882 Β.
777 2851 809 2885 8.
835 2852 1026 2899 ἁπώλισθε]
1046 2854 1192 2902 ἀπέτυχε
1211 2857 1258 2892 D.
1427 2863 1528 2906 8—15.
1553 2865 1639 2900 ἀπό-

72 2886 292 2930 κληρος-καὶ
307 2891 458 2936 βέβηλος
473 2905 543 2928 om.
562 2894 605 2928 B.
796 2909 848 2932 11.
877 2899 969 2942 ὑμεῖς
987 2900 1033 2935 D.
1223 2916 1277 2939 20.
1306 2909 1441 2953 πτωχὸν
1458 2910 1505 2944 D.
1524 2912 1637 2957 (153.)

75 2941 128 2965 21.
152 2947 188 2966 τε
204 2946 273 2969 om.
294 2936 335 2972 B.
500 2951 554 2985 23.
579 2942 742 2977 ἔκστασιν
759 2943 805 2979 D.
823 2945 934 2979 invito
952 2946 986 2980 b.
1148 2960 1203 2993 24.
1227 2951 1432 2996 γενήσεσθαι
1449 2958 1508 2992 τὰς
1524 2962 1590 2994 τῶν
1606 2960 1637 2994 δ.

73 2979 222 3022 κεφαλὰς
237 2981 271 3016 b.
367 2994 420 3029 25.
439 2988 498 3020 τοῦ
515 2999 577 3032 pro
595 2988 671 3024 τοὺς
689 2989 735 3024 D.
833 3001 888 3036 27.
911 2993 1000 3039 ἀρχῇ
1021 2994 1113 3031 Edd.
1163 2998 1198 3032 ἐν
1214 2998 1334 3045 ἀρχαῖς
1350 3001 1456 3047 ἔσχον
1474 3003 1521 3039 D.
