2053 3382
93 267 253 300 Palxxiv.

93 310 122 341 6.

317 159 402 198 534
712 160 760 200 B.
806 160 1080 200 CYRILLI
1120 161 1503 202 ALEXANDR.
1726 162 1897 216 xiv.15.

435 268 449 285 Χ
546 269 559 284 Χ
821 266 833 283 Ι
1074 270 1088 287 X
1258 275 1278 283 n
1426 270 1436 285 ί
1526 269 1536 286 Ι
1716 269 1729 286 N
1865 276 1885 285 Α

317 273 450 332 λυροι
486 289 560 317 και
596 271 986 334 φιλεγκλημονες,
1014 291 1089 318 και
1124 275 1383 322 λαλουντες
1410 272 1590 320 αδικιαν
1617 292 1735 320 κατα
1762 274 1900 333 Θεου,

315 347 581 413 ἐπαίροντές
605 370 655 398 τε
682 351 756 398 καὶ
784 352 845 402 εἰς
869 350 992 418 ὕψος
1017 349 1071 400 τὸ
1098 350 1247 416 κε’ρας,
1268 349 1388 401 κατὰ
1413 349 1500 415 τὴν
1519 357 1601 402 τοῦ
1620 349 1901 417 ψάλλοντος

276 441 297 466 e
317 428 496 497 φωνὴν,
525 428 686 494 ἐπάγει
720 430 967 497 χρησίμως
1002 431 1071 482 ὅτι
1099 431 1213 492 Αὕτη
1243 432 1367 483 ἔσται
1398 458 1419 492 η
1451 432 1624 488 πτῶσις
1649 432 1729 484 τῶν
1750 432 1903 483 ἵππων

318 515 395 561 καὶ
426 510 502 561 τῶν
523 512 696 578 ἡμιόνων
726 518 803 563 καὶ
831 512 910 563 τῶν
939 515 1153 581 καμήλων
1183 518 1260 565 καὶ
1288 513 1366 564 τῶν
1394 514 1487 565 ἔνων
1517 519 1593 565 καὶ
1623 514 1797 565 πάντων
1824 512 1903 564 τῶν

317 591 485 650 κτηνῶν.
543 591 637 643 ἀπὸ
671 593 726 643 δέ
750 616 804 659 γε
840 598 933 645 τῶν
959 594 1219 661 ὑποζυγίων
1246 593 1353 648 τοὺς
1384 596 1538 650 αὐτοῖς
1564 596 1900 663 ε’ποχουμένους

314 674 557 738 ὑποδηλοΐ.
612 675 873 742 ἐπεφύοντο
908 675 1002 742 γὰρ
1036 681 1133 730 τοῖς
1166 677 1408 730 Ἰουδαίοις
1441 680 1516 728 καὶ
1551 679 1705 731 αὐτοῖς
1733 676 1782 728 δὲ
1806 683 1902 731 τοῖς

312 755 663 820 Ἰεροσολύμοις
690 761 731 807 οἱ
758 759 991 809 ἀπωτάτω
1022 781 1069 809 τε
1101 760 1177 809 καὶ
1207 758 1266 809 τὰ
1297 758 1508 824 περίοικα
1534 764 1628 809 τῶν
1655 761 1815 810 ἐθνῶν·
1859 763 1902 810 οἱ

311 836 397 898 μὲν
419 837 586 891 ’ἵπποις
614 837 791 906 ε”π-οχοι,
822 839 1127 900 Βαβυλώνιοί
1155 863 1202 891 τε
1237 843 1313 891 καὶ
1342 841 1484 906 Σύροι
1511 842 1586 891 καὶ
1618 839 1711 905 μὴν
1737 843 1811 892 καὶ
1843 840 1901 891 τὰ

313 920 585 984 Αἰγυπτίων
611 920 736 984 ἔθνη·
780 924 822 971 οἱ
848 921 896 972 δὲ
924 925 1162 989 καμήλους
1189 944 1239 972 τε
1271 924 1345 973 καὶ
1374 924 1492 976 ὅνους
1527 925 1603 973 καὶ
1636 924 1754 988 ὀρεῖς
1788 923 1900 973 ὑπο-

312 999 568 1069 ζεύξαντες,
593 1000 692 1052 οἷον
718 1006 987 1065 Μωαβῖται,
1015 1005 1090 1054 καὶ
1118 1007 1160 1054 οἱ
1190 1006 1272 1067 τῆς
1300 1003 1471 1070 ἐρήμου
1498 1003 1707 1068 νομάδες,
1734 1002 1799 1054 ῶν
1825 1006 1899 1055 καὶ

91 1086 181 1120 809
197 1085 247 1119 Α·
272 1083 337 1133 26
363 1082 613 1151 προφήτης
637 1084 846 1138 ζΗσαῖας
872 1085 1176 1149 διαμέμνηται
1204 1085 1360 1151 λε’γων
1386 1084 1514 1136 “Ἐν
1540 1090 1597 1152 τῇ
1631 1086 1797 1153 θλίψει
1826 1091 1900 1136 καὶ

90 1136 143 1166 Es.
164 1146 241 1166 xxx.

89 1178 120 1209 6.

89 1407 140 1438 Il).
158 1407 225 1438 xxi.

313 1171 339 1194 ‘⁶
365 1168 423 1232 τῇ
467 1167 760 1235 στενοχωρίᾳ
804 1167 927 1217 λε’ων
971 1169 1045 1217 καὶ
1097 1167 1305 1230 σκύμνος
1349 1166 1557 1229 λεόντος,
1609 1169 1779 1218 ἐκεῖθεν
1825 1170 1899 1218 καὶ

312 1252 338 1275 “
363 1247 559 1300 ἀσπίδες
586 1250 661 1298 καὶ
688 1248 857 1314 ἔκγονα
882 1249 1100 1300 ἀσπίδων
1124 1249 1405 1311 πετομένων,
1423 1248 1466 1299 οἳ
1491 1249 1658 1317 ε”φερον
1683 1247 1752 1300 ἐπ’
1780 1247 1901 1300 ὅνων

312 1334 338 1357 “
366 1330 441 1378 καὶ
477 1329 705 1393 καμήλων
730 1329 812 1381 τὸν
838 1336 1048 1382 πλοῦτον
1074 1330 1270 1384 αὑτῶν.”
1321 1335 1572 1383 τεθεᾶσθαι
1610 1330 1658 1382 δὲ
1692 1333 1768 1382 καὶ
1802 1332 1897 1382 ἑτέ-

310 1411 432 1475 ρωθί
453 1414 604 1479 φησιν
621 1417 648 1439 “
664 1410 908 1476 ἀναβάτην
929 1411 1038 1463 ὅνου
1064 1414 1139 1463 καὶ
1165 1411 1408 1477 ἀναβάτην
1427 1412 1685 1478 καμήλου.”
1726 1411 1898 1481 γράφει

311 1490 367 1555 δὴ
402 1492 484 1542 οὖν
509 1491 615 1546 τοὺς
651 1496 734 1557 τῆς
769 1494 990 1558 ἀληθείας
1024 1493 1219 1561 ἐχθροὺς
1255 1497 1316 1547 ὡς
1351 1496 1398 1545 ἐν
1424 1495 1557 1564 τύπῳ
1590 1499 1687 1548 τοῖς
1721 1494 1895 1553 ἔθνεσι,

310 1578 406 1627 τοῖς
457 1575 525 1624 ἀεὶ
573 1574 931 1639 πεπολεμηκόσι
979 1574 1065 1640 τὴν
1115 1575 1317 1641 ἐπίγειον
1360 1575 1691 1642 Ἰερουσαλὴμ,
1743 1575 1796 1627 ἵν’
1844 1578 1867 1626 ε’

312 1655 467 1705 αὐτῶν
512 1659 690 1718 νοῶμεν
731 1654 840 1710 τοὺς
883 1655 993 1708 καθ’
1035 1657 1169 1720 ἡμῶν
1212 1656 1407 1723 ὁρατούς
1450 1680 1499 1708 τε
1550 1659 1626 1708 καὶ
1671 1657 1899 1723 ἀοράτους

311 1735 518 1803 ἐχθροὺς,
543 1735 662 1803 πρὸς
697 1737 776 1791 οὓς
810 1738 970 1801 ἡμῖνὴ
1006 1736 1152 1805 μάχη.
1208 1743 1245 1789 εὶ
1280 1737 1329 1789 δὲ
1365 1738 1420 1803 δὴ
1454 1738 1678 1799 βούλοιτό
1713 1762 1781 1793 τις
1822 1741 1899 1790 καὶ

310 1821 373 1871 εἰς
410 1818 611 1884 τρόπους
650 1819 900 1888 ἀναφέρειν
931 1824 1025 1870 τῶν
1055 1823 1137 1884 τῆς
1162 1819 1454 1885 Ἐκκλησίας
1493 1822 1674 1887 ἐχθρῶν
1707 1819 1766 1871 τὰ
1803 1825 1898 1872 τῶν

310 1904 492 1964 κτηνῶν
518 1901 764 1965 ἰδιώματα,
794 1901 848 1952 τὸ
875 1903 1063 1953 ἀδικοῦν
1088 1901 1219 1953 οὐδὲν
1243 1904 1388 1953 ἐκεῖνο
1414 1900 1560 1971 φάναι
1586 1925 1634 1953 τε
1658 1904 1733 1953 καὶ
1760 1908 1894 1954 νοεῖν·

309 1982 370 2034 ὠς
402 1984 444 2032 οἱ
476 1980 562 2045 μὲν
587 1982 842 2049 γεγόνασιν
877 1984 1092 2050 ὁρμητίαι
1126 1987 1201 2035 καὶ
1237 1988 1441 2050 θρασεῖς,
1473 1985 1535 2037 ὠς
1565 1984 1699 2035 ’ἵπποι
1732 1983 1892 2052 τυχόν·

309 2063 515 2128 περιθείη
541 2062 585 2114 δ’
614 2064 672 2114 ὀίν
697 2087 765 2119 τις
793 2065 946 2118 αὐτοῖς
978 2067 1053 2116 καὶ
1085 2065 1218 2128 μάλα
1253 2065 1440 2119 εἰκότως
1473 2064 1528 2115 τὸ
1564 2065 1822 2133 φιλήδονόν
1847 2089 1897 2117 τε

310 2146 386 2195 καὶ
423 2146 707 2209 θηλυμανές·
761 2149 801 2197 οἱ
841 2146 889 2197 δὲ
928 2148 1101 2215 ἡμιόνων
1135 2148 1268 2211 δίκην
1301 2147 1461 2213 ἄγριοί
1493 2169 1542 2197 τε
1580 2149 1655 2197 καὶ
1692 2148 1895 2211 ἀπηνεῖς,

309 2226 595 2292 ἀγριωτέρας
629 2227 677 2278 δὲ
712 2227 854 2282 αὑτὰς
889 2230 964 2279 καὶ
1000 2233 1095 2282 τοῖς
1125 2227 1380 2293 (Ελλήνων
1407 2233 1620 2292 ποιηταῖς
1658 2228 1895 2296 ὀνομάζειν

309 2310 425 2362 ἔθος·
472 2312 514 2360 οἱ
549 2308 597 2360 δὲ
635 2312 864 2378 καμήλοις
900 2309 1020 2361 κατά
1054 2333 1107 2376 γε
1141 2310 1227 2375 τὴν
1258 2311 1355 2379 ἕξιν
1383 2309 1727 2375 προσεοικότες,
1752 2333 1892 2363 τουτ-

310 2389 442 2441 ε’στιν
484 2390 647 2442 ἄνισοί
684 2414 735 2442 τε
778 2393 855 2442 καὶ
901 2392 1136 2459 ἀλαζόνες,
1175 2394 1302 2460 ὑψοῦ
1340 2414 1390 2443 τε
1434 2391 1638 2458 ἠρμένην
1679 2392 1737 2461 ἐξ
1776 2394 1895 2443 ἀπο-

269 2486 291 2512 0
309 2471 517 2540 πληξίας
554 2471 639 2537 τὴν
677 2472 883 2525 διάνοιαν
921 2473 1118 2542 ἔχοντες·
1165 2477 1207 2525 οἱ
1247 2473 1295 2525 δὲ
1336 2475 1413 2524 καὶ
1454 2475 1547 2525 ἔνων
1585 2472 1894 2539 διενεγκόντες

359 2646 391 2669 2.
417 2635 471 2669 καὶ
488 2641 710 2681 assumptum
728 2647 770 2671 ex
790 2635 878 2670 B.C.
1096 2647 1131 2681 3.
1157 2636 1276 2682 ἐπάγοι
1295 2634 1337 2671 C.
1549 2647 1583 2677 4.
1608 2634 1662 2669 καὶ
1678 2634 1812 2669 πάντων
1827 2638 1895 2670 τῶν

310 2685 437 2725 κτηνῶν
454 2693 524 2716 om.
544 2682 586 2717 C.
765 2682 797 2717 6.
824 2684 894 2718 τοῖς
910 2682 1007 2727 prius
1024 2693 1094 2717 om.
1115 2682 1157 2717 C.
1337 2690 1369 2727 7.
1395 2696 1431 2716 τε
1448 2692 1518 2715 orn.
1539 2681 1580 2715 C.
1753 2681 1786 2716 8.
1814 2681 1892 2716 ε’πο-

310 2728 468 2772 χούμενοι
487 2728 528 2762 C.
735 2755 742 2764 .
768 2727 872 2774 ὀρεῖς]
893 2728 1048 2773 ἡμιόνους
1067 2728 1108 2764 C.
1298 2739 1351 2762 10.
1378 2728 1518 2771 νομάδες
1536 2726 1623 2761 B.C.
1640 2726 1781 2771 μονάδες
1798 2727 1894 2763 Edd.

315 2774 368 2808 16.
394 2774 553 2818 ἀληθείας
571 2774 617 2808 D.
637 2774 692 2809 Ed
720 2802 727 2809 .
746 2775 928 2820 ἐκκλησίας
947 2774 988 2809 C.
1150 2783 1202 2820 17.
1227 2774 1266 2809 ἶν’
1286 2774 1327 2809 C.
1345 2774 1398 2808 ἵνα
1416 2773 1508 2808 Edd.
1670 2784 1723 2818 19.
1749 2773 1894 2818 ἐχθροὺς

310 2831 380 2854 om.
400 2820 441 2854 C.
460 2821 565 2856 habet
584 2821 630 2855 D.
893 2833 948 2856 20.
972 2823 1119 2867 τρόπους
1138 2821 1179 2856 C.
1197 2822 1324 2866 τρόπον
1342 2821 1388 2855 D.
1406 2820 1510 2854 τύπον
1527 2818 1620 2854 Edd.
1685 2821 1743 2863 τῆς
1760 2832 1829 2854 om.
1850 2820 1892 2856 C.

309 2865 414 2900 habet
436 2867 479 2901 D.
604 2878 658 2902 21.
684 2868 737 2902 καὶ
755 2874 977 2913 assumptum
994 2880 1035 2902 ex
1056 2868 1144 2903 B.C.
1266 2878 1322 2901 22.
1347 2867 1528 2912 γεγόνασιν
1547 2865 1587 2899 C.
1607 2864 1782 2910 ἐφάνησαν
1800 2866 1892 2902 Edd.

309 2912 448 2955 θαρσεῖς
466 2913 507 2947 C.
652 2924 707 2958 25.
733 2914 948 2959 ἁγρειοτέρας
967 2913 1009 2949 C.
1159 2923 1213 2959 27.
1239 2912 1398 2959 ἠρμένην]
1420 2912 1504 2946 Post
1521 2912 1587 2945 hoc
1605 2912 1751 2947 verbum
1769 2913 1892 2947 folium

309 2958 477 2992 amissum
496 2960 531 2993 in
551 2960 597 2994 D.
616 2961 728 3005 pergit
744 2961 827 3004 μηδὲ
843 2960 940 3005 ἔλθῃ.
961 2961 1044 3005 (811
1062 2960 1115 3005 b.)
1307 2960 1361 2994 28.
1388 2959 1441 2993 καὶ
1459 2964 1681 3003 assumptum
1699 2971 1741 2994 ex
1761 2958 1849 2994 B.C.

1923 607 1945 646 5

1927 1024 1972 1048 10

1919 1842 1968 1866 20

1916 2243 1964 2281 25
