1997 3361
103 162 159 204 iii.
192 178 279 220 1—3.
553 166 624 205 IN
670 164 934 204 NA1111'M.
995 163 1146 203 '1¹0M.
1183 163 1214 201 Ι.
1620 163 1668 200 51

172 273 259 322 Ἐκ
299 279 381 324 τοῦ
419 273 680 342 πεφυκότος
711 275 937 339 γίνεσθαι,
979 274 1222 336 πεποίηται
1259 270 1405 321 πάλιν
1445 273 1468 321 ὁ
1509 269 1668 336 λόγος.

99 353 205 408 τοὺς
242 354 334 420 γάρ
371 378 440 406 τοι
479 355 601 406 δασὺ
634 359 874 419 κομῶντας
908 359 1002 405 τῶν
1046 353 1236 418 θάμνων
1279 353 1673 418 καταπυκάζοντες
1695 365 1719 405 b

100 437 244 489 λίνοις
279 441 321 488 οἱ,
355 439 662 504 ὀρνιθοθῆραι,
691 437 1083 502 καταδράττονται
1112 435 1347 488 πολλάκις
1373 439 1466 486 τῶν
1491 435 1564 485 ὑπ’
1594 436 1674 485 αὐ-

98 523 193 571 τοῖς
247 518 567 585 κεκρυμμένων
615 521 779 587 χερσὶν
828 518 1140 587 ε’παφώμενοι.
1225 520 1299 569 καὶ
1350 517 1489 584 τέχνη
1537 522 1674 567 τοῦτο

58 603 266 655 5αὐτοῖς.
336 606 411 653 οὐκ
453 602 518 653 ἔτι
562 602 618 666 δὴ
664 604 744 654 οὖν
785 600 1167 671 ψηλαφηθήσεται
1204 603 1303 672 θήρα.
1342 603 1496 655 αὐτοῖς
1537 603 1674 670 φησὶ,

98 685 340 735 τουτέστιν
383 686 465 735 οὐκ
510 684 567 735 ἂν
611 685 676 735 ε”τι
727 685 999 751 θηρεύσειαν
1051 685 1171 736 καθὰ
1223 687 1297 735 καὶ
1349 683 1498 735 πάλαι
1541 683 1673 747 τινὲς,

100 766 244 831 ἤγουν
273 766 332 817 τὰ
368 768 534 832 ἑτέρων
565 772 626 821 εἷς
663 765 849 820 ἑαυτοὺς
880 766 1225 833 διαρπάζοντες,
1256 768 1352 817 οὐδ’
1384 765 1442 817 ἂν
1467 765 1673 831 γένοιντο

98 847 227 914 πάγη
263 851 338 899 καὶ
376 849 552 917 βρόχος
586 855 681 903 τοῖς
719 849 1086 915 ἀσθενεστέροις,
1115 849 1360 916 φροντίδος
1395 850 1548 901 αὐτοῖς
1580 848 1673 899 ἑτέ-

97 954 182 996 ρας
228 930 614 996 ἐπεισπεσούσης,
667 933 740 982 καὶ
791 936 874 982 τοῦ
928 934 1033 997 περὶ
1083 935 1176 982 τῶν
1225 929 1439 998 ἐσχάτων
1491 932 1672 996 ἀγῶνος

32 1031 79 1056 10
98 1013 428 1079 ἐπηρτημένου.
507 1014 639 1064 ἔσται
682 1012 774 1079 γὰρ
825 1014 873 1063 ἐν
923 1015 1039 1079 αὐτῇ
1096 1012 1212 1082 φωνὴ
1270 1020 1518 1080 μαστίγων.
1595 1012 1709 1063 καίο

96 1119 174 1159 μοι
213 1095 357 1146 πάλιν
392 1097 416 1146 ὁ
450 1094 708 1164 Προφήτης
747 1099 873 1146 δοκεῖ
901 1093 986 1159 τὴν
1024 1097 1072 1146 ἐκ
1110 1101 1192 1146 τοῦ
1229 1095 1438 1156 πολέμου
1476 1095 1667 1160 τύρβην,

96 1177 192 1228 οῖον
223 1180 271 1228 ἐν
308 1177 418 1246 ὄψει
452 1177 671 1241 κειμένην,
701 1179 991 1245 ἀφηγεῖσθαι
1024 1182 1208 1244 σαφῶς.
1276 1178 1362 1245 ὁρᾷ
1387 1176 1479 1242 γὰρ
1506 1176 1668 1242 ὥσπερ

96 1259 519 1326 ἱπποκροτουμένην
556 1259 640 1323 μὲν
672 1258 759 1324 τὴν
795 1259 949 1322 πόλιν,
985 1262 1059 1310 καὶ
1099 1264 1193 1313 τοῖς
1233 1263 1415 1327 τροχοῖς
1453 1263 1546 1309 τῶν
1579 1261 1663 1323 ἁρ-

95 1342 255 1405 μάτων
291 1342 742 1406 κατακτυπουμένην,
778 1344 853 1392 καὶ
893 1343 1187 1409 παντευχίαις
1219 1345 1457 1407 λαμπραῖς
1492 1342 1664 1391 ἐναστ-

30 1436 76 1473 15
94 1422 356 1488 ράπτοντας
382 1423 488 1478 τοὺς
514 1427 855 1492 καταδῃοῦντας
888 1423 1044 1488 αὐτὴν,
1073 1427 1146 1474 καὶ
1182 1426 1380 1490 ἀριθμοῦ
1406 1423 1668 1488 κρείττονας

94 1506 200 1558 τους
238 1506 539 1570 διολωλότας,
565 1507 715 1561 οἴκους
753 1530 801 1557 τε
836 1505 941 1560 τοὺς
975 1509 1022 1557 ἐν
1048 1507 1164 1574 αὐτῇ
1193 1504 1664 1567 κατασεσεισμένους·

94 1588 318 1653 μέμνηται
361 1589 455 1656 γὰρ
499 1591 574 1640 καὶ
624 1591 810 1660 βαρείας
860 1589 1085 1643 πτώσεως.
1158 1587 1446 1651 κατατέθηπε
1493 1586 1554 1650 δὲ,
1599 1586 1670 1638 ὅτι

93 1672 299 1736 πλείστη
342 1670 427 1734 μὲν
469 1671 561 1736 ὅση
601 1676 695 1722 τῶν
738 1673 785 1722 ἐν
832 1672 949 1739 αὐτῇ
992 1669 1415 1736 συναγηγερμένων
1459 1671 1604 1720 ἐθνῶν
1642 1669 1715 1733 &d

93 1752 292 1817 πληθὺς,
316 1753 487 1808 πάντες
524 1753 571 1805 δὲ
610 1754 829 1820 ἄνανδροι
867 1755 942 1803 καὶ
979 1751 1034 1804 τὸ
1069 1752 1238 1803 ἄναλκι
1265 1756 1512 1804 νοσοῦντες
1535 1750 1665 1802 ἐκτό-

27 1855 76 1879 20
94 1858 206 1897 πως,
234 1838 309 1886 καὶ
346 1835 472 1887 πολὺ
511 1836 620 1886 λίαν
661 1837 843 1886 εὔκολοι
883 1834 1000 1900 πρὸς
1039 1835 1226 1886 δειλίαν.
1282 1835 1357 1884 καὶ
1397 1832 1483 1896 τὴν
1520 1833 1671 1884 αἰτίαν

95 1916 224 1970 εὐθὺς
249 1919 522 1981 ἀποδίδωσι,
549 1918 702 1985 λέγων
734 1917 805 1969 ὅτι
831 1917 1126 1978 οἱσθενήσουσιν
1159 1918 1196 1968 ἐν
1231 1919 1319 1971 τοῖς
1352 1916 1554 1982 σώμασιν
1590 1919 1670 1966 αὐ-

94 1999 172 2049 τῶν
209 2000 300 2051 <in-*o
336 1999 522 2061 πλήθους
558 2003 769 2070 πορνείας.
836 1999 990 2062 ἐπειδὴ
1017 1997 1109 2065 γὰρ
1142 2004 1318 2066 φαῦλοι
1342 1995 1568 2062 γεγόνασι
1594 2000 1668 2048 καὶ

93 2085 286 2147 πονηροὶ
310 2081 417 2136 τοὺς
438 2081 650 2148 τρόπους,
677 2084 752 2133 καὶ
781 2081 978 2147 προσέτι
1017 2084 1090 2133 καὶ
1129 2079 1480 2145 εἰδωλολάτραι,
1507 2080 1581 2128 καὶ
1607 2084 1669 2132 εἰς

93 2164 335 2228 πλάνησιν
369 2164 573 2217 ἐκτόπως
607 2163 968 2225 ἀπονενευκότες,
994 2162 1210 2230 ταύτῃτοι
1249 2162 1431 2214 δικαίως
1458 2162 1668 2214 ἀσθενεῖς

27 2263 74 2299 25
95 2246 281 2297 ε”σονται
319 2248 393 2297 καὶ
433 2249 663 2312 περιδεεῖς,
708 2247 783 2296 καὶ
823 2246 920 2297 οὐδ’
967 2246 1084 2296 ὅσον
1125 2248 1265 2296 εἰπεῖν
1307 2242 1395 2295 κᾶν
1438 2248 1552 2309 γοῦν
1589 2244 1662 2294 ἐν-

95 2331 261 2392 νοῆσαι
287 2328 431 2391 μόνον
454 2325 766 2394 ἀνασχόμενοι
792 2325 876 2391 τὴν
903 2327 1196 2378 ἀντίστασιν.

145 2491 173 2514 1.
199 2480 265 2524 γίν.
282 2480 475 2524 πεφυκότος
492 2485 524 2512 et
540 2480 643 2513 πάλιν
659 2492 738 2512 πεπ.
758 2478 893 2512 inverso
911 2477 1032 2512 ordine
1051 2478 1097 2512 D.
1445 2488 1476 2511 2.
1502 2477 1600 2510 δασεῖ
1617 2477 1664 2511 D.

93 2539 127 2572 3.
152 2525 381 2571 ὀρνιθοθῆραι]
401 2526 596 2570 ὀρνεοθῆριιι
616 2526 661 2558 D.
711 2525 746 2558 ἐν
762 2536 825 2570 pro
842 2524 895 2559 ὑπ’
916 2525 961 2559 D.
1019 2534 1052 2569 5,
1068 2524 1100 2558 6.
1126 2524 1238 2559 αὐτοῖς
1255 2525 1313 2557 alt.
1331 2529 1364 2557 et
1381 2524 1429 2557 ἔτι
1446 2531 1665 2558 accesserunt

93 2587 134 2608 ex
154 2574 200 2607 D.
340 2573 372 2606 6.
399 2571 499 2618 καθὰ]
520 2573 626 2608 καθὼς
645 2571 736 2606 Edd.
879 2581 910 2615 7.
936 2571 1072 2606 ἑαυτοὺς
1090 2571 1136 2605 D.
1155 2571 1274 2605 αὐτοὺς
1291 2569 1350 2604 iid.
1491 2571 1523 2604 8.
1550 2570 1665 2613 ἑτέρας

93 2619 322 2663 ἐπιπεσούσης
339 2619 451 2654 αὐτοῖς
467 2631 530 2664 pro
548 2619 659 2653 αὐτοῖς
676 2620 721 2651 ἑτ.
740 2617 917 2652 ἐπεισπεσ.
938 2619 984 2652 D.
1127 2629 1159 2662 9.
1187 2620 1252 2650 τῶν
1269 2622 1490 2661 assumptum
1507 2628 1549 2650 ex
1569 2617 1662 2651 B.D.

97 2678 149 2701 10.
175 2667 350 2711 μαστίγων
366 2666 493 2699 retinui
511 2678 551 2699 ex
571 2665 661 2699 Edd.
680 2665 724 2699 cf.
743 2665 931 2710 sequentia.
950 2665 1152 2709 σαλπίγγων
1171 2664 1264 2698 ss.D.
1549 2674 1601 2697 12.
1628 2664 1663 2697 ἐν

92 2714 175 2759 ὄψει
193 2711 358 2757 κειμένην]
379 2713 583 2756 ἐπικειμένην
601 2712 635 2746 ἐν
652 2711 732 2757 ὕψει
752 2711 798 2745 D.
1087 2722 1138 2755 13.
1164 2711 1223 2753 μὲν
1240 2721 1309 2743 om.
1330 2709 1375 2743 D.
1426 2713 1491 2743 τῶν
1506 2709 1663 2754 ἁρμάτων

91 2763 227 2805 τρόχοις
243 2761 314 2794 inv.
333 2759 453 2793 ordine
471 2759 517 2793 D.
667 2769 719 2800 14.
746 2772 907 2799 κτυπουμ.
927 2757 973 2792 D.
1023 2755 1326 2801 ε’ναστράπτοντας]
1347 2758 1662 2801 καταστράπτοντας

93 2806 185 2841 Edd.
392 2806 444 2840 16.
469 2821 505 2839 τε
522 2812 743 2850 assumptum
761 2817 801 2838 ex
821 2804 914 2839 B.D.
1132 2815 1185 2847 19.
1211 2804 1249 2837 τὸ
1266 2803 1383 2836 (imma
1401 2806 1578 2839 νοσοῦντες
1595 2803 1662 2837 hoc

92 2854 213 2887 ordine
231 2853 278 2887 D.
466 2863 521 2886 21.
548 2853 644 2887 εὐθὺς
661 2863 730 2885 om.
752 2851 796 2884 D.
986 2861 1040 2884 22.
1060 2851 1221 2895 γεγόνασι
1238 2851 1366 2894 φαῦλοι
1384 2850 1454 2884 inv.
1473 2850 1593 2884 ordine
1612 2850 1660 2884 D.

94 2911 149 2942 24.
175 2900 320 2934 ἐκτόπως
337 2899 382 2934 εἷς
397 2900 497 2934 πλάν.
516 2899 652 2934 inverso
670 2897 790 2932 ordine
809 2897 854 2931 D.
1083 2897 1137 2930 26.
1162 2896 1354 2941 ἀνεχόμενοι
1374 2897 1420 2930 D.
1468 2896 1662 2932 ἀπόστασιν

94 2946 185 2981 Edd.
202 2947 318 2982 invitis
337 2946 429 2980 B.D.

851 3012 877 3037 H
905 3011 923 3038 2
