1997 3361
109 164 150 204 ii.
179 179 240 206 11.
552 169 623 209 IN
671 170 956 211 ABACUC.
1017 171 1168 212 TUM.
1203 172 1235 211 I.
1600 175 1678 214 103

107 272 200 340 γὰρ
237 276 306 326 ἀεὶ
344 280 438 330 τοῖς
466 280 798 341 Βαβυλωνίοις,
823 284 1023 333 πολλοῖς
1061 285 1156 330 τῶν
1187 280 1515 344 ε’παμυνόντων
1545 281 1673 346 πλή-

109 358 215 406 θεσι
248 357 659 425 περιφράττεσθαι,
697 362 772 410 καὶ
813 361 1153 426 ἀναριθμήτους
1193 363 1312 430 ε”χειν
1351 361 1459 417 τοὺς
1504 364 1679 417 εἰδότας
1697 372 1726 411 1)

107 435 166 487 τὰ
191 439 396 502 τακτικὰ,
418 443 492 491 καὶ
517 440 598 492 τὸν
621 443 829 505 πολέμου
856 443 997 505 νόμον
1022 444 1366 512 ἐξηρτυμένους,
1392 447 1452 499 ὡς
1479 447 1681 510 ἀμογητὶ

109 518 338 570 δύνασθαι
376 521 434 572 τὰ
466 525 515 573 ἐκ
543 528 636 574 τῶν
667 524 890 575 ἐπιόντων
921 527 1073 580 αὐτοῖς
1112 527 1456 593 ἀποκρούεσθαι
1494 526 1676 590 βλάβη.

66 619 88 657 5
109 601 218 650 ἀλλ’
247 601 316 652 ὅτι
354 604 471 670 πρὸς
509 606 735 673 αἰσχύνης
766 607 898 658 ἔσται
930 610 1004 658 καὶ
1031 610 1253 674 ἐντροπῆς
1280 608 1332 659 τὸ
1359 611 1516 676 χρῆμα
1543 610 1681 677 αὐτῷ,

108 684 450 750 διαπιπτούσης
489 689 613 757 αὐτῷ
661 692 743 752 τῆς
787 691 976 743 ἐλπίδος
1020 693 1080 743 εὶς
1120 691 1173 741 τὸ
1215 692 1434 754 ἐναντίον,
1475 692 1682 759 ἐδίδαξεν

108 765 251 816 εἰπών
287 769 566 827 Ἐβιυλεῦσω
602 774 805 833 αἰσχύνην
840 778 898 842 τῷ
938 774 1041 841 οἴκῳ
1082 796 1170 823 σου.
1239 773 1528 840 συνεπέρανας
1570 773 1679 840 γὰρ,

109 846 210 910 ἤτοι
241 851 585 914 συντετέλεκας,
618 852 755 907 λαοὺς
792 852 1006 911 πολλοὺς,
1039 856 1338 924 πανωλεθρίᾳ
1373 856 1678 924 διεφθαρκώς.

107 930 262 995 ἐπειδὴ
304 931 351 982 δὲ
397 933 624 1002 ἐξήμαρτεν
666 960 687 995 η
725 931 861 1004 ’ψυχη
899 960 987 998 σου,
1027 935 1195 1001 πικρὰς
1236 939 1437 990 ἀποτιεῖς
1481 939 1622 1000 δίκας,
1658 939 1683 988 ὁ

43 1037 90 1062 10
108 1012 257 1062 πάλαι
296 1013 514 1081 λαμπρὸς
551 1018 626 1066 καὶ
663 1017 841 1069 τάττων
877 1022 935 1072 εἰς
971 1014 1092 1086 ὕψος
1134 1018 1304 1070 νοσσιὰν
1332 1022 1475 1082 αὐτοῦ,
1503 1020 1722 1087 οἷκτρὸςο

108 1095 183 1144 καὶ
210 1096 564 1162 κατεῤῥιμμένος
590 1099 664 1148 καὶ
692 1097 781 1149 ὑπὸ
807 1096 953 1152 πόδας
979 1101 1159 1167 ἐχθρῶν
1185 1100 1420 1165 ἀδοκήτως
1446 1103 1656 1167 εὑρεθείς.

182 1176 362 1242 Πρέποι
402 1179 439 1228 δ’
466 1178 524 1229 ἂν
558 1180 582 1230 ὁ
618 1178 762 1246 λόγος
801 1180 870 1231 ὅτι
909 1181 1125 1244 μαλιστα
1162 1205 1215 1247 γε
1254 1185 1329 1233 καὶ
1367 1184 1491 1252 αὐτῷ
1526 1207 1574 1234 τε
1617 1189 1683 1253 τῷ

107 1263 295 1327 σατανᾷ
332 1261 407 1310 καὶ
439 1265 533 1314 τοῖς
559 1265 652 1311 τῶν
677 1261 902 1328 αἱρέσεων
927 1264 1140 1330 εὑρεταῖς,
1170 1264 1213 1314 οἳ
1245 1266 1501 1332 φιλαρχίας
1529 1266 1678 1329 ἡττώ·

108 1362 249 1402 μενοι,
291 1344 366 1392 καὶ
405 1348 488 1393 τοῦ
526 1346 675 1394 δοκεῖν
715 1345 931 1410 ἡγεῖσθαι
973 1350 1186 1408 πολλῶν,
1225 1346 1506 1416 συνεπέραναν
1545 1347 1683 1403 λαοὺς

43 1441 89 1480 15
110 1420 323 1481 πολλοῦς,
351 1426 425 1475 καὶ
464 1424 609 1489 κακὴν
640 1425 784 1480 ὅντως
821 1427 1098 1496 πλεονεξίαν
1130 1433 1224 1482 τοῖς
1262 1429 1392 1482 ἰδίοις
1425 1429 1676 1498 προεξένη-

108 1526 204 1554 σαν
230 1504 381 1567 οἴκοις,
411 1508 536 1575 ὑψοῦ
573 1530 622 1558 τε
660 1507 886 1577 τετάχασι
924 1509 1005 1563 τὰς
1044 1511 1219 1561 ἑαυτῶν
1243 1510 1454 1573 νοσσιὰς,
1491 1519 1517 1540 “
1538 1511 1676 1577 ὑπέρ-
1742 1524 1902 1599 38-8Peb·

109 1593 136 1615 ‘⁶
161 1608 281 1651 ογκα
306 1588 611 1654 ματαιότητος
639 1597 894 1646 λαλοῦντες
919 1591 1146 1658 ῥήματα,”
1181 1594 1256 1643 καὶ
1281 1592 1400 1643 κατὰ
1437 1596 1520 1658 τῆς
1557 1595 1682 1647 θείας
1741 1579 1799 1599 ua
1829 1594 1837 1601 ¹

107 1669 395 1735 ἐρευγόμενοι
430 1670 584 1740 δόξης,
610 1669 638 1722 ἃ
664 1671 825 1736 μόναις
849 1671 905 1724 ἂν
929 1674 1098 1740 πρέποι
1120 1679 1220 1728 ταῖς
1250 1675 1403 1725 αὐτῶν
1428 1675 1680 1740 γλώσσαις
1697 1687 1725 1728 d

108 1772 158 1800 τε
196 1752 270 1802 καὶ
305 1753 537 1806 διανοίαις.
599 1754 842 1825 ἐξήμαρτον
886 1755 942 1820 δὴ
981 1757 1062 1806 οὖν
1101 1759 1147 1807 αἱ
1184 1753 1344 1826 ψυχαὶ
1382 1758 1551 1808 αὐτῶν·
1591 1781 1677 1809 πε-

42 1858 91 1883 20
109 1833 415 1902 παρωνήκασι
452 1834 545 1902 γὰρ
583 1840 644 1890 εἷς
670 1837 812 1887 αὐτὸν
842 1861 924 1889 τον
948 1842 1042 1889 τῶν
1074 1838 1200 1889 ολων
1228 1841 1426 1906 Σωτῆρα
1451 1839 1680 1907 Χριστὸν,

110 1921 138 1943 “
162 1915 535 1981 Αμαρτάνοντες
586 1922 648 1972 εἰς
692 1919 798 1973 τοὺς
842 1919 1076 1988 ἀδελφοὺς
1118 1922 1192 1971 καὶ
1239 1921 1488 1975 τύπτοντες
1529 1923 1682 1973 αὐτῶν
1745 1946 1756 1967 1
1778 1937 1853 1968 (or

110 1996 246 2061 “τὴν
270 1999 540 2064 συνειδησιν
566 2002 904 2065 ἀσθενοῦσαν,”
933 2002 1053 2053 κατὰ
1078 2001 1132 2054 τὸ
1159 2003 1497 2069 γεγραμμένον.
1741 1981 1809 2012 vm
1829 1990 1881 2012 ¹²

109 2211 227 2254 Διότι
258 2210 374 2253 λίθος
406 2213 452 2253 ὲκ
482 2211 623 2268 τοίχου
655 2213 866 2265 βοήσεται,
894 2216 962 2257 καί
989 2215 1200 2273 κάνθαρος
1226 2216 1274 2257 ἐκ
1302 2217 1426 2259 ξύλου
1453 2217 1680 2272 φθὲΓΞεται
1703 2229 1746 2255 11

177 2296 300 2338 αὐτά.

44 2419 91 2457 25
181 2409 429 2475 Ἀπονέμει
465 2410 700 2466 πολλάκις
737 2412 765 2475 ἡ
805 2411 903 2462 θεία
941 2412 1102 2482 γραφὴ
1142 2416 1216 2464 καὶ
1254 2419 1349 2468 τοῖς
1388 2414 1593 2484 ἀψύχοις
1633 2438 1682 2467 τε

157 2569 189 2593 2.
213 2559 504 2603 περιφράττεσθαι
524 2559 566 2593 Β.
572 2559 617 2593 D.
635 2559 962 2603 παραφυλάττεσθαι
982 2559 1333 2605 Ε(1(1.3.
1361 2562 1568 2605 τὸν-νόμον
1585 2562 1682 2607 ε’ξηρ-

110 2605 268 2649 τυμένους
295 2605 571 2661 [ἐξηρτουμὲνους
589 2607 669 2649 (sic)
692 2605 754 2651 D.]
778 2606 818 2639 B.
824 2607 869 2640 D.
895 2609 1116 2648 τῶν-νόμων
1141 2607 1256 2652 ἐπηρτ.
1285 2607 1413 2652 [ἐρηρτ.
1442 2608 1560 2653 Pont.]
1590 2609 1681 2644 Edd.

109 2664 142 2709 4.
169 2651 446 2696 ἀποκρούσασθαι
463 2653 523 2686 iid.
675 2663 708 2697 5.
735 2654 851 2697 σχῆμα
868 2665 931 2697 pro
948 2655 1061 2697 χρῆμα
1079 2654 1138 2688 iid.
1293 2654 1324 2687 6.
1351 2655 1438 2701 αὐτῷ
1457 2667 1526 2689 0111.
1548 2650 1592 2690 D.
1642 2658 1681 2691 τὸ

109 2699 257 2733 ἐναντίον
276 2699 318 2733 Β.
335 2701 375 2732 τὰ
393 2699 522 2733 ἐναντία
542 2699 587 2733 D.
605 2700 795 2733 τούναντίον
814 2699 906 2733 Edd.
1082 2711 1113 2743 9.
1140 2700 1284 2744 ἥμαρτεν
1303 2701 1348 2734 D.
1397 2702 1570 2737 ἀποτίσεις
1587 2702 1681 2737 Edd-

112 2756 166 2779 10.
191 2744 298 2790 ὕψος]
319 2750 355 2785 -1-
376 2746 435 2789 τὴν
451 2746 510 2780 iid.
528 2747 598 2779 inv.
620 2746 660 2779 B.
667 2747 712 2779 D
905 2757 958 2779 11.
985 2747 1037 2779 καὶ
1054 2747 1150 2790 prius
1168 2754 1387 2791 assumptum
1407 2760 1447 2781 ex
1469 2749 1508 2782 B.
1515 2749 1560 2783 D.
1613 2749 1681 2783 Hic

109 2789 182 2825 εἰπε
208 2792 451 2827 δέ-ἐθέλουσι
480 2805 521 2826 ex
550 2792 813 2837 Theophylacto
843 2791 886 2825 ad
916 2794 982 2826 loc.
1011 2793 1097 2836 (153
1123 2793 1167 2826 A.
1193 2793 1246 2827 ed.
1273 2794 1499 2839 Ven.1763)
1526 2795 1606 2829 add

113 2849 166 2872 12.
191 2853 311 2882 πρεπει
330 2839 376 2872 D.
423 2854 463 2884 γε
481 2851 550 2873 0111.
570 2839 615 2872 D.
665 2854 700 2873 τε
718 2846 937 2896 385111111)1’11111
955 2851 994 2872 ex
1015 2840 1060 2872 D.
1301 2852 1354 2885 13.
1376 2840 1568 2884 ἡσσώμενοι
1588 2842 1681 2876 Edd.

113 2894 166 2928 15.
191 2885 425 2929 προύξένησαν
443 2886 489 2919 D.
673 2886 725 2919 IS.
753 2886 964 2930 ἐρευγόμενοι
982 2885 1082 2929 δόξης
1101 2886 1165 2920 hoc
1183 2886 1257 2921 ord.
1278 2887 1322 2921 D.
1373 2890 1488 2931 μόναις
1503 2887 1543 2922 ἂν
1559 2904 1681 2931 πρεποι

110 2930 176 2964 hoc
196 2932 270 2965 ord.
291 2932 336 2965 D.
353 2946 474 2974 πρεποι
493 2930 533 2965 ἂν
549 2933 665 2975 μόναις
684 2932 987 2976 Ε(111.γλώτταις
1006 2932 1052 2966 D.
1331 2945 1385 2968 22.
1411 2935 1470 2979 τὴν
1488 2937 1682 2980 συνειδησιν

109 2977 323 3013 ἀσθενοῦσαν
342 2979 386 3012 D.
405 2979 485 3013 ἀσθ.
503 2993 562 3021 την
579 2979 725 3013 διάνοιαν
746 2978 836 3013 Edd.
