2053 3382
74 308 167 357 Hiob

72 362 138 383 xlv.
163 359 189 392 7.

295 189 380 229 620
688 188 738 228 B.
781 185 1062 227 CYRILLI
1109 186 1496 227 ALEXANDR.
1700 189 1754 229 iv.
1780 200 1818 238 2,
1842 201 1879 242 3.

747 295 934 346 “’Έστι
952 293 1047 361 γὰρ
1067 295 1242 365 δένδρῳ
1267 296 1440 358 ἐλπὶς,”
1462 295 1581 346 κατὰ
1601 295 1655 347 τὸ
1675 319 1882 363 γεγραμ-

295 297 529 364 ἀναφύναι
553 296 713 347 πάλιν·

295 378 451 442 με’νον’
506 385 533 406 “
556 376 636 427 ε’ἀν
661 375 755 442 γὰρ
788 379 978 445 ε’κκοπῇ,
1006 376 1154 428 πάλιν
1181 377 1451 441 ἐπανθήσει,
1483 379 1559 428 καὶ
1592 379 1616 429 ὁ
1647 377 1884 445 ῥάδαμνος

296 467 323 489 “
348 459 396 510 δὲ
428 460 569 522 αὐτῆς
605 459 659 509 οὐ
692 457 758 522 μὴ
791 459 1004 526 ἐκλιπῃ.”
1057 462 1094 509 εὶ
1121 457 1169 509 δὲ
1202 458 1259 523 δὴ
1286 457 1495 510 κάτωθεν
1525 461 1601 511 καὶ
1635 460 1691 528 ἐξ
1721 460 1880 522 αὐτῆς,

295 543 358 594 ὡς
403 540 535 608 ἔφην,
581 541 948 607 ἀναβοθρεύοιτο
991 539 1133 607 ῥίζης,
1179 542 1255 591 καὶ
1305 541 1474 607 ἀγρίαν
1516 546 1610 592 τῶν
1653 540 1884 609 φυμάτων

294 622 514 685 ὑπομένοι
557 623 720 687 τομὴν,
765 627 1083 674 συνδιολεῖται
1133 622 1322 678 πάντως
1364 625 1490 693 αὐτῷ
1533 626 1667 678 ἐλπὶς
1716 623 1883 675 ἅπασα
1903 644 1925 682 5

294 710 377 755 τοῦ
415 707 492 756 καὶ
532 709 739 759 εἰσαῦθις
777 707 1043 773 ἀναφυῆναι
1082 704 1315 756 δύνασθαι
1357 705 1476 772 πρὸς
1515 705 1648 771 ζωήν.
1717 707 1884 757 οὐκοῦν

255 789 357 840 οὼς
391 788 449 856 ἐξ
479 787 750 852 ὁμοιότητος
786 790 869 851 τῆς
900 792 995 837 τῶν
1021 791 1185 855 φυτῶν
1211 787 1479 855 ἐξῃρῆσθαί
1509 792 1662 856 φησιν
1690 785 1885 839 ἅπασαν

294 874 390 920 τῶν
415 867 852 938 φιλαμαρτημόνων
877 870 1060 921 ἐλπίδα.
1114 871 1189 920 καὶ
1215 875 1354 920 τοῦτο
1379 874 1553 938 σαφῶς
1579 871 1604 921 ὀ
1631 869 1885 923 θεσπέσιος

72 964 220 996 Es.1xvi.
294 950 505 1006 εΗσαίοις
531 951 878 1018 ἐπαγγέλλεται
914 950 1071 1016 λέγων
1099 952 1203 1002 “Ὁ
1230 951 1438 1020 σκώληξ
1464 953 1616 1002 αὐτῶν
1642 953 1696 1003 οὐ
1721 959 1882 1003 τελευ-

74 1017 123 1048 ²4·

74 2012 105 2062 ξ.
126 2013 224 2043 Joan.

72 2066 93 2086 1.
111 2064 157 2095 14.

294 1040 323 1063 ⁴⁶
350 1033 501 1098 τήσει,
544 1036 618 1085 καὶ
663 1032 717 1084 τὸ
759 1039 854 1100 πῦρ
899 1034 1053 1084 αὐτῶν
1092 1033 1146 1084 οὐ
1186 1032 1531 1098 σβεσθήσεται,
1576 1036 1652 1085 καὶ
1696 1033 1884 1085 ἔσονται
1910 1057 1956 1082 ιο

294 1124 321 1146 “
348 1119 410 1171 εἷς
437 1116 606 1183 ὅρασιν
632 1116 768 1184 πάσῃ
794 1116 986 1182 σαρκί.”

255 1417 273 1441 2
299 1404 372 1445 Καὶ
406 1400 606 1445 ἀνατελεῖ
636 1400 730 1452 ὑμῖν
757 1400 846 1445 τοῖς
880 1404 1163 1458 φοβουμένοις
1197 1402 1245 1443 τὸ
1278 1402 1416 1450 ὄνομά
1453 1417 1533 1450 μου
1567 1404 1688 1443 ἥλιος
1722 1401 1885 1442 δικαιο-

363 1489 502 1539 σύνΗε,
547 1488 616 1528 καὶ
665 1484 775 1529 ἷόισιε
823 1486 868 1527 ὲν
912 1483 1005 1527 ταῖς
1054 1486 1253 1542 Πτέρυξιν
1298 1485 1438 1527 αὐτοῦ·
1496 1484 1564 1525 καὶ
1606 1484 1883 1527 ἑξελεύσεσθε

253 1581 275 1617 3
364 1571 432 1612 καὶ
460 1570 709 1627 σκιρτιιοετε
747 1570 808 1610 ὡς
845 1569 1057 1625 μοσχάριοι
1095 1568 1142 1609 ὲκ
1182 1568 1350 1616 δεσμῶν
1382 1568 1599 1616 ἀνειμένα.
1649 1568 1717 1608 καὶ
1756 1582 1885 1608 κατα-

249 1655 277 1696 d
363 1656 578 1696 Πατιισετε
613 1653 814 1704 ἀνόμους,
849 1652 958 1694 διότι
991 1652 1163 1694 ἔσονται
1197 1651 1356 1694 σποδὸς
1391 1652 1597 1692 ὑποκάτω
1622 1650 1708 1692 τῶν
1736 1649 1882 1691 Ποδών
1908 1665 1955 1703 15

363 1739 481 1788 ὑμῶν
509 1739 552 1779 ἐν
579 1741 630 1797 τῷ
661 1738 797 1796 ἡμέρᾳ
828 1734 850 1795 ᾧ
879 1737 965 1784 &nb
991 1736 1117 1786 Ποιώ,
1144 1736 1259 1783 λέΓει
1289 1735 1437 1793 Κύριος
1465 1735 1795 1792 Παντοκράτωρ.

370 1912 654 1981 Ἐπέλαμψε
693 1911 777 1975 μὲν
813 1913 837 1962 ὁ
875 1910 1133 1976 μονογενὴς
1169 1915 1252 1961 τοῦ
1288 1914 1413 1962 Θεοῦ
1451 1909 1606 1974 Λόγος
1642 1910 1803 1975 ὀφθεὶς
1837 1908 1885 1958 ἐν

296 1999 413 2065 τῷδε
448 1999 514 2064 τῷ
551 1996 718 2064 κόσμῳ
744 1993 828 2057 τὴν
856 1992 962 2044 καθ’
990 1994 1110 2057 ἡμᾶς
1146 1994 1373 2056 ὁμοίωσιν
1408 1991 1592 2045 ὑποδύς·
1635 1988 1883 2056 “Γε’γονε”

296 2078 389 2143 γάρ
438 2082 561 2144 φησι
604 2076 785 2145 “o-dp}
825 2077 849 2126 ὁ
897 2074 1053 2140 Λόγος
1105 2079 1181 2126 καὶ
1224 2073 1496 2138 ἐσκήνωσεν
1537 2075 1586 2124 ἐν
1631 2073 1780 2136 ἡμῖν·”
1836 2073 1886 2121 ἐν

295 2160 443 2227 ἀχλύϊ
475 2159 522 2210 δὲ
558 2158 695 2212 ὄντας
730 2160 805 2209 καὶ
840 2157 1018 2226 σκότῳ,
1054 2155 1265 2222 καθάπερ
1299 2179 1367 2209 τις
1403 2158 1536 2218 ἥλιος,
1567 2160 1667 2209 ταῖς
1703 2154 1884 2206 οἰκείαις
1906 2181 1955 2206 20

294 2241 663 2308 περιαστράπτει
690 2244 1032 2306 μαρμαρυγαῖς,
1060 2241 1135 2290 καὶ
1162 2238 1247 2303 τὴν
1267 2241 1348 2302 τῆς
1370 2240 1575 2302 ἀληθοῦς
1596 2237 1884 2302 θεογνωσιάς

295 2325 459 2374 ἀκτῖνα
486 2322 714 2388 λαμπρὰν
739 2327 839 2375 ταῖς
865 2326 960 2371 τῶν
984 2321 1305 2372 πιστευόντων
1331 2321 1538 2386 καρδίαις
1565 2321 1711 2381 ἐνιεὶς,
1741 2322 1885 2369 καθα-

294 2404 405 2471 ροὺς
440 2404 646 2473 ἀπέφηνε
683 2406 759 2455 καὶ
793 2402 978 2471 σοφοὺς
1012 2404 1088 2454 καὶ
1121 2402 1314 2466 ἁπάσης
1344 2400 1661 2467 ἀγαθουργίας
1691 2397 1886 2462 ἐπιστή-

257 2510 458 2550 ομονας.
532 2486 673 2554 ἔδειξε
727 2485 776 2535 δὲ
828 2485 937 2549 ἡμῖν
985 2486 1033 2535 ἐν
1084 2485 1233 2553 ἑαυτῷ
1283 2482 1365 2534 τὸν
1417 2482 1626 2548 Πατέρα,
1679 2480 1755 2532 διὰ
1801 2482 1884 2544 τῆς

341 2686 376 2719 3.
403 2674 524 2718 ἐκλίπῃ
546 2674 586 2708 Β.
606 2673 749 2719 (Mox.)
767 2673 814 2707 ita
832 2673 943 2706 voluit
961 2672 1096 2716 Migne.
1116 2670 1252 2714 ἐκλείπῃ
1272 2669 1363 2704 Edd.
1383 2669 1506 2715 (Vat.)
1676 2680 1708 2710 4.
1735 2667 1779 2702 ὡς
1795 2667 1883 2718 ἔφην

295 2721 558 2763 ἀναβοθρεύοιτο
575 2720 683 2766 ῥίζης]
702 2720 794 2765 ῥίζης
811 2720 956 2754 εἶσάπαν
972 2718 1239 2762 ἀναμοχλεὺοιτο
1259 2717 1351 2750 Edd.
1427 2713 1607 2761 φυμάτων]
1628 2715 1805 2757 κλημάτων
1821 2712 1881 2746 nd.

295 2777 330 2812 5.
356 2767 462 2814 αὐτῷ]
487 2773 523 2808 -Ι-
546 2768 598 2801 καὶ
616 2768 676 2802 iid.
789 2767 821 2801 6.
847 2767 886 2799 τὸ
904 2777 967 2810 pro
984 2767 1044 2799 τοῦ
1062 2765 1122 2798 iid.
1186 2763 1354 2809 ἀναφῦναι
1374 2762 1415 2797 Β.
1536 2774 1568 2806 9.
1595 2759 1804 2805 ἐπαγγέλλει
1820 2758 1881 2792 ud.

300 2824 353 2855 14.
380 2813 600 2860 σκιρτήσετε]
621 2814 824 2857 σκιρτάσετε
842 2812 902 2846 iid.
922 2819 1001 2846 ante
1020 2811 1154 2855 Migne.
1394 2818 1448 2851 15.
1474 2807 1578 2852 διότι]
1599 2808 1652 2841 καὶ
1671 2807 1708 2841 F.
1729 2807 1800 2850 (22.
1820 2805 1880 2857 ql.)

300 2860 353 2893 16.
379 2862 418 2902 τῇ
438 2872 508 2895 om.
531 2861 571 2895 Β.
776 2870 829 2904 17.
855 2861 925 2894 τοῖς
944 2870 1007 2903 pro
1024 2858 1145 2903 ὀφθεὶς
1164 2856 1256 2892 Edd.
1451 2856 1504 2889 18.
1531 2852 1665 2899 κόσμῳ]
1689 2859 1725 2893 -f-
1747 2852 1879 2908 xaixud.

300 2917 352 2949 19.
381 2906 477 2940 Haec
495 2908 559 2951 γάρ
577 2908 667 2952 φησι
685 2910 909 2940 accesserunt
925 2917 972 2941 ex.
987 2904 1028 2939 B.
1430 2913 1484 2935 21.
1509 2901 1770 2946 περιστράπτων
1788 2897 1879 2932 hdd.

295 2954 578 2996 περιαστράπτων
595 2953 745 2988 correxit
764 2953 899 2997 Migne.
1032 2961 1087 2986 22.
1114 2948 1280 2996 καρδίαις]
1301 2949 1433 2994 ψυχαῖς
1451 2947 1510 2983 iid.
1644 2957 1699 2990 24.
1726 2945 1876 2989 Πατέρα]

300 3001 336 3036 -ξ-
359 2999 411 3031 καὶ
430 2998 489 3032 iid.
