2033 3381
361 174 442 212 154
751 172 802 212 B.
843 167 1122 211 CYRILLI
1162 164 1543 207 ALEXANDR.
1687 160 1746 201 iii.
1774 173 1838 210 12,
1865 169 1926 211 13-

140 301 225 337 570
242 300 291 335 A.
321 283 401 335 aci
442 279 685 331 θεσπέσιοι
719 278 935 341 μαθηταὶ,
971 273 1279 340 θαυμάζοντές
1318 296 1367 325 τε
1407 274 1482 324 καὶ
1522 273 1812 322 ἐπαινοῦντες
1848 265 1931 319 τὰς

359 360 538 429 ἀρετὰς,
579 360 627 411 αἳ
672 363 748 410 καὶ
795 363 856 412 εἷς
902 358 1031 410 ὅπλα
1074 356 1323 423 τετάχαται
1365 361 1447 406 τοῦ
1490 357 1718 420 Χριστοῦ,
1761 348 1934 419 φέγγος

358 442 519 509 ὥσπερ
556 466 600 494 τι
634 444 716 506 τῆς
755 440 950 504 ἐνούσης
988 440 1145 493 αὐταῖς
1177 437 1426 507 οὶσ-τροιπῆς,
1462 437 1606 503 ἤγουν
1641 431 1935 500 ἐκλάμψεως,

359 531 454 579 τοῖς
492 525 660 577 ἄλλοις
698 524 1005 590 εὑρίσκονται.

300 780 341 803 12
513 767 587 808 Ἐν
614 767 770 823 ἀπειλεῖς
798 765 1020 813 ὀλιῙ-ὡσειε
1048 767 1136 815 Γιῖν,
1164 764 1231 805 καὶ
1257 764 1301 804 ἐν
1329 767 1448 818 Θυμῴ
1470 762 1667 805 κατάξεις
1691 760 1807 804 ἔθνι-ι.
1959 761 1981 799 5

439 894 837 959 Ὕ“πεσταλμε’νως
876 894 986 958 ἡμῖν
1030 894 1054 944 ὁ
1101 891 1360 961 Προφήτης
1400 894 1481 956 τῆς
1515 889 1750 942 Ἰουδαίων
1788 887 1942 956 χώρας

366 979 451 1044 τὴν
478 978 668 1047 δῂωσιν,
696 979 771 1028 καὶ
801 981 895 1027 τῶν
929 977 977 1027 ἐν
1008 976 1124 1044 αὐτῇ
1157 974 1494 1027 κατοικούντων
1532 974 1677 1024 ἐθνῶν
1701 971 1786 1036 τὴν
1811 969 1940 1021 ἀπώ-

319 1063 346 1103 b
369 1068 514 1123 λειαν,
555 1059 630 1111 διὰ
670 1060 847 1111 τούτων
885 1060 1126 1123 ὑποδηλοῖ.
1191 1056 1344 1122 ἐπειδὴ
1381 1055 1474 1123 γὰρ
1511 1055 1598 1120 τὴν
1636 1058 1697 1108 εἰς
1729 1049 1945 1119 Χριστὸν

368 1144 532 1196 πίστιν
593 1143 647 1193 οὑ
702 1140 1015 1208 προσιέμενοι,
1071 1139 1485 1208 κατεξανέστησάν
1545 1161 1594 1189 τε
1653 1137 1810 1194 αὑτοῦ,
1870 1134 1944 1185 καὶ

148 1250 235 1279 Aeta
250 1248 305 1278 ss,
371 1225 656 1277 ἀπεκτόνασι
699 1223 782 1274 τὸν
822 1222 1032 1291 ἀρχηγὸν
1073 1224 1154 1286 τῆς
1198 1220 1331 1287 ζωῆς,
1374 1220 1591 1288 ταύτῃτοι
1629 1220 1704 1270 καὶ
1742 1216 1946 1268 δέδονται
1969 1239 2015 1264 10

146 1294 235 1376 ’ἐφ’
255 1303 297 1323 '¹¹'
371 1307 488 1375 πρὸς
514 1306 763 1374 ἐρήμωσιν,
791 1307 866 1356 καὶ
896 1310 1033 1356 τοῦτο
1066 1305 1218 1358 αὐτοῖς
1243 1302 1699 1372 προαναπεφώνηκεν
1723 1297 1946 1360 Ἱ-Ισαΐας,

149 1402 204 1433 Es.
221 1402 264 1432 iii·
375 1390 528 1455 λέγων
554 1397 579 1418 “
598 1390 721 1440 Οὐαὶ
755 1391 820 1457 τῷ
846 1386 1021 1458 ἀνόμῳ·
1062 1384 1245 1450 πονηρὰ
1275 1385 1394 1437 κατὰ
1419 1384 1477 1436 τὰ
1503 1385 1618 1451 ἔργα
1652 1384 1791 1435 αὐτοῦ
1818 1404 1944 1445 συμ-

152 1455 163 1476 1
193 1469 200 1477 ο

175 1456 185 1477 ¹
377 1479 402 1502 “
425 1471 627 1536 βήσεται
652 1471 823 1539 αὐτῷ.”

311 1725 581 1775 ι3ἘΞΡιλθεε
618 1725 677 1766 εἰς
711 1725 926 1781 σωτΗρίαν
956 1728 1061 1765 λαοῦ
1101 1738 1188 1774 σου,
1214 1725 1286 1764 τοῦ
1325 1723 1460 1763 σῶσαι
1497 1720 1595 1761 τοὺς
1632 1718 1825 1776 χριστούε
1862 1728 1951 1759 σου·

443 1810 594 1859 ἔβαλες
631 1807 690 1850 εἰς
729 1808 922 1864 κεφαλὰς
960 1808 1132 1856 ἀνόμων
1171 1805 1616 1860 Odvussov,<'-:S÷'⁴1·e1pcxc
1653 1801 1831 1850 ὃεςμοὺο
1866 1802 1951 1842 ἕως
1976 1814 2021 1853 15

449 1893 577 1950 τραχύ
586 1902 660 1933 λου
688 1890 747 1932 εἰς
774 1893 912 1935 τέλος.

339 2045 360 2070 C
441 2031 541 2091 Τῆς
565 2025 962 2093 ε’νανθρωπήσεως
986 2030 1068 2077 τοῦ
1088 2028 1388 2090 Μονογενοῦς
1415 2022 1532 2087 ὅλην
1559 2021 1718 2087 ὥσπερ
1743 2019 1852 2084 ἡμῖν
1870 2018 1956 2084 τὴν

382 2110 645 2172 οἰκονομίαν
669 2110 902 2178 ἐξηγεῖται
926 2106 1085 2159 πάλιν.
1122 2106 1305 2157 σε’σωκε
1323 2105 1406 2169 μὲν
1424 2104 1517 2171 γὰρ
1533 2103 1639 2157 τοὺς
1659 2102 1733 2153 διὰ
1752 2103 1955 2155 πίστεως

384 2191 773 2256 δεδικαιωμένους,
799 2192 874 2241 καὶ
899 2194 965 2259 τῷ
980 2189 1130 2258 Ἀγίῳ
1148 2189 1386 2251 Πνεύματι
1403 2185 1863 2254 κατακεχρισμένους,
1881 2186 1956 2235 καὶ

159 2294 225 2342 ,²⁸-
245 2293 316 2323 1‘0t.
382 2278 464 2339 τῆς
496 2274 618 2328 θείας
654 2275 793 2325 αὑτοῦ
828 2272 1016 2341 φύσεως
1048 2270 1290 2324 κοινωνοὺς
1321 2267 1737 2335 ἀναδεδειγμένους·
1777 2289 1951 2332 συγκε-
1978 2290 2026 2317 20

160 2348 178 2369 1'
198 2346 227 2377 4·
384 2357 565 2425 χώρηκε
600 2356 648 2407 δὲ
689 2361 788 2409 ταῖς
828 2356 980 2406 αὐτῶν
1019 2354 1263 2420 ἁμαρτίαις
1303 2351 1576 2417 ἐντήκεσθαι
1612 2350 1718 2404 τοὺς
1755 2350 1957 2401 ἀπειθεῖν

437 2573 466 2595 1.
492 2560 717 2606 ἐπαινοῦντες]
737 2561 943 2595 ἐπινοοῦντες
961 2559 1053 2594 Edd.
1233 2569 1265 2592 2.
1290 2558 1486 2601 τετάχυνται
1506 2556 1550 2589 D.
1734 2565 1765 2600 3.
1792 2568 1824 2588 τι
1840 2555 1957 2599 ὥσπερ

386 2610 457 2643 inv.
476 2607 550 2643 ord.
571 2607 618 2642 Ῑ).
666 2610 769 2651 ἤγουν
786 2619 855 2641 om.
876 2607 918 2640 B.
968 2606 1171 2651 ἐκλάμψεως
1190 2605 1235 2639 D.
1255 2605 1489 2648 ἐκλάμψαντες
1508 2601 1598 2636 Edd.
1694 2610 1727 2646 5.
1753 2600 1892 2646 ἀπειλῇ]
1917 2605 1954 2641 -1-

389 2670 454 2689 σου
475 2655 517 2689 D.
538 2655 658 2699 (Alex.
677 2654 749 2688 ΧΠ
767 2653 860 2699 mg.)
1168 2652 1200 2686 6.
1226 2649 1504 2692 ’Υπεσταλμένως
1530 2648 1660 2683 B.D.b.
1678 2659 1697 2681 a
1714 2647 1842 2692 (manu
1859 2647 1958 2692 2da).

386 2701 668 2745 ’Λπεστ-αλμένως
692 2713 712 2735 a
736 2701 863 2745 (manu
887 2700 1028 2745 prima).
1050 2698 1324 2742 Ἀπεστιιλμένης
1349 2696 1440 2731 Edd.
1502 2695 1671 2729 Ἰουδαίων
1690 2694 1853 2729 B.D.a.b.
1874 2693 1960 2729 ‘Iou-

388 2749 483 2783 δαίας
502 2748 592 2782 Edd.
737 2756 767 2793 7.
794 2747 944 2791 δήλωσιν
960 2759 1023 2791 pro
1041 2746 1167 2790 δῄωσιν
1183 2745 1249 2779 a.b.
1422 2743 1455 2777 8.
1481 2742 1552 2776 ἐπεὶ
1572 2742 1618 2776 D.
1782 2753 1815 2786 9.
1845 2741 1883 2775 οὐ
1899 2755 1959 2786 πρ.

388 2795 504 2830 πίστιν
520 2795 591 2829 inv.
609 2794 684 2829 ord.
706 2795 751 2828 D.
798 2809 838 2840 γε
856 2805 919 2839 pro
935 2808 971 2828 τε
992 2794 1037 2827 D.
1148 2804 1199 2827 10.
1217 2804 1370 2834 ταυτῃτοι
1383 2801 1453 2823 om.
1468 2789 1514 2823 D.
1563 2789 1616 2822 καὶ
1633 2794 1853 2833 assumptum
1871 2799 1912 2821 ex
1927 2799 1958 2821 a.

391 2842 515 2875 Statim
533 2842 669 2875 δέδοντο
687 2842 721 2875 b.
846 2852 897 2875 12.
924 2841 1005 2874 κατὰ
1024 2839 1119 2874 deest
1136 2840 1172 2873 in
1190 2837 1280 2872 Edd.
1395 2847 1447 2878 14.
1473 2836 1503 2869 A
1522 2850 1586 2869 σου
1603 2834 1647 2869 ad
1664 2850 1728 2869 σου
1745 2834 1894 2869 transilit
1911 2834 1959 2868 D.

393 2898 446 2929 15.
474 2888 636 2933 δεσμοὺς]
657 2892 693 2928 —†-
715 2903 779 2922 σου
797 2887 916 2931 (XII.)
934 2887 977 2921 cf.
998 2887 1097 2920 infra.
1248 2884 1300 2918 16.
1328 2883 1423 2916 Haec
1441 2882 1487 2918 εἷς
1503 2882 1603 2919 τέλος
1619 2887 1839 2917 accesserunt
1855 2893 1897 2915 ex
1916 2880 1960 2915 B.

389 2933 439 2977 (a.
461 2945 513 2967 22.
533 2934 598 2978 al.)
616 2935 743 2968 desunt
760 2935 795 2968 in
816 2935 860 2968 D.
972 2945 1024 2978 19.
1051 2933 1103 2967 καὶ
1120 2930 1432 2976 τῆς-ἀναδεδειγμ.
1451 2941 1521 2964 om.
1541 2929 1587 2963 D.
1693 2939 1747 2964 21.
1773 2929 1897 2963 ἑαυτῶν
1915 2926 1959 2962 Β.

390 2979 584 3021 ἐντήκεσθαι
604 2981 695 3016 B.D.
716 2980 912 3025 ἐκτήκεσθαι
932 2979 1022 3014 Edd.
