2007 3366
307 172 364 210 44
673 172 723 212 B.
762 171 1036 212 CYRILLI
1088 173 1473 215 ALEXANDR.
1719 172 1761 212 ii.
1786 172 1824 222 8,
1847 185 1886 226 9.

85 286 249 361 fg-Xxxii-
306 276 525 344 μάχιμον.
590 278 762 343 ἀληθὲς
787 278 880 344 γὰρ
908 278 978 329 ὅτι
1004 286 1030 308 “
1051 281 1126 330 Οὐ
1161 281 1358 348 σώζεται
1392 279 1621 342 βασιλεὺς
1655 278 1730 330 διὰ
1759 286 1886 331 πολ-

131 356 136 362 ·
307 369 334 392 “
359 361 450 426 λὴν
489 362 702 427 δύναμιν,
741 367 815 413 καὶ
853 364 991 429 γίγας
1030 365 1084 414 οὐ
1122 365 1393 430 σωθήσεται
1432 368 1480 417 ἐν
1517 364 1687 430 πλήθει
1726 364 1890 432 ἰσχύος

306 452 333 473 “
358 446 546 496 αὐτοῦ·”
588 446 725 511 σώζει
761 445 807 496 δὲ
843 450 1033 508 μᾶλλον
1060 446 1138 500 οῦς
1164 446 1220 497 ἂν
1247 448 1400 499 ἕλοιτο
1437 451 1511 500 καὶ
1546 449 1655 499 λίαν
1685 446 1889 500 εὐκόλως

306 528 330 577 ὁ
355 531 449 577 τῶν
489 527 615 578 ὅλων
646 527 833 594 Κύριος.
901 526 997 579 εἶτα
1025 529 1072 579 τί
1095 534 1246 597 φησιν
1272 531 1296 580 ὁ
1324 530 1613 598 Προφήτης;
1659 527 1889 599 διήρπαζον

305 611 351 661 τι)
394 610 588 680 ἀργύριον
630 615 704 662 καὶ
751 608 980 681 διήρπαζον
1019 616 1065 662 τὸ
1107 614 1290 681 χρυσίον·
1345 619 1493 664 ταῦτα
1530 613 1578 664 δὲ
1615 612 1673 677 ἧν
1710 613 1738 676 ἡ
1776 611 1930 670 ὑπό-5

304 712 493 745 στασις·
541 698 628 743 Καὶ
671 697 745 744 οὐκ
784 698 826 753 ἦν
865 694 1008 763 πέρας
1047 696 1118 746 τοῦ
1159 694 1328 763 κίε-μου
1366 699 1528 748 αὐτῶν.
1593 695 1707 746 ε”οικε
1734 693 1781 745 δὲ
1812 696 1888 746 καὶ

81 783 164 817 501
180 783 231 818 A·
266 794 288 817 a
305 773 463 827 λίθους
487 776 535 824 ἐν
561 775 739 828 τούτοις
773 775 1012 843 ὀνομάζειν
1037 776 1120 831 τὰς
1143 777 1353 840 Ἰνδικὰς,
1380 779 1451 845 ἐφ’
1479 777 1550 831 αἶς
1585 777 1640 842 δὴ
1674 777 1888 840 μάλιστα

302 857 581 927 βεβαρύνθαι
630 860 782 926 φησὶν
832 857 990 923 αὐτὴν,
1036 860 1183 911 καίτοι
1228 863 1303 911 καὶ
1346 862 1416 929 ἐφ’
1463 860 1632 926 ἑτέροις
1674 858 1888 911 σκεύεσιν

301 939 490 1001 ἀθύμως
515 940 818 1004 διακειμένην.
877 943 1157 1008 Ἀσσυρίοις
1184 943 1276 1009 γὰρ
1303 943 1418 1005 ἔθος,
1446 942 1591 1008 ἤγουν
1613 942 1887 1004 Νινευίταις,

301 1021 491 1086 πολλὴν
528 1024 602 1073 καὶ
637 1024 1029 1088 ἐσπουδασμένην
1054 1029 1148 1075 τῶν
1174 1027 1321 1076 λίθων
1347 1029 1583 1077 ποιεῖσθαι
1615 1024 1699 1088 τὴν
1730 1024 1886 1090 ἄθροι-

301 1128 395 1167 σιν,
437 1107 513 1156 καὶ
553 1109 834 1169 κοσμεῖσθαι
873 1111 1081 1172 κορικῶς,
1124 1110 1186 1160 ὡς
1223 1110 1297 1158 καὶ
1336 1110 1384 1158 ἐν
1422 1109 1580 1161 αὐταῖς
1618 1108 1887 1172 ἐπείγεσθαι

300 1193 400 1241 ταῖς
445 1187 616 1256 μάχαις
660 1188 746 1252 τὴν
786 1195 869 1239 τοῦ
914 1188 1096 1253 κόσμου
1134 1189 1447 1256 λαμπρότητα
1490 1193 1564 1240 καὶ
1607 1194 1882 1257 περιηνθισ-

299 1270 463 1334 με’νους
491 1273 709 1337 ὁρᾶσθαι.
779 1276 1058 1339 ἱσχνολογεῖ
1081 1272 1128 1323 δὲ
1153 1274 1262 1324 λίαν
1289 1276 1313 1324 ὁ
1345 1273 1604 1340 Προφήτης
1633 1275 1681 1324 ἐν
1707 1273 1887 1327 τούτοις

300 1357 611 1417 οἰκονομικῶς,
639 1355 720 1405 καί
740 1378 853 1405 ποτε
879 1354 963 1417 μέν
989 1357 1259 1418 πίπτοντας,
1284 1355 1396 1407 ποτὲ
1429 1356 1475 1406 δὲ
1502 1355 1732 1420 ἀλλήλοις
1758 1378 1883 1418 συμ-

298 1437 626 1499 πλεκομένους,
655 1439 730 1487 καὶ
762 1439 1052 1503 ἀποροῦντας
1080 1440 1164 1500 τὴν
1189 1437 1362 1506 φυγὴν,
1390 1440 1465 1488 καὶ
1491 1437 1724 1502 ἀνονήτως
1750 1437 1881 1506 ε”χον-

254 1520 382 1571 1)τας
419 1518 503 1572 τὰς
537 1519 864 1587 προφυλακὰς,
892 1519 1005 1570 ποτὲ
1045 1519 1092 1570 δὲ
1132 1523 1207 1570 καὶ
1245 1521 1623 1586 πεπορθημένους
1657 1524 1722 1590 τῷ
1753 1520 1884 1590 λόγῳ

298 1601 550 1670 ζωγραφεῖ,
579 1601 663 1655 τὰς
697 1606 790 1652 τῶν
829 1602 976 1653 ὄντων
1008 1604 1055 1652 ἐν
1091 1604 1437 1670 αἰχμαλωσίαις
1474 1602 1767 1668 περικόπτων
1791 1603 1878 1654 λύ-

297 1707 404 1746 πας,
425 1687 499 1734 καὶ
525 1686 582 1750 τῇ
609 1689 702 1734 τῶν
726 1687 915 1735 τοιῶνδε
941 1685 1281 1752 προαγορεύσει
1309 1685 1662 1751 καταγοητεύων
1689 1686 1883 1755 εὐφυῶς,

298 1769 374 1816 καὶ
400 1767 608 1830 ἡδίστοις
635 1766 801 1822 αὐτοὺς
827 1767 1115 1832 διηγήμασιν
1142 1769 1394 1836 ἀποφέρων
1421 1773 1482 1821 εἰς
1509 1769 1742 1831 εὐθυμίαν.

373 1851 665 1916 Διήρπασται
701 1848 749 1900 δὲ
787 1852 861 1900 καὶ
894 1852 918 1900 ὁ
957 1855 1167 1903 σατανᾶς
1195 1850 1270 1900 διὰ
1292 1850 1480 1916 πρώτου
1506 1849 1589 1913 μὲν
1613 1856 1696 1901 τοῦ
1723 1853 1882 1915 Σωτῆ-

296 1954 376 1997 ρος
411 1935 641 1996 Χριστοῦ,
678 1931 775 1982 εἶτα
814 1933 912 1994 μετ’
947 1931 1088 1982 αὐτὸν
1127 1931 1202 1982 διὰ
1241 1937 1335 1982 τῶν
1373 1934 1520 1997 ἁγίων
1550 1933 1883 1996 Ἀποστόλων,

75 2031 140 2062 Ab.
156 2031 188 2062 ii.
206 2039 233 2071 7.
297 2016 402 2080 περὶ
437 2013 502 2064 ὧν
531 2015 621 2082 ἔφη
656 2038 748 2066 που
784 2017 858 2065 καὶ
893 2016 917 2065 ὁ
950 2014 1199 2082 προφήτης
1225 2016 1447 2081 Ἱερεμίας
1474 2013 1627 2066 “”Ότι
1659 2015 1883 2084 ἐξαίφνης

261 2104 326 2141 C“
353 2096 705 2161 ἀναστήσονται
741 2101 782 2148 οὶ
818 2097 1063 2150 δάκνοντες·
1098 2096 1251 2158 αὑτὸν,
1279 2100 1353 2147 καὶ
1392 2097 1682 2165 ε’κνήψουσιν
1715 2101 1756 2148 οἱ
1786 2099 1882 2149 ἐπί-

298 2188 323 2208 “
351 2181 524 2240 βουλοί
559 2203 662 2240 σου,
695 2182 771 2230 καὶ
810 2179 898 2247 ἔσῃ
933 2183 995 2233 εἱς
1030 2179 1295 2244 διαρπαγὴν
1334 2181 1531 2232 αὑτοῖς.”
1597 2179 1881 2244 εἷσκεκόμικε

298 2261 344 2312 δὲ
372 2264 445 2312 καὶ
472 2265 533 2316 ὡς
557 2264 605 2313 ε’ν
631 2262 735 2313 ε’ίδει
759 2265 1041 2328 παραβολῆς
1067 2261 1120 2312 τὸ
1147 2261 1353 2327 διήγημα
1380 2261 1592 2328 Χριστὸς
1618 2264 1665 2312 ἐν
1691 2263 1881 2330 εὐαγγε-

75 2356 234 2388 S-Matth-
297 2349 444 2398 λικοῖς
474 2346 786 2411 κηρύγμασιν,
813 2345 903 2411 ἔφη
929 2344 1021 2410 γάρ
1050 2343 1160 2395 “'⁸H
1189 2350 1288 2398 πῶς
1320 2344 1514 2395 δύναταί
1545 2367 1613 2397 τις
1652 2348 1881 2397 εἰσελθεῖν

72 2411 128 2430 ‘w'
153 2412 200 2440 ’θ’
299 2433 324 2455 “
351 2430 413 2480 εἷς
440 2427 524 2491 τὴν
553 2429 700 2478 οὶκίαν
732 2434 815 2478 τοῦ
843 2431 1042 2495 ἰσχυροῦ
1069 2429 1143 2477 καὶ
1182 2426 1240 2478 τὰ
1266 2427 1412 2490 σκεύη
1440 2427 1580 2476 αὐτοῦ
1607 2426 1879 2493 διαρπάσαι,

343 2586 375 2619 3.
403 2575 456 2608 καὶ
473 2576 550 2609 λίαν
568 2576 713 2610 εὐκόλως
730 2582 809 2609 ante
827 2576 884 2611 οὓς
902 2582 1035 2620 transp.
1059 2575 1104 2609 D.
1398 2587 1431 2616 4.
1458 2574 1627 2617 δυνάμεων
1645 2586 1706 2618 pro
1723 2574 1813 2608 ὅλων
1831 2575 1878 2611 D.

295 2632 327 2665 5.
355 2622 407 2655 καὶ
425 2630 646 2667 assumptum
665 2635 705 2656 ex
728 2623 772 2656 l).
785 2623 819 2656 b.
963 2622 995 2656 6.
1014 2623 1066 2655 καὶ
1084 2623 1140 2656 alt.
1160 2627 1381 2665 assumptum
1399 2633 1439 2654 ex
1460 2621 1494 2655 b.
1640 2631 1671 2665 7.
1696 2621 1730 2655 ἐν
1747 2621 1877 2659 τούτοις

296 2676 374 2712 post
391 2669 562 2712 ὀνομάζειν
579 2677 712 2714 transp.
732 2670 765 2703 b.
784 2681 855 2703 om.
876 2669 921 2702 D.
983 2670 1023 2712 δὴ
1041 2677 1261 2714 assumptum
1281 2680 1322 2702 ex
1346 2668 1388 2700 l).
1402 2667 1435 2701 b.
1629 2679 1680 2701 10.
1706 2670 1877 2704 ποιεῖσθαι

295 2718 360 2748 τῶν
377 2716 481 2748 λίθων
499 2718 635 2750 inverso
654 2717 775 2750 Ordine
795 2716 840 2750 D.
1118 2727 1170 2750 11.
1198 2715 1392 2760 ἐπείγεσθαι
1411 2714 1444 2748 b.
1465 2713 1556 2747 Edd.
1576 2713 1762 2759 ἐπάγεσθαι
1782 2716 1876 2750 B.D.

300 2772 352 2794 12.
387 2763 439 2794 καὶ
472 2770 692 2808 assumptum
726 2776 767 2797 ex
804 2763 894 2797 B.D.
985 2763 1110 2796 Statim
1143 2761 1422 2808 περιηνθισμένην
1455 2760 1547 2794 Edd.
1581 2761 1697 2794 invitis
1733 2761 1825 2796 B.D.
1842 2763 1876 2797 b.

300 2818 352 2852 15.
379 2810 491 2852 φυγῆς
508 2822 570 2853 pro
588 2811 647 2853 τὴν
665 2811 778 2855 φυγὴν
798 2810 843 2844 D.
905 2810 1083 2854 ἀνονήτους
1105 2811 1148 2843 D.
1390 2810 1440 2841 10.
1467 2808 1520 2841 καὶ
1536 2808 1810 2851 πεπορθημένους
1828 2809 1874 2843 D.

293 2855 543 2898 πορθουμένους
562 2857 651 2890 Edd.
1074 2866 1125 2901 17.
1152 2854 1399 2901 αι’χμαλωσίαις
1420 2855 1459 2888 Β.
1478 2854 1695 2899 αἰχμαλωσίᾳ
1715 2855 1761 2888 D.
1782 2855 1875 2889 Edd.

296 2912 351 2934 20.
378 2903 529 2945 σωτῆρος
546 2915 616 2937 om.
640 2904 683 2938 D.
874 2915 928 2938 22.
956 2903 1099 2948 ἶερεμίας
1120 2903 1211 2936 B.D.
1232 2902 1383 2943 ἀβακοὺμ
1404 2900 1493 2934 Edd.
1661 2912 1716 2943 24.
1742 2901 1872 2948 αὐτοῖς]

292 2948 401 2981 αὐτῶν
419 2948 476 2981 iid.
700 2962 754 2996 25.
780 2951 833 2985 καὶ
850 2962 919 2985 om.
942 2951 986 2985 D.
1039 2950 1163 2984 Statim
1183 2949 1330 2993 Χριστὸς
1347 2952 1426 2982 ante
1443 2949 1486 2984 ὡς
1503 2953 1634 2993 transp.
1655 2947 1701 2981 D.
1762 2948 1798 2983 ἐν
1814 2949 1873 2983 alt.

293 3001 514 3040 assumptum
533 3008 573 3030 ex
595 2996 685 3031 B.D.

1910 1050 1958 1075 10

1904 1879 1953 1904 20

1901 2290 1949 2329 25
