2007 3387
320 140 405 180 284
700 141 749 181 B.
787 139 1061 181 CYRILLI
1111 139 1493 180 ALEXANDR.
1800 136 1826 176 i.
1849 147 1886 177 2.

321 250 380 302 τὰ
421 251 753 320 φορτικώτερα.
826 251 1112 318 κατευρύνων
1152 250 1200 302 δὲ
1244 249 1406 317 ὥσπερ
1448 252 1529 313 τῆς
1569 249 1890 315 παιδαγωγίας

323 332 429 386 τοὺς
463 332 647 398 λόγους,
672 337 884 398 πειρᾶται
918 331 1167 395 διδάσκειν,
1194 333 1296 383 τίνα
1328 332 1411 396 μὲν
1443 331 1500 396 ἧν
1534 330 1683 382 πάλαι
1715 329 1774 380 τὰ
1798 334 1892 381 τῶν

322 414 535 479 πατέρων
560 414 910 478 ἐπιτηδεύματα,
937 417 1012 465 καὶ
1037 416 1111 467 ἐπὶ
1136 416 1261 466 τίσιν
1287 417 1440 468 αὐτοῖς
1466 416 1491 465 ὁ
1518 418 1636 466 θεῖος
1662 411 1892 480 ἐπέσταξε

325 495 481 559 θυμὸς,
522 495 624 546 τίνα
667 497 710 547 δ’
754 497 811 547 αὖ
862 496 1124 547 διολώλασι
1171 496 1361 563 τρόπον,
1403 497 1478 547 καὶ
1516 494 1607 559 μὴν
1646 497 1720 545 καὶ
1767 493 1893 547 ὅπως

324 577 657 643 λελύτρωνται,
686 580 760 628 καὶ
791 578 873 629 τὸν
898 581 980 642 τῆς
1010 578 1337 645 αἰχμαλωσίας
1363 577 1714 639 ἀπολυσάμενοι
1741 575 1893 642 ζυγὸν,
1913 588 1935 626 5

282 658 706 724 (Ιάνεκομίσθησαν
743 664 805 714 εἷς
851 659 936 724 τὴν
976 662 1218 712 Ἰουδαίαν·
1270 659 1560 726 προσεπάγει
1610 659 1657 710 δὲ
1702 658 1894 720 τούτοις,

326 741 411 804 ὅτι,
455 741 664 808 καθάπερ
710 742 829 809 ε”φην
870 744 1050 809 ἀρτίως,
1093 742 1335 793 πείσονται
1383 741 1442 792 τὰ
1492 743 1629 809 χείρω
1677 744 1759 803 τῆς
1802 745 1896 790 τῶν

324 823 538 889 πατέρων
578 824 850 892 ἀφιλοθεΐας
899 826 996 875 κατ’
1043 824 1169 892 ἰ’χνος
1216 825 1327 874 ἱέναι
1372 822 1724 890 σπουδάζοντες.
1791 825 1891 873 δια-

324 906 550 970 μέμνηται
577 906 623 957 δὲ
649 910 864 974 πανταχῆ
900 910 983 970 τῆς
1017 907 1092 957 διὰ
1117 911 1333 972 Χριστοῦ
1364 906 1644 972 λυτρώσεως
1675 904 1898 969 ἐσομένης

327 987 446 1038 κατὰ
477 988 675 1055 καιροὺς,
701 990 775 1039 καὶ
808 988 861 1040 τὸ
894 990 964 1040 ἐπ’
993 990 1117 1058 αὐτῷ
1147 988 1406 1054 μυστήριον
1444 987 1518 1038 διὰ
1555 992 1754 1039 πολλῶν
1790 987 1898 1051 ἡμῖν
1922 1002 1967 1027 10

328 1070 588 1139 ἀναγράφει
611 1070 813 1137 τρόπων.

419 1157 508 1203 Δεῖ
553 1152 609 1212 δὴ
661 1154 741 1203 οὖν
790 1153 968 1204 ἕκαστα
1015 1155 1098 1216 τῆς
1148 1154 1434 1221 προφητείας
1483 1151 1543 1203 τὰ
1590 1151 1704 1217 με’ρη
1752 1157 1900 1202 πολυ-

328 1239 617 1301 πραγμονεῖν
647 1234 904 1297 ἐθέλοντας,
931 1235 995 1299 μὴ
1033 1237 1344 1301 ταυτολογίαν
1370 1235 1583 1301 ἡγεῖσθαι
1608 1234 1667 1284 τὰ
1697 1235 1744 1284 ἐν
1771 1234 1900 1300 αὐτῇ,

289 1344 311 1369 ο
331 1321 404 1370 καὶ
430 1319 647 1386 περιττὴν
671 1319 917 1389 ἀφήγησιν
942 1325 1035 1371 τῶν
1067 1320 1154 1385 ἤδη
1186 1321 1516 1386 γεγενημένων·
1561 1322 1902 1382 διαμεμνῆσθαι

330 1402 377 1452 δὲ
403 1406 604 1465 μᾶλλον,
631 1402 700 1453 ὅτι
735 1408 829 1456 τοῖς
861 1404 911 1453 ἐκ
948 1406 1029 1466 τῆς
1067 1403 1394 1470 αἰχμαλωσίας
1429 1402 1817 1465 ὑπονοστήσασιν
1841 1405 1902 1455 εἰς
1924 1413 1970 1451 15

329 1483 414 1548 τὴν
451 1483 691 1547 Ἰουδαίαν,
729 1484 1100 1550 ἀναγκαιοτάτην
1138 1484 1230 1552 ἔχει
1269 1489 1362 1535 τῶν
1400 1485 1487 1549 ἤδη
1532 1483 1904 1548 συμβεβηκότων

331 1565 416 1629 τὴν
455 1565 715 1635 ἀφήγησιν.
781 1567 1052 1633 ἐπηνώρθου
1095 1566 1178 1631 μὲν
1222 1566 1315 1633 γὰρ
1353 1565 1459 1620 τοὺς
1500 1565 1674 1620 εἰδότας
1713 1564 1777 1616 ῶν
1816 1565 1903 1629 ἤδη

331 1647 637 1711 πεπόνθασιν,
681 1648 926 1718 ἀναφέρων
968 1648 1085 1715 πρὸς
1123 1648 1402 1714 ἀνάμνησιν·
1457 1653 1552 1702 τοῖς
1592 1647 1639 1698 δὲ
1686 1648 1741 1712 δὴ
1787 1647 1903 1702 νέοις

332 1733 512 1799 κομιδῇ,
539 1733 614 1782 καὶ
653 1732 735 1782 οὐκ
769 1730 914 1782 εἰδόσι
952 1731 1010 1782 τὰ
1047 1730 1209 1793 πάλαι,
1234 1731 1469 1799 προεξενει
1506 1730 1590 1795 τὴν
1621 1729 1903 1798 ἀσφάλειαν,

332 1814 406 1864 ἵνα
433 1813 495 1877 μὴ
520 1818 615 1867 τοῖς
646 1813 765 1867 ἰ’σοις
795 1816 1002 1865 ἐναλοῖεν
1029 1819 1195 1875 κακοῖς,
1221 1813 1305 1877 τὴν
1331 1813 1542 1877 βέβηλον
1569 1815 1641 1864 καὶ
1667 1809 1905 1877 ἀνομωτά-
1927 1830 1975 1855 20

333 1919 418 1959 την
445 1897 715 1961 ἀγαπῶντες
742 1895 875 1961 ζωήν.

117 2091 265 2126 654Α.
298 2101 320 2123 a

299 2154 317 2178 2
444 2139 652 2196 ὨρΓίσθΗ
683 2139 830 2195 Κύριος
857 2139 924 2179 ἐπὶ
951 2139 1047 2179 τοὺς
1075 2139 1263 2194 Πατέρας
1289 2137 1406 2186 ὑμῶν
1433 2138 1560 2194 &ps-&v
1587 2140 1786 2186 μεΓάλΗν.

414 2271 579 2338 Συνίῃς
624 2270 749 2323 ὅπως
778 2274 1030 2321 καταπτοεῖ
1062 2274 1157 2322 τοῖς
1196 2267 1464 2334 διηγήμασι,
1499 2271 1574 2319 καὶ
1611 2273 1705 2322 τοῖς
1743 2271 1907 2336 κομιδῇ

295 2353 454 2406 Βνεόις
492 2352 550 2403 τὰ
583 2357 677 2406 τοῖς
714 2351 806 2416 πρὸ
846 2353 998 2402 αὐτῶν
1035 2349 1373 2414 συμβεβηκότα
1410 2353 1674 2416 παρατιθεὶς
1706 2354 1767 2404 εἷς
1803 2350 1909 2419 ἐξή-

340 2461 496 2504 γησιν,
531 2441 790 2501 μετασοβεῖ
824 2436 941 2501 πρὸς
978 2434 1032 2487 τὸ
1074 2436 1273 2499 ἄμεινον,
1315 2436 1548 2488 οὶονείπως
1586 2437 1803 2496 ἀπειλῶν,
1839 2435 1909 2486 ὅτι
1930 2452 1977 2491 25

341 2525 436 2573 τοῖς
485 2519 619 2581 ἴσοις,
661 2518 689 2582 ἦ
741 2521 814 2569 καὶ
858 2524 952 2571 τοῖς
1003 2518 1067 2568 ἔτι
1119 2517 1509 2584 δυσαχθεστέροις
1560 2516 1909 2582 ὑπενηνεγμένοι

392 2727 424 2759 3.
452 2713 709 2760 ἐπιτηδεύματα]
730 2715 977 2757 σπουδάσματα
997 2714 1042 2748 D.
1092 2713 1256 2756 ἐπέσταξε
1276 2712 1360 2746 D.b.
1380 2712 1470 2746 Edd.
1489 2712 1650 2754 ἐπέσταζε
1670 2711 1711 2745 Β.
1825 2724 1857 2754 4.
1875 2727 1910 2745 τε

347 2773 409 2806 pro
427 2761 459 2795 δ’
480 2762 513 2795 b.
532 2762 567 2795 δέ
588 2762 631 2795 Ι).
776 2773 806 2802 5.
830 2761 1080 2804 ἀπολυσόμενοι
1102 2761 1146 2794 D.
1166 2760 1257 2794 Edd.
1274 2759 1522 2803 ἀποδυσάμενοι
1540 2759 1573 2792 b.
1734 2767 1764 2803 7.
1789 2756 1909 2804 χείρω]

347 2809 469 2853 αἰσχίω
489 2809 534 2842 D.
861 2820 892 2849 9.
917 2810 1089 2852 πανταχοῦ
1109 2807 1190 2841 D.b.
1519 2816 1568 2839 12.
1595 2805 1633 2848 δὴ
1653 2805 1745 2839 B.D.
1765 2805 1800 2839 δέ
1821 2805 1911 2839 Edd.

352 2866 403 2896 14.
428 2855 584 2900 περιττὴν
604 2855 694 2890 B.D.
712 2855 787 2900 περὶ
806 2854 865 2897 τὴν
882 2854 940 2887 iid.
1086 2862 1137 2898 17.
1163 2852 1401 2893 ἐπανορθοῦται
1421 2852 1466 2885 D.
1611 2862 1663 2886 20.
1681 2851 1910 2896 ἀνομωτάτην]

346 2916 465 2979 παρὶιν.
487 2902 530 2935 D.
783 2912 836 2934 22.
867 2901 931 2934 His
950 2901 1175 2944 praemittunt
1193 2910 1331 2934 versum
1353 2910 1365 2932 ἰ
1389 2898 1478 2932 Edd.
1739 2909 1793 2940 25.
1810 2898 1910 2942 πρὸς]

348 2948 392 2980 εἷς
431 2950 457 2979 ).
