2060 3387
123 189 177 230 ix.
207 203 241 240 1,
267 203 303 233 2.
480 190 551 230 IN
594 189 1017 230 ZACIIARIAM.
1079 186 1235 227 TUM.
1271 186 1353 226 111.
1622 184 1704 221 403

121 298 346 362 γνησίους
389 296 755 366 ἐπιγραφόμενοι
797 295 904 349 τοὺς
954 301 1048 345 τῶν
1092 297 1406 359 εὐαγγελικῶν
1458 289 1706 355 δογμάτων

121 382 387 448 εἰσηγητὰς,
415 384 489 433 καὶ
526 381 870 444 συναπτόμενοι
906 382 958 431 δι’
994 381 1276 448 ὁμοψυχιάς,
1313 377 1505 428 ἕπονταί
1539 397 1585 424 τε
1627 374 1705 422 αὐ·
1726 377 1750 417 ‹l

121 469 230 526 τοῖς,
265 463 559 530 νηπιάζοντες
598 464 663 514 ε”τι
701 462 782 516 τὰς
816 463 1022 528 γνώμας,
1051 464 1126 512 καὶ
1162 465 1223 515 εὶς
1254 460 1338 524 τὴν
1371 457 1534 522 ὁμοίαν
1567 455 1708 506 ἵενται

121 546 298 611 τρίβον,
327 546 534 611 ζηλωταί
555 568 647 596 που
672 543 859 597 πάντως
887 546 967 606 τῆς
999 544 1152 593 αὐτῶν
1178 543 1417 593 πολιτείας
1444 536 1708 589 ἀναδεικνύ-

1772 618 1856 659 Eph.
1876 618 1918 647 iv.

81 645 102 684 5
122 649 267 689 μενοι,
298 629 373 677 καὶ
409 632 508 680 ταῖς
545 629 612 677 ἀεὶ
645 625 763 692 πρὸς
794 628 848 675 τὸ
888 625 1075 688 ἄμεινον
1114 624 1386 675 ἐπιδόσεσιν
1415 630 1440 651 “
1461 625 1521 674 εἰς
1561 620 1709 685 α”νδρα
1776 672 1823 702 13·

123 716 150 737 “
175 709 353 759 τέλειον
391 708 720 770 ἀναβαίνοντες
759 709 833 758 καὶ
873 710 932 760 εἷς
971 706 1141 770 μέτρον
1175 706 1356 769 ἡλικίας
1395 709 1476 754 τοῦ
1508 700 1704 766 πληρώ-

123 796 150 818 “
176 812 322 853 ματος
359 795 441 840 τοῦ
479 790 733 855 Χριστοῦ.”
801 789 990 838 ἕπονται
1029 786 1077 837 δὲ
1119 786 1193 836 διὰ
1231 787 1370 837 ποιάν
1397 785 1580 844 αἱτιάν;
1625 806 1708 833 πε-

123 869 514 939 πληροφόρηνται
558 870 650 936 γὰρ
686 870 746 921 ’ότι
788 876 805 921 ὁ
842 871 954 923 Θέος
993 874 1087 936 μετ’
1129 870 1284 919 αὐτῶν
1324 868 1428 928 ἐστι,
1468 865 1712 915 τουτέστιν

125 953 150 1002 ὁ
180 952 504 1016 Ἐμμανουήλ·
547 953 840 1018 ἑρμηνεύεται
875 949 968 1017 γάρ
994 952 1051 1001 (Ο
1085 952 1199 1004 Θεός
1238 947 1334 1018 μεθ’
1368 946 1496 1014 ἡμῶν.
1566 945 1636 996 ὅτι
1664 944 1711 995 δὲ

60 1060 106 1085 ιο
126 1034 179 1084 οὐ
222 1033 379 1097 μόνων
421 1034 555 1085 ε”σται
602 1039 696 1084 τῶν
737 1034 793 1102 ἐξ
834 1034 1027 1096 αἵματος
1070 1030 1273 1097 Ἰσραὴλ
1324 1031 1351 1093 ἡ
1400 1028 1454 1079 τὸ
1499 1025 1712 1091 τηνικάδε

126 1118 314 1179 κλῆσις,
344 1116 565 1167 ἁπάντων
591 1115 638 1166 δὲ
664 1120 855 1178 μᾶλλον
887 1119 979 1165 τῶν
1015 1112 1104 1163 ἀνὰ
1138 1117 1303 1163 πᾶσαν
1332 1110 1417 1174 τὴν
1444 1109 1712 1172 οἰκουμένην
1731 1135 1752 1160 e

126 1199 286 1260 ἐθνῶν,
313 1197 649 1261 διαμεμήνυκεν
674 1195 826 1258 εἰπὼν,
855 1198 916 1250 ὡς
950 1197 1000 1247 ἐκ
1039 1195 1198 1246 ποια-ὦν
1235 1194 1422 1244 ἔσονται
1450 1192 1527 1243 τῶν
1554 1205 1712 1256 γλωσ-

128 1279 212 1330 σῶν
255 1283 297 1329 οὶ
336 1279 715 1345 ἐπιδραττόμενοι
755 1280 825 1328 τοῦ
874 1274 1141 1346 κρασπέδου.
1209 1275 1323 1327 πότε
1374 1273 1421 1324 δὲ
1466 1273 1713 1335 κέκληνται

128 1359 188 1410 τὰ
231 1359 338 1425 ε”θνη
380 1359 498 1426 πρὸς
542 1361 799 1425 ἐπίγνωσιν
845 1359 1079 1423 ἀληθείας,
1125 1360 1201 1408 καὶ
1243 1356 1357 1408 ποτε
1396 1354 1715 1417 βεβούληνται

62 1440 377 1506 ι5ἐκζητῆσαι
414 1441 468 1493 τὸ
506 1442 767 1507 πρόσωπον
805 1441 1001 1506 Κυρίου,
1032 1438 1358 1508 ἐξιλάσασθαί
1389 1460 1438 1488 τε
1477 1434 1604 1498 αὐτὸ,
1640 1437 1714 1485 καὶ
1777 1441 1914 1514 {gfff-⁴

128 1526 190 1576 εἰς
218 1523 272 1573 τὸ
305 1526 472 1590 χρῆναι
510 1528 605 1577 τοῖς
640 1523 788 1589 ἁγίοις
822 1521 1112 1575 ἀποστόλοις
1147 1520 1232 1585 τὴν
1258 1518 1402 1583 αὐτὴν
1427 1518 1590 1583 ὥσπερ
1618 1520 1715 1567 δια-

128 1605 331 1672 στείχειν
358 1603 479 1667 ὁδὸν,
506 1609 543 1656 εὶ
578 1604 642 1669 μὴ
670 1604 745 1656 ὅτε
771 1604 934 1670 γέγονε
962 1604 1068 1655 καθ’
1096 1605 1218 1669 ἡμᾶς
1252 1604 1276 1653 ὁ
1306 1599 1580 1666 Μονογενής
1608 1622 1620 1662 3
1665 1598 1715 1652 ὅς
1733 1628 1755 1653 a
1784 1618 1868 1653 729
1888 1617 1936 1650 A.

127 1687 231 1737 ἐστι
268 1687 530 1752 προσδοκία
568 1689 725 1737 ἐθνῶν·
765 1685 884 1752 πρὸς
923 1684 976 1736 ὃν
1008 1687 1084 1735 καὶ
1118 1686 1142 1735 ὁ
1176 1683 1430 1736 θεσπέσιος
1456 1683 1715 1745 ἀναμέλπει
1777 1684 1860 1715 Gen.

1775 1728 1855 1758 xlix.
1881 1736 1927 1757 10.

130 1768 305 1818 Δαυείδ
337 1776 362 1798 “
385 1767 552 1819 Πάντα
590 1767 650 1818 τὰ
687 1768 796 1831 ἔθνη
837 1767 931 1817 ὅσα
969 1768 1195 1831 ἐποίησας
1234 1766 1405 1834 ἥξουσί
1444 1766 1519 1814 Καὶ
1554 1786 1712 1827 πΡοσ““
1777 1772 1925 1855 {1¹me

62 1871 112 1896 20
131 1856 158 1878 ‘⁶
183 1849 471 1912 κυνήσουσιν
506 1848 701 1900 ἐνώπιόν
736 1872 841 1911 σου,
872 1848 1057 1914 Κύριε·”
1099 1848 1346 1898 σέσωσται
1371 1845 1464 1912 γὰρ
1491 1845 1546 1896 δι’
1575 1847 1717 1896 αὐτοῦ

130 1932 206 1981 καὶ
232 1930 347 1995 αὐτὴ
373 1935 468 1981 τῶν
492 1932 638 1981 ἐθνῶν
664 1931 694 1995 ἦ
722 1930 924 1995 πληθύς.

130 2203 279 2252 Λῆμμα
325 2204 451 2251 λόΓου
504 2204 653 2260 Κυρίου
697 2204 741 2245 ἐν
787 2209 834 2261 st}
880 2204 1048 2261 Σεὸρὰχ
1093 2203 1161 2244 καὶ
1202 2203 1432 2250 Δαμασκοῦ
1477 2201 1715 2241 ἀνάπαυσις
1736 2206 1843 2255 Κεφ.
1868 2202 1914 2243 θ’.

199 2285 344 2337 αὐτοῦ,
374 2286 481 2328 διότι
523 2286 670 2342 Κύριος
707 2288 847 2345 ἐφορᾷ
887 2287 1144 2343 ἀνθρώπους
1183 2286 1251 2327 καὶ
1289 2285 1427 2326 Πάσοιε
1465 2283 1603 2338 φυλὰς
1644 2285 1715 2323 τοῦ
1736 2283 1762 2324 b

193 2368 382 2425 Ἰσραιὲιλ·
424 2369 491 2410 καὶ
512 2370 657 2418 “Ημὰθ
684 2371 728 2410 ἐν
755 2368 844 2411 τοῖς
872 2370 1006 2427 ὁρίοις
1034 2371 1176 2410 αὐτῆς.
1738 2379 1757 2403 2

65 2524 113 2561 25
208 2510 313 2560 Οὐκ
347 2509 528 2577 ἅτραχυ
563 2510 648 2573 μὲν
685 2509 739 2561 τὸ
777 2512 1095 2576 προκείμενον,
1137 2509 1418 2576 δυσέφικτος
1461 2508 1509 2559 δὲ
1553 2510 1721 2575 κομιδῇ

133 2592 210 2642 καὶ
251 2590 367 2655 αὐτὴ
408 2596 503 2642 τῶν
546 2592 723 2660 λέξεων
767 2592 794 2654 ἡ
838 2591 1066 2656 συνθήκη,
1105 2590 1234 2654 πλὴν
1273 2593 1334 2644 ὡς
1373 2591 1437 2641 ἔνι
1476 2591 1721 2659 λελέξεται

184 2801 215 2825 2.
240 2791 330 2837 αὐτῷ
349 2790 391 2825 C.
510 2803 543 2837 3.
570 2791 636 2838 ἔτι]
657 2792 711 2826 ἐπὶ
729 2803 836 2826 manu
854 2792 966 2836 prima
984 2791 1024 2826 C.
1074 2790 1175 2826 ἵενται
1195 2791 1237 2825 Β.
1256 2791 1373 2825 invitis
1393 2790 1485 2825 C.D.
1601 2804 1634 2834 4.
1661 2792 1719 2834 τῆς

134 2837 242 2871 αὐτῶν
258 2851 294 2871 π.
312 2837 406 2872 ἀναδ.
424 2837 491 2872 hoc
509 2838 630 2873 ordine
648 2838 688 2873 C.
707 2839 801 2873 ἀναδ.
819 2844 898 2872 ante
915 2839 973 2881 τῆς
991 2844 1122 2882 transp.
1144 2837 1235 2871 Edd.
1453 2848 1504 2882 13.
1531 2837 1566 2871 δὲ
1585 2849 1654 2872 om.
1676 2838 1717 2872 C.

138 2892 192 2926 15.
219 2885 359 2927 ζητῆσαι
379 2884 420 2918 C.
472 2884 590 2919 Habet
607 2885 836 2928 ἐξιλάσασθαί
855 2885 895 2919 C.
945 2885 1025 2919 αὐτὸ
1045 2884 1086 2919 C.
1105 2884 1206 2919 αὐτὸν
1226 2885 1270 2918 D.
1291 2883 1382 2919 Edd.
1592 2887 1645 2918 16.
1672 2884 1718 2920 εἷς

135 2931 174 2964 τὸ
191 2931 312 2974 χρῆναι
330 2936 551 2965 accesserunt
568 2943 609 2965 ex
629 2931 719 2965 C.D.
1197 2941 1249 2966 20.
1280 2930 1380 2975 Κύριε
1399 2942 1468 2966 om.
1490 2930 1527 2965 C.
1547 2929 1652 2965 habet
1671 2930 1719 2966 D.

138 2986 193 3010 22.
220 2976 351 3021 Σεδρὰχ
371 2976 463 3012 C.D.
480 2977 610 3023 Ἀδρὰχ
630 2978 668 3013 F.
688 2977 779 3012 Edd.
799 2977 874 3022 (22.
893 2977 958 3021 al.)

885 3045 908 3086 3
933 3045 953 3071 1³
979 3045 1001 3073 2
