1997 3361
106 154 148 193 ii.
180 168 329 209 19,20.
553 159 623 199 IN
666 160 945 200 ABACUC.
1007 160 1158 200 ΤΟΜ.
1195 160 1227 199 1.
1605 161 1676 197 1123

105 274 211 324 καθ’
239 274 394 342 ἕτερον
416 275 591 342 τρόπον
615 276 700 340 τὴν
731 282 824 328 τῶν
849 277 1160 344 προκειμένων
1186 276 1379 339 δύναμιν
1405 273 1680 341 ἀναπτύξαι.

105 355 288 421 ᾑρηκὼς
326 357 418 424 γὰρ
455 358 538 412 τὰς
572 359 734 414 πόλεις
765 361 789 409 ὁ
826 361 1139 422 Βαβυλώνιος,
1168 361 1242 409 καὶ
1279 356 1451 419 πάσας,
1481 358 1541 409 ὡς
1575 356 1682 408 ε”πος

107 441 260 501 εἰπεῖν,
297 440 573 504 ἀναστήσας
610 441 693 495 τὰς
731 443 900 509 χώρας,
948 442 1247 493 ἀπονένευκεν
1285 440 1497 507 ἀσχέτως
1536 442 1598 490 εἷς
1629 436 1683 487 τὸ

109 522 235 587 ὑψοῦ
275 524 350 572 καὶ
387 522 627 590 ἀχάλινον,
666 523 815 574 ἐνόσει
850 522 1018 574 λοιπὸν
1056 523 1140 587 τὴν
1176 523 1451 589 ὑπεροψίαν,
1487 523 1560 571 καὶ
1599 518 1726 583 τὴνο

67 605 233 653 5Θεοῦ
274 603 418 673 δόξαν
462 607 487 656 ὁ
528 607 726 659 δείλαιος
759 609 817 674 τῇ
863 606 1002 674 οἰκεία
1040 607 1240 671 περιθεὶς
1278 606 1478 670 κεφαλῇ,
1514 601 1686 670 γράφει

107 683 193 747 μὲν
244 686 396 737 εἰκόνα
446 690 645 754 χρυσῆν,
698 687 907 753 καθάπερ
951 690 1025 737 καὶ
1075 688 1100 737 ὁ
1145 685 1397 739 θεσπέσιος
1439 682 1687 752 προφήτης
1751 697 1898 729 Dan-iii-

108 766 319 837 γε’γραφε
347 769 547 834 Δανιήλ.
612 768 710 820 εἶτα
732 774 1012 836 προσκυνεῖν
1044 769 1250 819 ἐκέλευεν
1288 769 1404 835 αὐτῇ
1445 766 1602 835 φυλάς
1640 788 1688 816 τε

109 852 184 900 καὶ
209 850 463 915 γλώσσας,
495 854 568 902 καὶ
603 857 697 905 τοῖς
732 857 868 902 τοῦτο
904 853 1019 916 δρᾶν
1051 852 1133 901 οὐκ
1171 850 1463 917 ἀνεχομένοις
1492 847 1689 900 θάνατος

109 930 167 996 ἧν
203 933 230 996 ἡ
265 935 382 997 δίκη.
443 936 492 985 τί
525 934 677 984 τοίνυν
711 933 765 984 τὸ
801 935 1010 984 ἐντεῦθεν
1050 933 1262 1002 ὦφελος;
1318 931 1418 982 εἰπέ
1453 936 1620 999 φησιν.
1665 931 1688 980 ὁ

46 1030 93 1054 10
110 1013 203 1080 γὰρ
237 1017 403 1079 οἰηθεὶς
440 1013 552 1066 εἶναι
583 1017 656 1066 καὶ
683 1014 800 1077 θεὸς,
829 1019 890 1068 εὶς
929 1015 1068 1083 λῆξιν
1109 1014 1197 1079 ἤδη
1237 1013 1483 1077 διελήλακε
1519 1010 1691 1063 λοιπὸν

110 1101 193 1146 τοῦ
236 1096 410 1151 παντὸς
453 1103 610 1161 κακοῦ,
653 1101 728 1148 καὶ
777 1101 877 1151 ταῖς
927 1098 1132 1149 ἐπέκεινα
1181 1095 1330 1162 λόγου
1367 1096 1690 1162 περιπέπτωκε

110 1183 396 1246 συμφοραῖς.

1710 1326 1732 1349 a
1763 1316 1845 1350 547
1863 1313 1916 1346 A.

114 1369 221 1412 Οὐαὶ
247 1371 269 1412 ὁ
297 1372 431 1416 λὲι-ων
468 1372 529 1425 τῷ
567 1371 915 1426 Εύλῳ”ἘκνΗψον
951 1372 1207 1428 ἐΕεΓέρθΗτι,
1239 1371 1307 1411 καί
1338 1372 1399 1424 τῷ
1425 1368 1688 1425 λίθοιΫΥψώ-
1716 1378 1762 1415 19

182 1463 286 1495 ΘΗτι·
327 1454 394 1494 καὶ
427 1454 530 1496 αὐτό
563 1456 651 1497 ἐστι
684 1455 911 1511 φαντασία,
937 1458 1060 1497 τοῦτο
1098 1456 1143 1497 δὲ
1181 1455 1294 1496 ἐστιν
1332 1455 1497 1503 ἔλασμα
1524 1453 1692 1510 χρυσίου

48 1543 96 1582 15
183 1539 251 1580 καὶ
277 1539 490 1596 ἀρΓυρίου,
518 1541 585 1581 καὶ
610 1544 694 1582 Πᾶν
721 1543 881 1590 Πνεῦμα
908 1541 983 1582 οὐκ
1017 1541 1130 1583 ἔστιν
1158 1540 1202 1581 ἐν
1230 1540 1360 1593 αὐτῷ.
1420 1541 1442 1581 ὁ
1469 1539 1515 1581 δὲ
1545 1539 1693 1596 Κύριος
1717 1548 1766 1572 20

183 1622 227 1663 ὲν
271 1624 360 1676 ναῷ
402 1622 509 1678 ἀπίῳ
547 1624 684 1666 αὐτοῦ·
723 1623 986 1674 εὐλαβείσθω
1023 1624 1108 1665 ἀπὸ
1144 1622 1378 1680 Προσὼπου
1417 1623 1545 1663 αὐτοῦ
1580 1625 1696 1663 Πᾶσα

185 1706 208 1745 ἡ
237 1710 301 1753 Γῆ.

182 1821 382 1873 ‘'En-erac
408 1821 567 1885 πάλιν,
595 1825 656 1876 ὡς
690 1822 808 1890 ἔφην
843 1824 1023 1889 ἀρτίως,
1049 1827 1142 1873 τῶν
1173 1820 1483 1889 προκειμένων
1507 1820 1535 1884 ἡ
1562 1819 1699 1870 δύνα-

119 1927 212 1968 μις.
275 1904 503 1971 ταλανίζει
536 1904 628 1972 γὰρ
663 1905 848 1959 εἰκότως
878 1903 986 1959 τοὺς
1010 1904 1412 1968 πεπλανημένους,
1444 1903 1486 1954 οἳ
1512 1901 1594 1953 τὸν
1621 1903 1700 1952 ἕνα

52 2008 102 2033 20
120 2009 169 2038 τε
196 1989 270 2037 καὶ
302 1986 445 2055 φύσει
483 1990 557 2037 καὶ
591 1989 780 2052 ἀληθῶς
811 1986 1204 2041 καταλελοιπότες
1237 1985 1374 2049 Θεὸν,
1402 1987 1477 2036 καὶ
1516 1988 1598 2049 τῆς
1636 1982 1745 2039 fieb

121 2069 262 2120 αὐτὸν
301 2069 544 2129 εὐλαβείας
584 2070 912 2135 παρεκθέοντες
949 2068 1035 2133 τὴν
1076 2069 1198 2132 ὁδὸν,
1233 2069 1374 2119 ἵενται
1411 2067 1529 2134 πρὸς
1562 2067 1692 2118 ἀπώ-

122 2158 265 2214 λειαν,
309 2151 428 2222 ξύλῳ
468 2151 551 2214 μὲν
598 2152 933 2220 ἐπιφωνοῦντες
968 2148 1210 2221 ’Έκνηψοις
1252 2148 1452 2217 ἐγέρθητι,
1503 2148 1610 2219 λίθῳ
1651 2148 1700 2199 δὲ

122 2234 339 2300 λέγοντες
378 2234 707 2295 ἀβουλοτάτως
741 2232 981 2303 Ὕψῶθητι.
1049 2233 1151 2287 ε”θος
1184 2231 1276 2299 γὰρ
1314 2236 1410 2285 τοῖς
1446 2238 1693 2295 πεπλανη-

174 2429 203 2452 1.
228 2418 355 2461 τρόπον
371 2423 591 2462 assumptum
609 2429 649 2451 ex
670 2417 715 2450 D.
778 2416 884 2451 αὐτῶν
901 2429 963 2462 pro
980 2421 1045 2451 τῶν
1063 2416 1155 2450 Edd.
1216 2414 1415 2460 ἐκδέχεσθαι
1433 2413 1571 2458 δύναμιν
1588 2426 1651 2459 pro
1668 2415 1699 2449 δ.

124 2464 309 2507 ἀναπτύξαι
327 2464 374 2498 D.
572 2475 602 2497 2.
628 2463 763 2498 ἁπάσας
781 2464 827 2497 D.
1027 2477 1060 2506 4.
1085 2464 1145 2507 τὴν
1162 2461 1237 2506 alt]
1263 2467 1297 2501 -Ι-
1321 2463 1380 2495 τοῦ
1397 2461 1457 2495 iid-
1476 2461 1595 2495 invitis
1616 2461 1700 2496 D.b.

125 2521 158 2556 5.
184 2511 330 2555 περιθεὶς
351 2511 397 2544 D.
415 2510 593 2555 περιτιθεὶς
611 2510 702 2544 Edd.
900 2509 933 2543 6.
958 2525 1022 2555 περ
1040 2516 1259 2553 assumptum
1278 2520 1318 2542 ex
1339 2508 1383 2541 D.
1575 2518 1605 2552 7.
1632 2508 1702 2541 ἐκέ-

125 2560 223 2592 λευεν
241 2558 324 2592 D.b.
344 2557 522 2591 ἐκέλευσεν
541 2557 631 2591 Edd.
692 2556 792 2601 αὐτὴν
809 2556 844 2592 b.
1095 2557 1128 2590 8.
1152 2558 1318 2600 γλώσσας
1336 2554 1418 2589 D.b.
1436 2556 1592 2598 γλώττας
1609 2554 1702 2588 Edd.

126 2617 160 2650 9.
187 2604 322 2649 ὤφελος
341 2604 424 2638 D.b.
443 2604 570 2650 ὄφελος
588 2603 680 2638 Edd.
873 2614 925 2637 10.
950 2602 1127 2646 ὃιελὴλακε
1147 2603 1193 2636 D.
1212 2601 1310 2644 ε’λὴλ.
1330 2601 1388 2634 iid.
1441 2600 1565 2634 Statim
1584 2603 1705 2635 λοιπὸν

127 2657 347 2695 assumptum
366 2663 406 2685 ex
426 2652 472 2685 D.
658 2662 670 2684 1
682 2662 710 2684 Ι.
738 2650 790 2684 καὶ
808 2650 956 2683 ἐπέκεινα
973 2665 1008 2683 π.
1028 2664 1056 2683 κ.
1075 2651 1146 2684 ταῖς
1163 2647 1374 2692 τηλικαύταις
1392 2659 1454 2692 pro
1471 2649 1530 2680 τοῦ
1547 2661 1583 2681 π.
1602 2662 1631 2681 κ.
1650 2649 1703 2681 καὶ

127 2700 199 2733 ταῖς
221 2697 310 2731 ἐπέκ.
335 2699 440 2743 λόγου
459 2698 505 2732 D.
569 2697 800 2742 περιπέπτωκε
825 2695 1035 2741 συμφοραῖς]
1066 2696 1122 2729 Sic
1148 2695 1251 2729 edidi.
1273 2696 1385 2739 συμφ.
1402 2694 1652 2738 περιπέπτωκεν
1668 2695 1703 2728 b.

127 2745 387 2789 περιπεπτωκὼς
405 2746 598 2790 συμφοραῖς
617 2745 662 2779 D.
680 2743 833 2778 πέπτωκε
851 2745 1044 2787 συμφοραῖς
1062 2741 1153 2776 Edd.
1451 2752 1503 2785 13.
1532 2741 1614 2774 Οὐαὶ
1632 2753 1703 2776 om.

129 2791 209 2835 (Sic)
229 2791 275 2825 D.
572 2802 624 2833 14.
651 2793 783 2836 χρυσοῦ
801 2790 852 2824 καὶ
869 2789 1017 2835 ἀργύρου
1036 2789 1082 2823 D.
1368 2787 1422 2820 18.
1448 2785 1497 2822 οἷς
1514 2799 1576 2831 pro
1594 2788 1637 2823 ὡς
1655 2788 1702 2822 D.

131 2848 186 2872 20.
212 2838 264 2871 καὶ
283 2837 476 2872 secundum
493 2844 713 2882 assumptum
731 2849 771 2870 ex
790 2837 837 2870 D.
954 2847 1009 2870 21.
1035 2832 1326 2879 τὴν-ἀπώλειαν]
1348 2833 1419 2877 ,τὴν
1435 2835 1520 2879 πρὸς
1536 2834 1705 2869 ἀπώλειαν

129 2883 231 2919 ἰἐνται
248 2884 326 2918 ὁδὸν
345 2885 392 2918 D.
593 2895 648 2930 23.
674 2884 830 2930 λέγοντες
847 2889 1068 2928 assumptum
1085 2894 1127 2916 ex
1145 2882 1191 2916 D.
1252 2879 1505 2926 ἀβουλοτάτως]
1527 2880 1584 2915 Sic
1602 2881 1703 2915 edidi.

132 2936 325 3004 dssongWD.
344 2963 498 3006 ἀβούλως
516 2963 607 2999 Edd.

891 3033 918 3071 Q
943 3033 963 3061 '2
