2053 3382
134 595 186 626 De
202 595 295 626 Bello

134 639 214 670 Jud.

134 682 189 712 lib.
207 682 239 712 ii.

133 735 204 765 cap.
226 735 250 755 1.

134 780 241 828 Supra

135 833 178 853 Χι.
199 833 222 858 ι,
242 831 268 852 2.

132 1247 162 1276 S.
166 1245 291 1276 Matth.

131 1289 176 1318 ili.
196 1298 256 1327 103

133 1332 164 1362 S.
176 1332 257 1362 Luc.

132 1375 178 1407 iii.
198 1385 227 1417 9.

136 1497 169 1528 S.
187 1497 286 1527 Joan.

137 1552 190 1571 xv.
207 1540 237 1571 6.

361 159 448 197 496
749 161 798 199 Β.
837 158 1112 199 CYRILLI
1165 158 1550 199 ALEXANDR.
1698 156 1945 208 xii.11-14.

360 266 435 315 καὶ
469 264 646 318 παντὸς
680 270 763 315 τοῦ
797 266 846 315 ἐν
871 265 989 333 αὐτῇ
1022 268 1148 334 λιμῷ
1183 266 1567 333 καταφθίνοντος,
1594 263 1766 330 θρήνου
1797 286 1845 314 τε
1871 269 1946 315 καὶ

362 351 557 396 κοπετοῦ
583 345 642 395 τὰ
667 344 824 396 πάντα
849 344 1149 411 πεπλήρωτο.
1211 345 1501 412 μαρτυρήσει
1527 344 1575 396 δὲ
1600 347 1675 395 καὶ
1697 345 1945 408 Ἰώσηπος,

317 425 417 478 br&
451 426 543 491 γὰρ
581 429 663 489 τῆς
690 426 951 480 ‘Amoenus
983 428 1155 487 βιβλία
1186 430 1432 489 συντιθεὶς,
1463 426 1554 495 ἔφη
1589 449 1682 478 που
1715 427 1821 492 περὶ
1853 431 1946 477 τῶν

357 506 705 572 Ἱεροσολύμων
730 509 888 561 αὐταῖς
916 508 1109 577 λέξεσιν
1135 506 1223 559 ὧδε
1249 510 1477 572 ,,Κομμοὶ
1511 507 1558 559 δὲ
1595 507 1720 572 ἦσαν
1746 506 1835 558 ἀνὰ
1860 506 1945 571 τὴν

358 627 384 649 ,,
411 586 554 638 πόλιν
587 591 823 656 πανταχῆ,
854 591 1054 655 οἰμωγαὶ
1092 589 1140 641 δὲ
1179 590 1465 656 διαπρύσιοι,
1497 591 1571 640 καὶ
1611 592 1781 655 θρῆνος
1818 589 1943 654 ἐγκέ-
1964 606 1985 643 5

358 709 384 731 ,,
412 671 660 723 λευστος.”
713 668 875 736 ὥσπερ
911 671 959 721 δὲ
986 671 1199 732 Λίβανον
1231 673 1307 722 καὶ
1339 670 1516 738 δρυμὸν
1547 671 1692 734 αὐτὴν
1718 669 1941 736 ὠνόμαζε,

356 750 511 816 λέγων
532 750 820 820 ίζΔιάνοιξον
847 752 872 802 ὁ
895 753 1104 813 Λίβανος
1128 751 1210 806 τὰς
1239 752 1382 818 θύρας
1408 776 1513 814 σου,
1535 754 1610 803 καὶ
1636 752 1945 819 καταφαγέτω

355 837 382 860 “
408 837 503 897 πῦρ
543 831 627 887 τὰς
670 833 858 899 κέδρους
898 856 1006 885 σου.
1065 833 1346 903 ὀλολυξάτω
1386 835 1534 897 πίτυς,
1576 834 1692 884 διότι
1732 833 1945 885 πέπτωκε

354 919 382 942 “
408 913 581 980 κέδρος,
620 913 689 966 ὅτι
729 915 950 981 μεγάλως
989 914 1269 981 μεγιστάνες
1307 915 1718 981 ἐταλαιπώρησαν·
1773 915 1945 966 ὀλολύ-

355 1000 382 1023 “
408 994 521 1062 ξατε
564 995 695 1062 δρύες
737 999 819 1060 τῆς
866 997 1193 1059 Βασανίτιδος,
1233 997 1303 1048 ὅτι
1348 996 1662 1061 κατεσπάσθη
1705 998 1729 1047 ὁ
1775 996 1945 1063 δρυμὸς
1968 1019 2015 1044 10

356 1077 435 1127 “t‘)
500 1077 798 1146 σύμφυτος·”
877 1078 999 1129 οὕτω
1063 1080 1139 1129 καὶ
1203 1078 1330 1149 ῥοῶνα
1395 1079 1665 1147 κοπτόμενον
1721 1077 1943 1145 ὀνομάζει.

315 1158 650 1212 οπιστώσεται
689 1158 738 1210 δὲ
779 1157 862 1210 τὸν
905 1158 1053 1226 λόγον
1094 1162 1169 1211 καὶ
1215 1162 1240 1211 ὁ
1281 1160 1537 1214 θεσπέσιος
1574 1159 1810 1224 Ἰωάννης,
1851 1165 1946 1214 τοῖς

353 1240 592 1290 Ἰουδαίων
630 1239 793 1305 δήμοις
835 1242 1259 1310 προσπεφωνηκώς
1302 1239 1481 1306 “”Ηδη
1526 1241 1574 1292 δὲ
1619 1243 1694 1292 καὶ
1740 1241 1767 1305 ἦ
1810 1241 1946 1310 ἀξίνη

357 1328 383 1350 “
408 1321 526 1386 πρὸς
559 1321 645 1386 τὴν
675 1322 804 1389 ῥίζαν
834 1327 929 1374 τῶν
964 1321 1163 1389 δένδρων
1197 1329 1353 1375 κεῖται·
1403 1328 1498 1375 πᾶν
1536 1324 1617 1374 οὖν
1656 1322 1843 1389 δένδρον
1880 1321 1946 1386 μὴ

357 1409 384 1431 “
409 1408 574 1454 ποιοῦν
612 1403 794 1470 καρπὸν
830 1405 980 1455 καλὸν
1011 1405 1282 1456 ἐκκόπτεται
1321 1409 1396 1456 καὶ
1436 1408 1498 1459 εἷς
1533 1411 1629 1471 πῦρ
1667 1404 1944 1466 βάλλεται,”
1970 1422 2015 1460 15

358 1490 385 1513 ‘⁶
411 1486 486 1534 καὶ
525 1485 737 1537 καίεται.”
794 1485 929 1536 ε”σται
966 1487 1123 1537 τοίνυν
1161 1489 1313 1554 φησιν
1352 1488 1472 1538 οὕτω
1510 1486 1656 1552 μέγας
1696 1492 1714 1538 ὁ
1754 1487 1791 1537 ἐν
1829 1487 1947 1553 αὐτῇ

361 1565 560 1629 nov-terby,
599 1565 693 1620 οἷος
733 1565 791 1618 ἂν
830 1566 1010 1632 γένοιτο
1051 1573 1234 1623 κοπετος
1279 1568 1435 1638 ῥοῶνος,
1475 1568 1780 1632 ἐκτεθηλότος
1824 1568 1949 1637 αὐτῷ

360 1646 579 1711 δηλονότι
617 1654 700 1699 τοῦ
741 1654 922 1714 καρποῦ
961 1650 1035 1699 καὶ
1078 1649 1314 1714 ἀδοκήτως
1353 1650 1688 1717 ἐκκοπτομένου.
1749 1645 1947 1719 κοψετοιι

360 1729 408 1780 δὲ
451 1732 472 1790 ἦ
511 1753 570 1794 ’γη
616 1753 740 1781 καιτοι
784 1730 942 1799 φυλοις
985 1730 1157 1798 φυλας,
1200 1755 1277 1782 και
1324 1737 1372 1782 αἱ
1413 1754 1620 1796 ’γυναικες
1663 1755 1801 1782 auram
1845 1730 1946 1781 καθ’

362 1809 541 1865 ἑαυτάς.
592 1812 668 1861 καὶ
707 1813 806 1862 οὕτι
843 1834 936 1862 που
975 1812 1130 1880 φαμὲν
1168 1813 1312 1863 ἐκεῖνο
1350 1811 1615 1872 βούλεσθαι
1654 1815 1829 1876 δηλοῦν
1866 1811 1949 1863 τὸν
1971 1837 2019 1861 20

318 1891 590 1958 ᾶμακάριον
631 1891 908 1961 Προφήτην,
948 1895 1009 1947 ὡς
1050 1893 1240 1958 ἑστήκοι
1283 1892 1367 1956 μὲν
1406 1893 1495 1944 ἀνὰ
1534 1894 1671 1960 μέρος
1709 1893 1763 1944 τὸ
1802 1894 1949 1960 ἄρσεν

363 1975 411 2024 ἐν
437 1973 614 2042 ἑκάστῃ
648 1978 795 2042 φυλῇ,
823 1974 911 2025 ἀνὰ
946 1975 1084 2041 μέρος
1121 1975 1169 2026 δὲ
1204 1976 1262 2026 αὖ
1297 1974 1351 2026 τὸ
1390 1979 1528 2039 θῆλυ,
1557 1978 1631 2026 καὶ
1670 1975 1949 2039 ποιήσονται

363 2054 446 2106 τὸν
477 2055 687 2107 κοπετόν·
732 2054 948 2121 περιττὸν
981 2056 1086 2124 γὰρ,
1123 2059 1184 2110 ὡς
1222 2057 1351 2116 ἔοικε,
1390 2056 1444 2108 τὸ
1479 2060 1638 2124 χρῆμα
1673 2059 1748 2108 καὶ
1781 2055 1946 2107 εἰκαιό-

364 2143 561 2198 βουλον·
617 2135 826 2188 διδάσκει
861 2138 908 2188 δὲ
946 2142 1137 2202 μᾶλλον
1164 2140 1225 2192 ὡς
1260 2137 1438 2203 ἑκάστη
1472 2138 1603 2206 φυλὴ
1634 2138 1753 2202 μετὰ
1783 2143 1878 2189 τῶν
1901 2139 1950 2189 ἐν

365 2219 482 2286 αὐτῇ
525 2223 757 2283 γυναικῶν
797 2219 915 2270 ἰδίαν
957 2220 1049 2288 ἕξει
1092 2219 1196 2270 τινὰ
1241 2226 1322 2271 τοῦ
1368 2219 1541 2286 θρήνου
1585 2219 1669 2284 τὴν
1712 2220 1948 2289 ἀφορμήν.
1971 2242 2018 2280 25

366 2300 588 2367 ταύτῃτοί
624 2305 774 2366 φησιν
816 2300 886 2352 ὅτι
928 2299 1049 2370 φυλὴ
1093 2303 1206 2352 οἴκου
1247 2299 1419 2352 Δαυεὶδ
1456 2300 1557 2353 καθ’
1598 2300 1744 2362 ἑαυτὴν
1786 2305 1861 2353 καὶ
1902 2308 1950 2353 oti

367 2385 575 2447 γυναῖκες
611 2382 750 2434 αὐτῶν
788 2382 889 2434 καθ’
920 2382 1101 2438 ἑαυτάς.
1157 2385 1231 2434 καὶ
1271 2382 1327 2447 δὴ
1367 2384 1477 2452 φέρε
1519 2384 1731 2450 λέγωμεν
1766 2386 1828 2437 ὡς
1862 2383 1947 2447 ἔνι,

423 2588 450 2610 1.
477 2578 602 2612 παντὸς
618 2580 677 2611 τοῦ
695 2578 730 2612 ἐν
747 2579 828 2622 αὐτῆ
847 2580 935 2625 λιμῷ
956 2578 997 2613 C.
1015 2580 1141 2614 πάντας
1158 2579 1235 2614 τοὺς
1253 2580 1288 2614 ἐν
1305 2580 1386 2624 αὐτῆ
1405 2581 1507 2622 λιμοῦ
1526 2578 1618 2612 Edd.
1762 2589 1793 2612 2.
1820 2579 1951 2622 πεπλή-

371 2638 471 2668 ρωτο.
505 2624 713 2668 μαρτυρήσει
733 2625 774 2658 Β.
780 2625 820 2658 C.
838 2625 1068 2669 πεπλήρωται.
1102 2640 1232 2670 μαρτυρ
1236 2641 1263 2659 ει
1283 2625 1374 2661 Edd.
1439 2626 1631 2669 Ιώσηππος
1650 2624 1690 2659 C.
1842 2634 1875 2668 5.
1902 2627 1950 2660 οἷ-

371 2670 480 2714 μωγιιὶ
499 2671 534 2703 δε
553 2670 747 2715 διαπρύσιοι
768 2671 808 2705 C.
827 2672 954 2715 οἷμωγὴ
974 2672 1009 2705 δὲ
1027 2672 1226 2716 διαπρύσιος
1246 2672 1337 2706 Edd.
1650 2681 1681 2716 7.
1707 2671 1739 2703 A
1756 2671 1814 2706 τὰς
1831 2671 1874 2705 ad
1892 2673 1951 2707 τὰς

372 2717 521 2750 tnansilit
542 2716 582 2750 B.
649 2718 701 2750 καὶ
719 2729 788 2751 om.
808 2718 848 2751 C.
868 2718 928 2752 sed
947 2719 991 2752 cf.
1008 2730 1116 2798 1supra
1133 2720 1200 2763 483
1219 2730 1248 2758 c,
1270 2727 1335 2763 755
1354 2718 1387 2753 d.
1692 2718 1724 2751 8.
1749 2717 1833 2751 διότι
1853 2718 1893 2752 C.
1911 2725 1951 2752 ut

375 2774 479 2806 Supla
497 2764 532 2796 ll.
550 2774 600 2796 cc.
619 2763 670 2797 ὅτι
690 2763 780 2797 Edd.
1030 2776 1061 2798 2.
1086 2764 1240 2807 Ἰωάννης
1260 2765 1346 2799 ΒΧ).
1367 2766 1455 2807 (scil.
1476 2765 1647 2808 Baptista)
1667 2764 1839 2799 Ματθαῖος
1858 2765 1950 2799 Edd.

379 2809 429 2842 16.
457 2810 509 2842 καὶ
535 2810 659 2843 καίεται
677 2822 746 2844 om.
766 2810 806 2844 C.
825 2811 951 2845 retinui
969 2823 1009 2844 ex
1008 2776 1121 2844 1Edd.
1186 2812 1295 2854 φησὶν
1312 2811 1398 2845 οὕτω
1421 2812 1486 2845 hoc
1506 2811 1626 2844 ordine
1645 2810 1685 2844 C.
1751 2810 1786 2844 ἐν
1802 2811 1890 2857 αὐτῷ
1910 2810 1950 2846 C.

379 2863 430 2899 17.
457 2857 595 2890 κοπετὸς
613 2857 671 2890 alt.
689 2863 911 2901 assumptum
929 2869 970 2891 ex
991 2857 1031 2890 C.
1097 2858 1248 2900 ἐντεθηλ.
1269 2858 1309 2891 C.
1532 2869 1583 2902 19.
1610 2858 1725 2902 φυλὰς
1742 2858 1801 2891 alt.
1818 2869 1888 2891 om.
1909 2857 1950 2891 C.

375 2902 446 2941 (22,
466 2910 523 2945 51,
542 2902 598 2940 62,
621 2912 695 2947 147,
715 2904 809 2947 238.)
1002 2914 1055 2937 20.
1082 2906 1152 2937 οὔτι
1172 2904 1306 2937 C.01'5re
1327 2904 1367 2937 B.
1388 2903 1478 2937 Edd.
1675 2914 1730 2938 21.
1756 2903 1891 2947 εστὴξει
1911 2903 1951 2937 C.

378 2956 431 2985 24.
457 2948 538 2989 μετὰ
562 2948 646 2982 B.C.
666 2950 746 2982 κατὰ
767 2949 857 2983 Edd.
1098 2958 1150 2994 27.
1178 2951 1322 2995 λέγομεν
1341 2949 1380 2984 C.
