2049 3366
142 182 195 224 iv.
222 196 259 233 2,
284 197 322 238 3.
506 183 576 224 IN
622 182 1060 223 MALACHIAM.
1121 181 1274 223 TOM.
1309 181 1370 222 ΙΙ.
1644 181 1723 219 621

141 294 408 362 ἀποῤῥήτου
445 294 786 359 μυσταγωγιάς
823 292 1211 360 εὑτεχνεστάτους
1250 290 1500 360 ἀποφήνας
1538 292 1612 341 καὶ
1651 312 1731 340 σε-

140 377 480 445 σοφισμένους,
506 375 724 439 ε”μπλεών
751 397 800 425 τε
834 373 917 426 τὸν
949 380 1056 425 νοῦν
1083 377 1165 438 τῆς
1199 377 1304 440 περὶ
1340 374 1481 423 αὑτοῦ
1508 371 1731 438 γνώσεως

141 458 348 526 ἔχοντας.
410 456 542 521 πλὴν
580 459 656 508 καὶ
694 460 756 511 εὶς
801 462 939 507 τοῦτο
984 456 1294 525 φαιδρότητος
1338 454 1730 520 παρενηνεγμένοι

1640 543 1666 564 “
1682 537 1731 585 ἐν
1797 562 1808 583 1
1826 554 1900 583 Cor.
1918 553 1937 584 i.

1793 607 1823 636 5.

140 538 539 603 πεπλουτισμένοι
583 562 646 601 τε,
689 539 812 590 καθά
856 543 1009 608 φησιν
1054 539 1079 588 ὁ
1119 538 1344 603 μακάριος
1389 540 1598 598 Παῦλος,

100 635 123 673 5
144 628 171 650 “
195 624 336 672 παντὶ
379 620 513 690 λόγῳ
558 623 634 672 καὶ
677 622 725 671 ἐν
762 620 899 689 πάσῃ
937 620 1113 686 γνώσει
1155 623 1230 670 καὶ
1275 621 1323 670 ἐν
1360 617 1495 686 πάσῃ
1534 617 1727 687 σοφίᾳ,”

143 710 170 733 “
194 703 439 766 βλέπομεν
478 703 583 769 ἄρτι
621 704 670 754 ἐν
708 701 928 772 ἐσόπτρῳ
968 703 1043 752 καὶ
1082 703 1129 752 ἐν
1167 701 1420 767 αἰνίγματι,
1467 702 1542 751 καὶ
1583 699 1725 765 γινώ-
1793 699 1931 774 {¹5³⁶st

142 793 169 815 “
195 808 375 850 σκομεν
419 787 469 836 ἐκ
517 784 730 851 μέρους,”
804 785 903 853 ἥξει
948 783 996 835 δὲ
1047 782 1166 834 κατὰ
1211 782 1395 849 καιροὺς
1439 781 1493 833 τὸ
1539 781 1771 844 amoma
1802 793 1887 828 867
1902 790 1953 825 A·

142 870 220 919 καὶ
253 869 303 919 ἐν
331 866 642 935 πληρεστάτῃ
679 866 849 918 λοιπὸν
880 865 1086 930 ἐσόμεθα
1117 864 1307 931 γνώσει,
1335 869 1553 931 Χριστοῦ
1584 863 1733 916 πάλιν

142 949 253 1013 ἡμῖν
287 951 344 1018 ἐξ
379 951 577 1016 οὐρανοῦ
617 949 992 1017 ἐπιλάμψαντος,
1032 949 1108 998 καὶ
1147 953 1492 1013 καταργοῦντος
1531 945 1616 1010 μὲν
1646 945 1733 1010 τὴν

78 1054 126 1080 ιο
145 1034 194 1083 ἐκ
218 1031 386 1098 μέρους
412 1033 488 1082 καὶ
514 1033 561 1082 ἐν
586 1031 823 1096 αἰνίγματι
850 1034 1045 1095 γνῶσιν,
1072 1028 1467 1092 καταλάμποντος
1494 1027 1542 1079 δὲ
1569 1026 1732 1094 ὥσπερ
1796 1037 1844 1068 Ib-
1866 1046 1895 1078 9-

143 1119 240 1168 τοῖς
287 1112 603 1175 τελεωτάτοις,
654 1114 730 1164 καὶ
783 1112 908 1163 θείου
958 1110 1082 1165 τινὸς
1132 1116 1207 1162 καὶ
1258 1110 1527 1178 ἀποῤῥήτου
1575 1110 1734 1178 φωτὸς

144 1194 537 1259 ἀναπιμπλάντος
579 1194 662 1245 τὸν
707 1199 831 1256 νοῦν,
882 1196 958 1244 καὶ
1010 1197 1067 1261 τῇ
1119 1199 1203 1244 τοῦ
1245 1194 1411 1259 (Αγίου
1459 1192 1735 1254 Πνεύματος

144 1278 281 1346 χύσει
315 1276 788 1344 καταφαιδρύνοντος.
844 1276 935 1344 ἔφη
967 1274 1051 1338 μὲν
1077 1274 1171 1341 γὰρ
1203 1276 1227 1325 ὁ
1255 1275 1510 1328 θεσπέσιος
1539 1278 1735 1327 Παῦλος

146 1367 174 1390 “
201 1360 311 1411 Ε’ίτε
350 1358 399 1410 δὲ
433 1363 714 1428 προφητεῖαι
751 1356 1211 1423 καταργηθήσονται,
1247 1356 1335 1407 εἴτε
1369 1356 1569 1422 γνώσεις
1606 1379 1727 1407 παυ-
1752 1359 1778 1400 b
1797 1373 1848 1405 ΙΙ).
1868 1373 1899 1404 8.
1938 1366 1952 1380 ‘

79 1449 174 1495 ¹5⁶⁶
199 1442 468 1507 θήσονται.”
541 1440 698 1510 φαμὲν
751 1440 798 1491 δὲ
851 1440 922 1491 ὅτι
972 1440 1055 1491 οὐκ
1105 1438 1199 1490 ἀπό
1244 1461 1297 1504 γε
1349 1443 1432 1489 τοῦ
1483 1437 1734 1504 γινώσκειν

145 1526 194 1576 ἐν
227 1525 355 1591 μέρει
393 1525 468 1575 ἐπὶ
508 1521 562 1574 τὸ
600 1521 822 1587 μηδόλως
856 1522 1020 1572 εἰδέναι
1054 1544 1098 1572 τι
1136 1520 1440 1584 βαδιούμεθα,
1467 1526 1654 1572 πολλοῦ
1680 1543 1733 1586 γε

145 1609 221 1658 καὶ
255 1608 335 1657 δεῖ.
391 1607 487 1657 ἐπεὶ
519 1605 623 1656 τίνα
653 1602 830 1671 τρόπον
862 1604 886 1654 ὁ
922 1606 1005 1667 τῆς
1042 1603 1319 1666 μελλούσης
1351 1603 1542 1655 ἐλπίδος
1576 1601 1734 1668 καιρὸς

146 1690 200 1740 οὐ
224 1686 344 1755 πρὸς
371 1687 536 1754 ζημίαν
563 1687 698 1738 ἔσται
724 1691 824 1739 ταῖς
850 1690 944 1737 τῶν
968 1686 1114 1751 ἁγίων
1141 1688 1333 1753 ψυχαῖς,
1361 1687 1397 1734 εἰ
1430 1683 1522 1751 χρὴ
1548 1683 1736 1738 πάντως

146 1773 222 1821 καὶ
265 1768 330 1821 ὧν
371 1770 428 1821 ἂν
466 1770 615 1837 ἔχοιεν
655 1771 953 1831 ἀπολισθεῖν,
993 1769 1046 1818 οὐ
1084 1766 1144 1818 τὰ
1188 1767 1359 1830 ἀμείνω
1398 1766 1736 1832 κερδαίνοντας,

78 1873 129 1898 20
147 1853 230 1903 οὐκ
268 1852 347 1904 ἐπί
387 1875 491 1902 τινα
529 1855 625 1901 τῶν
665 1848 1000 1916 ὑπερκειμένων
1039 1849 1188 1902 ἱέντας
1226 1846 1308 1898 τὸν
1345 1853 1468 1898 νοῦν·
1515 1849 1732 1911 ἀπεμπο-

147 1941 350 1988 λοῦντας
389 1933 438 1985 δὲ
477 1938 667 1997 μᾶλλον
705 1934 781 1983 καὶ
818 1930 872 1982 τὸ
911 1932 998 1996 ἤδη
1037 1929 1384 1996 πεπορισμένον
1416 1930 1497 1980 οὐκ
1531 1931 1730 1980 ἀταλαι-

146 2017 318 2082 πώρως
356 2015 460 2066 ἔσθ’
491 2015 599 2077 ὅτε,
643 2018 989 2080 καταργοῦνται
1028 2012 1076 2063 δὲ
1115 2017 1410 2080 προφητεῖαι,
1445 2011 1736 2063 πεπαύσεται

148 2099 197 2151 δὲ
248 2101 324 2150 καὶ
375 2102 569 2164 γνῶσις,
622 2095 1028 2161 ἐπεισκρινομένης
1078 2094 1296 2158 δηλονότι
1347 2098 1445 2148 ταῖς
1496 2094 1735 2159 ἡμετέραις

148 2185 327 2251 ψυχαῖς
364 2183 447 2244 τῆς
486 2179 608 2243 ἄγαν
647 2176 985 2243 ὑπερκειμένης,
1038 2175 1198 2242 ὥσπερ
1235 2175 1328 2241 γὰρ
1362 2175 1403 2225 εἴ
1436 2198 1518 2238 τις,
1554 2174 1654 2229 ἑνὸς
1686 2177 1774 2226 ε’νο

81 2279 130 2317 25
150 2263 259 2333 οἴκῳ
297 2263 546 2331 φαίνοντος
588 2259 765 2327 λύχνου
810 2259 885 2309 καὶ
929 2259 1121 2322 μετρίαν
1160 2259 1208 2308 ἐν
1245 2262 1341 2311 τοῖς
1379 2258 1556 2323 ὁρῶσιν
1594 2256 1736 2308 αὑτὸν

150 2345 295 2398 ἱέντος
329 2342 491 2410 αὐγὴν,
529 2342 811 2406 εἰσκομίσειε
846 2339 1090 2403 λαμπάδα,
1126 2338 1264 2391 πᾶσά
1297 2362 1398 2392 πως
1428 2337 1609 2404 ἀνάγκη
1644 2362 1735 2402 μο-

151 2428 337 2493 νονουχὶ
390 2426 465 2476 καὶ
516 2426 770 2490 ἀπρακτεῖν
819 2420 875 2474 τὸ
924 2423 1097 2473 ἐκείνου
1146 2425 1249 2490 φῶς
1299 2424 1358 2488 τῇ
1406 2425 1488 2471 τοῦ
1533 2420 1738 2487 μείζονος

203 2627 232 2650 1.
257 2615 540 2660 εὖτεχνεστάτους
560 2614 601 2648 Β.
626 2613 894 2658 ἀτεχνεστάτους
918 2612 954 2646 in
981 2610 1099 2645 codice
1124 2611 1255 2656 legerat
1273 2610 1467 2650 Pontanus,
1487 2609 1582 2656 quod
1602 2610 1738 2656 εὐτυχε-

153 2663 299 2698 στάτους
317 2674 335 2696 e
352 2662 553 2707 conjectura
570 2661 730 2694 correxit.
792 2660 919 2693 Statim
936 2658 1088 2703 ἀπέφηνε
1108 2657 1199 2691 Edd.
1327 2657 1359 2691 6.
1385 2657 1420 2690 ἐν
1437 2658 1496 2691 alt.
1515 2664 1738 2702 assumptum

152 2721 194 2743 ex
216 2709 256 2744 Β.
540 2719 573 2752 9.
600 2707 748 2751 οὐρανῶν
767 2705 859 2739 Edd.
929 2706 988 2749 τὴν
1006 2705 1041 2738 ἐκ
1057 2703 1180 2748 μέρους
1196 2704 1249 2737 καὶ
1267 2703 1302 2736 ἐν
1318 2702 1504 2749 αἰνίγματι]
1523 2705 1562 2737 τὸ
1579 2704 1614 2737 ἐκ
1631 2719 1666 2747 μ.
1686 2705 1738 2738 καὶ

152 2756 213 2799 τὴν
231 2756 265 2790 ἐν
282 2755 441 2800 ἐσόπτρῳ
460 2755 512 2788 καὶ
530 2754 698 2798 αἷνίγματι
716 2752 777 2786 iid.
993 2762 1005 2784 1
1017 2762 1045 2785 Ι.
1071 2750 1302 2795 τελειωτὲροις
1319 2749 1379 2784 iid.
1590 2760 1643 2792 14.
1670 2749 1737 2784 εἴτε

152 2803 296 2847 γνώσεις
311 2800 560 2846 παυθὴσονται]
580 2801 632 2833 καὶ
650 2801 794 2844 γνώσεις
810 2796 997 2832 παύσονται
1015 2796 1074 2830 iid.
1301 2806 1355 2841 15.
1381 2796 1432 2830 ὅτι
1450 2802 1483 2830 et
1499 2811 1538 2840 γε
1556 2803 1738 2840 assumpta

153 2860 196 2882 ex
215 2848 257 2882 B.
608 2845 661 2880 16.
688 2845 723 2878 ἐν
739 2843 849 2889 μέρει]
869 2844 905 2878 ἐκ
921 2844 1044 2887 μέρους
1060 2842 1120 2877 iid.
1467 2843 1518 2876 18.
1545 2843 1660 2886 ζημίας
1676 2842 1736 2877 iid.

157 2905 210 2938 19.
237 2895 373 2939 ἔχοιμεν
389 2893 449 2929 iid.
681 2902 736 2925 20.
762 2906 794 2925 τι
811 2890 871 2925 iid.
1111 2900 1167 2923 22.
1193 2891 1435 2935 καταργοῦνται
1453 2888 1506 2935 δὲ]
1527 2889 1738 2934 καταργηθή-

143 2954 273 2975 σονται
291 2941 343 2974 καὶ
360 2939 421 2976 iid.
617 2972 620 2974 ,
689 2948 744 2984 25.
770 2939 897 2983 ὁρῶσιν
914 2936 1015 2972 αὐτὸν
1032 2935 1098 2971 hoc
1116 2935 1237 2972 ordine
1257 2935 1300 2971 B.
1562 2946 1617 2983 27.
1642 2935 1736 2982 φῶς]

160 2991 195 3027 -4-
217 2987 277 3030 τὴν
294 2985 352 3021 iid.
