2028 3356
299 135 380 174 106
687 137 735 177 Β.
774 136 1050 177 CYRILLI
1094 135 1477 178 ALEXANDR.
1745 136 1786 176 ii.
1810 149 1870 186 14.

297 244 520 310 λαμπρὰς
569 244 652 308 μὲν
696 248 1111 310 κατεμπρησθῆναι
1160 245 1322 301 πόλεις
1365 249 1481 308 ὁμοῦ
1526 251 1620 299 τοῖς
1666 250 1875 297 οἰκοῦσιν

299 326 459 388 αὑτὰς,
490 328 596 390 ἔθνη
623 327 671 378 δὲ
697 327 788 378 ὅλα
812 329 886 378 καὶ
914 327 1070 394 φυλὰς
1097 331 1305 380 ἀπειπεῖν
1329 332 1376 380 ἐν
1403 334 1588 390 κακοῖς,

373 413 527 460 Τοῦτο
559 410 596 459 δ’
626 410 683 459 ἄν
709 432 775 462 τις
801 409 984 462 εἰκότως
1012 412 1087 460 καὶ
1122 412 1274 466 αὐτοῖς
1301 413 1609 480 ἐπιφωνήσειε
1637 415 1732 464 τοῖς
1757 412 1875 461 Ἰου-

299 492 440 542 δαίων
484 495 784 556 καθηγηταῖς,
823 491 863 542 υἳ
901 492 1080 546 πάντας
1121 493 1205 556 μὲν
1244 494 1529 544 ἀπεκτόνασι
1570 492 1677 547 τοὺς
1717 493 1877 558 ἁγίους

255 573 562 642 Ῑυπροφήτας·
605 572 752 642 ᾤοντο
787 575 933 640 γεμὴν
972 576 1024 625 οὐ
1063 576 1258 641 μετρίως
1296 576 1483 640 ὀνήσειν
1521 575 1606 640 τὴν
1639 577 1874 642 Ἱερουσα-
1897 596 1918 633 5

299 656 409 720 λὴμ,
449 658 524 706 καὶ
565 654 795 725 οἰκοδομεῖν
840 657 984 722 αὐτὴν
1024 659 1060 709 ἐν
1099 658 1269 723 αἵμασι
1309 661 1383 709 καὶ
1424 663 1482 726 τῇ
1528 657 1646 709 κατὰ
1686 658 1877 709 πάντων

297 739 568 808 πλεονεξίᾳ·
610 739 688 793 οῦς
722 739 805 801 μὲν
840 740 932 806 γὰρ
974 743 1192 807 ὕβρισαν,
1222 741 1300 794 οῦς
1332 740 1379 791 δὲ
1407 742 1692 804 ἀπέκτειναν,
1719 741 1796 793 οῦς
1829 740 1877 791 δὲ

75 833 234 907 ῗ-ἔῐπῐξῑί-
298 822 542 884 ε’λίθασαν,
570 824 644 872 καὶ
678 828 944 874 τελευταῖον
977 828 1071 876 τοῖς
1107 824 1274 876 ἄλλοις
1312 824 1615 889 προσέθεσαν
1641 822 1722 874 τὸν
1747 822 1878 885 Υἱὸν,

76 900 143 962 39
165 886 203 917 3³
299 906 375 954 καὶ
418 903 661 971 πρόφασις
706 906 860 959 αὐτοῖς
898 909 980 969 τῆς
1016 907 1236 959 ἀπονοίας
1272 907 1296 956 ὁ
1336 906 1476 967 νόμος
1510 905 1580 969 ἦν.
1639 904 1880 957 ὑπεπλοὶτ-

298 1009 436 1037 τοντο
462 985 554 1053 γὰρ
580 986 633 1038 τὸ
661 987 1011 1053 ἐπαλγύνεσθαι
1039 990 1187 1038 δοκεῖν
1214 988 1495 1056 ἀθετουμένῃ
1517 987 1645 1054 παρὰ
1666 991 1880 1054 Χριστοῦ
1907 1015 1951 1040 ιο

298 1073 357 1136 τῇ
384 1068 459 1120 διὰ
481 1069 726 1124 Μωυσέως
751 1071 932 1137 ἐντολῇ.
984 1071 1093 1120 ἀλλ’
1116 1069 1185 1121 ὅτι
1213 1071 1474 1135 θεοστυγὴς
1499 1072 1523 1120 ὁ
1543 1071 1686 1137 ζῆλος
1712 1071 1880 1132 αὐτοῖς,

78 1158 174 1232 {mm-
191 1168 223 1188 x.
301 1155 375 1202 καὶ
402 1159 428 1181 “
450 1153 502 1205 οὐ
530 1153 627 1202 κατ’
652 1152 950 1218 ἐπίγνωσιν,”
982 1155 1043 1206 ὡς
1070 1158 1184 1218 γοῦν
1211 1154 1235 1203 ὁ
1263 1153 1516 1207 θεσπέσιος
1542 1154 1712 1222 γράφει
1740 1156 1877 1204 Παῦ-

262 1241 399 1298 ολος,
430 1235 712 1303 ἀποφήνειεν
749 1233 807 1286 ἂν
843 1234 1046 1289 εὐκόλως
1083 1237 1107 1286 ὁ
1146 1234 1406 1304 Προφήτης
1442 1237 1597 1302 λέγων
1636 1239 1705 1287 Οὐ
1738 1234 1882 1286 ταῦτα’,

300 1318 390 1369 ἐστι
423 1316 553 1387 παρα
581 1320 728 1387 Κυρίου
763 1318 1125 1388 παντοκρατορος.
1179 1318 1415 1385 τοιγάρτοι
1451 1321 1526 1369 καὶ
1561 1319 1881 1370 ἐκλελοίπασιν

299 1400 337 1451 ἐν
365 1406 462 1469 πυρὶ
502 1405 580 1452 καὶ
617 1397 994 1470 ὠλιγοψύχησαν,
1023 1405 1322 1454 δαπανῶντος
1355 1400 1521 1454 αὐτοὺς
1555 1406 1637 1451 τοῦ
1671 1399 1881 1463 πολέμου
1904 1422 1950 1460 15

300 1484 376 1533 καὶ
402 1481 742 1547 κατατήκοντος
766 1489 848 1534 τοῦ
873 1489 1026 1546 λιμοῦ.
1090 1484 1363 1548 συμβέβηκε
1399 1483 1490 1549 γὰρ
1515 1482 1573 1534 τὰ
1607 1482 1760 1534 τοιάδε
1786 1487 1881 1535 τοῖς

300 1564 538 1616 Ἰουδαίων
564 1568 726 1630 δήμοις
756 1566 1148 1634 πεπαρῳνηκόσιν
1174 1570 1235 1619 εἷς
1262 1566 1344 1616 τὸν
1370 1566 1502 1625 Υἱὸν,
1531 1568 1605 1616 καὶ
1633 1565 1883 1617 ἀπεκτονό-

303 1671 401 1712 σιν,
429 1650 489 1703 ὡς
513 1647 645 1716 ἔφην,
672 1648 764 1715 πρὸ
790 1650 930 1700 αὐτοῦ
957 1648 1064 1703 τοῦς
1089 1649 1351 1718 προφήτας.

240 1831 396 1880 ι4”Οτι
432 1832 675 1874 ἐνεπλήσθΗ
710 1833 732 1873 ἡ
762 1833 961 1882 σύμπασα
996 1838 1043 1880 Γῆ
1080 1836 1153 1874 τοῦ
1189 1833 1344 1880 Γνώναι
1371 1833 1447 1874 τήν
1475 1833 1603 1877 δόξαν
1634 1832 1796 1889 Κυρίου,
1822 1832 1882 1873 ὡς

372 1916 488 1973 ὕδωρ
514 1917 622 1957 Πολὺ
651 1917 951 1967 κατακαλύψαι
979 1917 1206 1958 θαλάσσας.
1905 1930 1954 1956 20

258 2030 286 2070 d
377 2022 655 2090 Ἀδιαφορεῖ
689 2022 924 2077 πολλάκις
967 2026 1072 2086 περὶ
1113 2021 1219 2076 τοὺς
1261 2022 1457 2089 χρόνους
1492 2023 1519 2086 ἡ
1563 2023 1663 2073 θειά
1707 2021 1884 2089 γραφὴ,

305 2106 381 2154 καὶ
405 2104 463 2155 τὰ
489 2105 692 2168 ἐσόμενα
718 2105 919 2169 τίθησιν,
946 2107 1007 2158 ὡς
1033 2105 1121 2168 ἤδη
1153 2105 1501 2171 πεπερασμένα.
1560 2110 1697 2155 τοῦτο
1721 2105 1777 2167 δὴ
1805 2104 1886 2155 οῦν

305 2185 507 2238 κάνθάδε
536 2186 730 2254 γεγονὸς
764 2187 1038 2253 εὑρήσομεν.
1102 2186 1206 2238 δέον
1232 2187 1324 2253 γὰρ
1351 2192 1491 2238 εἰπεῖν
1516 2186 1570 2238 τὸ
1596 2185 1881 2250 ἐμπλησθή-

306 2292 455 2332 σεται,
498 2269 552 2320 τὸ
591 2269 821 2330 ἐνεπλήσθη
867 2271 1029 2338 φησίν.
1101 2270 1214 2320 ὅταν
1257 2271 1425 2332 τοίνυν,
1464 2270 1784 2337 ἐπιρῥιφείσης
1826 2272 1885 2336 τῇ

308 2354 562 2412 Βαβυλῶνι
588 2354 669 2415 τῆς
697 2352 820 2405 θείας
846 2353 1004 2418 ὀργῆς,
1030 2350 1090 2402 τὰ
1115 2354 1163 2403 ἐν
1189 2352 1306 2419 αὐτῇ
1334 2351 1489 2403 πάντα
1516 2351 1705 2417 γένηται
1735 2349 1810 2401 διά
1836 2373 1884 2401 τε
1908 2374 1926 2398 2

359 2501 387 2524 1.
413 2489 706 2534 κατεμπρησθῆναι
727 2489 768 2523 B.
787 2489 1060 2533 καταπρησθῆναι
1080 2489 1123 2523 D.
1145 2488 1236 2523 Edd.
1527 2499 1558 2522 2.
1583 2487 1715 2545 φυλὰς]
1735 2489 1887 2533 κεφαλὰς

310 2536 401 2570 Edd.
562 2548 594 2581 3.
621 2551 671 2571 τις
688 2542 767 2580 post
784 2537 896 2571 αὐτοῖς
914 2544 956 2569 tr.
978 2536 1022 2570 D.
1191 2536 1223 2570 6.
1249 2535 1437 2579 οἰκοδομεῖν
1456 2535 1502 2569 D.
1522 2535 1613 2569 Edd.
1631 2534 1824 2581 ῳκοδόμουν
1842 2535 1884 2569 Β.

308 2593 339 2628 7.
370 2583 517 2628 ὕβρισαν
537 2583 578 2618 Β.
598 2583 688 2616 Edd.
707 2582 850 2626 ἕπρισαν
872 2583 915 2617 D.
1152 2583 1185 2617 S.
1211 2582 1374 2616 ελίθασαν
1394 2582 1438 2615 D.
1459 2581 1550 2615 Edd.
1569 2582 1823 2625 ἐλιθοβόλησαν
1842 2582 1885 2616 Β.

306 2632 498 2664 τελευταῖον
518 2630 561 2663 D.
581 2632 801 2664 τελευτῶντες
820 2628 1242 2687 Edd.11.6·n]
1265 2633 1299 2670 -†-
1321 2629 1381 2672 μὲν
1398 2628 1456 2663 iid.
1475 2629 1545 2662 inv.
1565 2628 1607 2662 B.
1613 2629 1658 2662 D.
1707 2629 1820 2664 αυτοῖς
1838 2628 1884 2663 D.

307 2678 415 2710 αὐτῶν
435 2678 476 2711 Β.
496 2677 586 2711 Edd.
788 2688 840 2711 12.
867 2675 966 2721 γοῦν]
991 2681 1025 2717 -1-
1048 2677 1100 2710 καὶ
1120 2675 1209 2710 Edd.
1229 2688 1298 2709 lnv.
1321 2675 1360 2709 Β.
1368 2675 1412 2709 D.
1605 2687 1657 2719 13.
1682 2675 1887 2719 ἀποφήνειεν

306 2722 363 2767 ἂν]
383 2724 553 2767 ἀπέφηνεν
572 2724 616 2757 D.
881 2734 933 2766 15.
960 2739 1039 2767 πυρι
1060 2723 1101 2757 Β.
1108 2724 1152 2757 D.
1171 2723 1319 2781 ἀργυρίῳ
1337 2722 1416 2765 (sic)
1436 2721 1527 2755 Edd.
1592 2723 1645 2756 καὶ
1663 2728 1883 2766 assumptum

309 2782 350 2802 ex
372 2770 412 2803 B.
431 2771 580 2815 ὠλιγοψ.
600 2770 635 2804 δέ
658 2770 701 2804 D.
951 2771 1003 2804 16.
1034 2771 1078 2804 H
1072 2782 1129 2804 lec
1147 2773 1199 2803 καὶ
1217 2768 1455 2812 κατατήκοντος
1471 2770 1530 2801 τοῦ
1547 2770 1648 2812 λιμοῦ
1665 2775 1886 2803 accesserunt

310 2828 351 2848 ex
374 2817 762 2861 1).γὰρ1).1·“(1ιί.δέ
785 2817 823 2850 B.
972 2829 1023 2860 19.
1043 2819 1085 2861 γῆ
1103 2829 1172 2851 0111.
1194 2817 1238 2850 D.
1258 2816 1317 2858 (86
1309 2827 1407 2859 ›.1ng
1428 2816 1523 2859 233.)
1667 2826 1721 2849 20.
1744 2829 1884 2849 κατακα-

310 2862 421 2908 >multat
442 2863 481 2896 B.
488 2864 533 2897 l).
553 2864 628 2907 (22.
647 2866 689 2898 al.
696 2864 711 2905 )
731 2864 962 2909 κατακαλυψει
984 2863 1072 2898 Edd.
1139 2864 1318 2897 θαλάσσας
1346 2862 1386 2896 Β.
1414 2862 1485 2904 (22.
1505 2863 1565 2904 al.)
1588 2861 1707 2897 αὐτους
1727 2862 1772 2896 l).
1795 2862 1884 2897 Edd-

313 2920 367 2943 22.
393 2924 565 2953 πεπραγμ
572 2926 609 2943 νι
630 2911 809 2953 Ε(1(ι.δὴ
827 2912 1128 2954 ‹›111.D.23.
1155 2911 1192 2944 τὸ
1210 2922 1278 2943 om.
1299 2910 1344 2943 D.
1452 2920 1506 2950 24.
1535 2908 1628 2942 Nota
1647 2909 1692 2942 D.
1713 2908 1885 2953 Cyrillum

310 2956 512 2990 lectiomsv
516 2965 667 2991 ulmum:
687 2958 717 3001 ib
710 2970 859 2992 11a1·].un
968 2969 1021 3002 2.5
1041 2956 1097 3002 τὰ]
1115 2959 1215 2991 ταῦτα
1233 2955 1320 2990 Edd.
1370 2955 1543 3001 γεγένηται
1561 2956 1606 2990 D.
1657 2971 1690 2990 τε
1704 2968 1774 2990 0111.
1789 2955 1837 2992 D.
