2049 3366
135 205 272 228 OPERA.

136 311 379 360 Nycticorax,
414 326 497 348 cuin
537 313 751 350 hominibus
789 328 889 350 com-

189 377 324 412 morari
347 390 421 413 non
443 378 549 413 timet
571 380 646 415 603
669 392 700 414 e.

496 549 530 585 Ο

135 634 404 675 OnicninN'rm,
423 636 481 671 via
502 636 641 672 Salutis
664 636 770 671 unica
792 647 895 682 prae-

190 700 335 735 dicatur
369 702 441 736 142
473 701 517 746 ‹l;
555 703 627 737 143
659 701 702 745 d;
744 703 817 736 166
848 700 893 745 b;

191 768 267 801 432
286 778 325 808 c;
357 778 444 802 vera
464 773 520 802 est
541 767 576 802 in
594 768 712 802 Deum
734 766 894 801 charitas

191 833 267 865 447
286 843 325 873 c;
359 832 498 878 optima
515 832 622 867 estin
640 831 758 866 Deum
778 831 894 878 pietas

191 896 267 930 594
283 907 304 930 a
317 908 323 935 ;
353 908 438 931 cuni
451 908 537 931 cura
550 903 586 931 et
601 908 725 931 amore
738 896 892 930 fratrum

191 960 457 1007 conjungenda
488 963 563 996 594
587 961 630 1005 b;
665 973 790 995 verum
823 960 892 994 Ec-

191 1024 323 1059 clesiae
337 1032 596 1060 ornamentum
613 1027 688 1061 634
704 1025 743 1069 d;
766 1026 841 1060 642
857 1037 893 1069 a;

191 1088 466 1124 aedificantium
500 1090 680 1136 templum
710 1101 892 1124 memora-

191 1159 252 1188 tur
266 1156 342 1189 636
357 1153 379 1188 b
392 1167 401 1199 ;
426 1154 643 1201 priscorum,
658 1161 697 1189 ut
710 1153 895 1198 Abrahae,

192 1223 229 1253 et
250 1217 356 1253 Noes
376 1218 444 1254 fuit
464 1219 584 1266 gloria
605 1221 680 1255 854
702 1231 733 1254 e.

139 1281 337 1324 Occidens,
379 1296 461 1318 cum
501 1283 670 1327 Oriente,
710 1296 776 1331 pro
814 1289 895 1318 toto

193 1347 335 1383 mundo
356 1348 514 1384 sumitur
537 1350 610 1384 718
634 1361 666 1384 e.

137 1410 250 1453 Octo,
278 1425 390 1459 quare
418 1419 566 1460 tempus
596 1412 789 1460 Evangelii
819 1412 894 1459 sig-

194 1476 319 1512 nificet
341 1479 391 1512 60
413 1489 453 1522 e;
489 1476 660 1522 Sanctos,
691 1483 728 1512 et
748 1476 896 1512 Veteris

193 1547 230 1576 et
252 1541 350 1576 Novi
370 1541 546 1577 Foederis
567 1542 751 1589 significat
769 1543 844 1577 438
864 1554 896 1578 e.

140 1605 262 1647 Oculi,
278 1605 424 1653 dejecti,
440 1606 584 1641 timoris
598 1606 746 1653 signum
762 1608 838 1642 502
854 1618 895 1651 a;

194 1682 261 1717 pro
279 1669 440 1711 Sanctis,
454 1671 671 1718 praesertim
689 1670 895 1717 Episcopis‚

195 1734 334 1770 dictum
360 1737 436 1771 692
459 1735 539 1779 ab;
579 1735 779 1770 carnalium
811 1746 895 1781 pec-

193 1804 361 1834 catorum
382 1811 522 1846 poenas
541 1799 644 1834 luent
665 1801 740 1835 807
763 1811 795 1834 c.

141 1862 293 1907 Oculus,
333 1875 398 1909 pro
442 1862 690 1910 intelligentia
732 1862 900 1898 interiori

195 1927 335 1962 dictum
369 1928 445 1962 666
476 1939 517 1971 c;
558 1929 633 1962 678
664 1927 708 1971 d;
750 1929 822 1963 771
856 1939 897 1972 c;

195 1997 417 2026 excaecatus
438 1991 527 2038 quid
548 1991 735 2039 significet
757 1994 830 2028 771
850 1992 895 2033 d;

196 2056 277 2097 Dei,
312 2056 386 2091 suis
424 2056 585 2100 intuens,
625 2056 693 2092 Dei
733 2056 898 2092 favorem

195 2120 334 2156 indicat
356 2122 431 2156 775
453 2120 488 2155 d.

142 2184 290 2230 Odolla,
323 2185 413 2220 urbs
451 2185 487 2220 in
522 2185 699 2220 extremis
731 2184 755 2220 J
759 2185 898 2221 udaeae

198 2249 344 2293 finibus,
370 2262 391 2284 a
422 2249 592 2284 Roboam
623 2249 827 2291 aedificata,
853 2250 898 2285 ab

198 2314 362 2361 Assyriis
383 2319 490 2361 capta
512 2316 589 2350 405
611 2314 646 2349 b.

144 2379 322 2422 Odorem,
340 2378 567 2425 spiritualem
589 2379 777 2420 dantibus,
794 2379 896 2414 liabi-

198 2443 377 2479 tationem
395 2448 432 2478 et
446 2442 718 2490 jucunditatem
736 2443 773 2478 in
789 2443 898 2478 Para·

199 2507 280 2543 diso
300 2507 433 2543 reddet
453 2505 624 2543 Christus
647 2510 724 2544 810
746 2520 776 2543 e.

144 2571 389 2612 Oeconomia,
411 2584 479 2619 pro
507 2571 766 2608 Incarnatione
787 2575 835 2608 53
858 2584 899 2614 c;

200 2638 277 2672 226
313 2636 356 2681 1);
406 2636 451 2671 de
492 2636 721 2683 Baptismate
760 2636 901 2672 Christi

199 2702 276 2737 228
325 2701 371 2745 b3
430 2700 717 2742 Incarnationis,
766 2707 902 2747 quanta

199 2764 444 2801 admiratione
471 2764 585 2812 digna
612 2765 658 2800 sit
688 2767 763 2801 548
785 2778 804 2800 c
819 2765 841 2800 d
858 2778 900 2807 e;

200 2829 386 2876 descripta
408 2831 485 2865 570
506 2841 537 2864 c.

151 2893 324 2929 offerens
358 2906 397 2929 se
431 2893 551 2941 ipsum
583 2893 675 2938 Deo,
705 2894 904 2941 diligenter

200 2963 387 2993 scrutetur
407 2958 569 2994 animani
598 2970 715 3000 suam,
744 2971 789 2994 ne
817 2958 904 3005 quid

266 3033 360 3062 VOL.
383 3034 430 3062 11.

670 194 875 229 INDEX
939 193 1180 229 RERUM.

1643 194 1713 228 721

1015 315 1127 356 caeci,
1169 314 1303 355 claudi,
1344 312 1523 360 languidi,
1562 312 1660 360 capti
1699 324 1720 347 a

1013 379 1133 414 bestia
1173 379 1240 414 lllo
1279 379 1480 414 offeramus
1515 379 1592 414 832
1628 390 1648 412 a
1669 377 1717 421 b;

1015 443 1059 478 cf.
1084 446 1160 479 827
1183 457 1215 478 a.

961 506 1172 543 Offcrcntcs
1193 507 1389 549 hilaritate,
1417 507 1600 554 respiciet,
1623 506 1718 542 acci-

1016 572 1102 618 piet,
1113 571 1509 616 laudabit‚honorabit,
1524 571 1721 606 benedicet

1015 636 1116 671 Deus
1138 639 1213 672 844
1236 650 1269 672 c.

962 699 1070 744 Olda,
1112 701 1324 749 Prophetis,
1365 714 1457 748 quae
1499 700 1627 736 Josiae
1666 711 1722 735 re-

1017 765 1208 812 sponderit
1231 768 1301 801 281
1329 766 1364 800 d.

963 829 1146 871 Oleastcr,
1170 830 1376 877 sylvestris,
1399 830 1580 865 Gentium
1608 834 1722 876 typus

1018 896 1093 929 576
1115 907 1157 938 a,
1190 896 1265 931 683
1289 907 1319 929 e.

963 958 1110 999 Oleum,
1137 958 1334 994 hilaritatis
1361 965 1399 994 et
1424 959 1544 993 bonae
1572 957 1720 993 habitu-

1017 1022 1112 1058 dinis
1137 1023 1348 1070 symbolum
1374 1025 1423 1059 55
1445 1036 1488 1064 e;
1520 1034 1658 1070 magno
1685 1021 1722 1056 in

1017 1088 1135 1134 pretio
1157 1094 1236 1123 erat
1252 1088 1349 1135 apud
1366 1088 1572 1135 Aegyptios
1589 1088 1662 1122 167
1678 1098 1697 1121 e
1713 1101 1719 1126 ;

1018 1151 1146 1187 Sancti
1163 1151 1324 1199 Spiritus
1336 1164 1356 1187 a
1368 1152 1474 1188 Joele
1490 1151 1723 1200 promittitur

1020 1218 1095 1253 224
1118 1229 1149 1252 e.

964 1282 1084 1323 Oliva,
1135 1281 1288 1317 Gratiae
1345 1281 1558 1317 fructiferae
1612 1286 1724 1328 typus

1023 1348 1095 1382 193
1136 1346 1185 1390 b3
1227 1346 1325 1393 apud
1363 1346 1567 1382 Samaritas
1606 1345 1722 1380 abun-

1019 1410 1129 1445 dabat
1160 1412 1236 1446 452
1268 1423 1311 1456 c,
1346 1410 1383 1445 in
1414 1410 1633 1458 supplicium
1666 1408 1724 1443 Is·

1018 1475 1127 1510 raelis
1142 1475 1307 1522 peritura
1320 1474 1545 1522 praedicitur
1559 1476 1635 1510 452
1651 1473 1675 1508 d
1687 1486 1706 1508 e
1713 1485 1722 1517 ;

1021 1539 1211 1587 utriusque
1233 1539 1420 1575 Ecclesiae
1441 1540 1562 1587 figura
1583 1540 1659 1574 683
1682 1550 1723 1583 εὶς

1019 1606 1094 1640 687
1117 1604 1160 1649 b;
1193 1606 1269 1640 692
1299 1604 1343 1649 (1;
1374 1605 1486 1646 bona,
1517 1610 1573 1639 est
1605 1603 1724 1651 Syna-

1018 1682 1119 1717 goga
1150 1669 1393 1710 Judaeorum,
1428 1669 1599 1716 agrestis,
1632 1680 1725 1716 gen-

1018 1734 1110 1769 tium
1133 1734 1332 1769 multitudo
1354 1736 1429 1770 693
1452 1746 1471 1769 c
1487 1733 1524 1770 d.

967 1797 1156 1834 Olivarum
1192 1799 1319 1840 Mons,
1355 1805 1477 1835 terrae
1512 1804 1617 1834 motu
1651 1798 1724 1833 dis-

1021 1864 1168 1905 scissus,
1183 1869 1352 1912 tempore
1369 1863 1504 1908 Oziae;
1527 1863 1617 1899 item
1631 1863 1725 1898 Cru-

1021 1928 1204 1964 cifixionis
1226 1930 1301 1965 797
1324 1940 1343 1964 c
1358 1940 1390 1963 e.

967 1992 1054 2028 Olla
1081 1993 1265 2040 perfracta
1293 1999 1330 2028 et
1359 1993 1504 2035 adusta,
1532 1991 1725 2027 contritio-

1019 2057 1077 2091 nis
1097 2056 1246 2104 signum
1269 2059 1345 2093 502
1367 2070 1400 2093 a.

967 2121 1040 2164 On,
1059 2121 1194 2169 Apidis
1215 2121 1388 2170 Aegyptii
1409 2133 1546 2156 nomen
1570 2122 1644 2156 145
1667 2132 1697 2155 a.

967 2185 1103 2233 Opera,
1134 2186 1246 2227 bona,
1276 2199 1322 2221 ex
1354 2185 1494 2221 Christi
1523 2184 1727 2220 communi-

1020 2263 1090 2286 one
1115 2258 1200 2286 sunt
1225 2253 1297 2287 152
1321 2251 1365 2295 d;
1401 2253 1472 2287 153
1495 2263 1536 2295 a;
1572 2262 1616 2285 ea
1642 2254 1729 2284 sunt

1021 2315 1228 2362 praecipue,
1261 2315 1434 2350 Charitas
1467 2327 1558 2361 erga
1588 2313 1727 2358 Deum,

1021 2379 1057 2414 in
1087 2379 1258 2415 homines
1284 2379 1431 2427 justitia
1463 2381 1535 2415 153
1558 2379 1603 2420 d;
1647 2378 1729 2413 finis

1021 2444 1204 2479 humanae
1224 2443 1322 2479 vitae
1349 2443 1561 2491 propositus
1588 2445 1664 2479 417
1687 2455 1729 2488 ἃς

1022 2508 1134 2543 fidem
1150 2520 1303 2543 necesse
1319 2513 1375 2543 est
1390 2513 1593 2555 sequantur
1608 2508 1684 2543 423
1694 2519 1730 2554 e,

1023 2572 1060 2607 in
1091 2572 1244 2608 Christo
1271 2572 1485 2619 justificatis
1516 2572 1732 2608 tribuuntur

1024 2639 1100 2672 577
1123 2649 1143 2672 a
1159 2649 1205 2681 c3
1240 2636 1278 2671 in
1306 2636 1474 2672 Ecclesia
1503 2636 1733 2672 aedificanda

1023 2707 1247 2748 consumpta
1277 2701 1359 2736 Deo
1387 2701 1554 2748 jucunda
1583 2702 1660 2736 634
1689 2713 1729 2746 c;

1023 2778 1067 2801 ex
1090 2771 1242 2800 auctore
1265 2765 1403 2812 Spiritu
1423 2765 1631 2813 procedunt
1651 2777 1732 2800 om-

1024 2830 1085 2865 nia
1106 2831 1182 2866 637
1201 2842 1241 2874 e3
1269 2841 1378 2876 quam
1400 2829 1475 2864 sint
1495 2829 1540 2864 ad
1562 2828 1731 2865 Salutem

1024 2894 1234 2930 necessaria
1256 2895 1332 2930 722
1350 2906 1390 2939 e3
1413 2893 1635 2929 sacrificium
1650 2893 1732 2930 Deo

1026 2958 1280 3006 gratissimum
1303 2960 1379 2995 830
1401 2958 1446 3002 b;
1479 2960 1555 2995 854
1576 2958 1610 2994 b.

1194 3034 1264 3072 4z
