2001 3361
279 186 355 222 730

332 318 353 340 a
392 304 582 352 voluptate
621 302 826 350 separanda
872 304 949 339 220
989 301 1034 347 b;

332 381 470 417 poenas
504 373 605 404 arcet
640 369 716 404 299
750 367 794 413 d;
839 380 949 415 super
978 367 1037 403 vel

330 432 491 469 minimis
506 432 650 468 delictis
666 432 813 480 agenda
829 438 886 469 est
901 434 977 470 304
993 445 1034 478 a;

330 498 465 545 ubique
513 503 550 534 et
595 498 697 533 utilis
742 503 778 534 et
826 497 1038 534 necessaria

331 564 406 599 308
429 562 473 608 b;
511 568 740 610 contempta,
772 562 871 599 diem
901 563 1037 599 malam

329 627 471 663 inducit
509 628 834 676 contemptoribus
875 630 952 664 314
991 627 1037 673 d;

329 691 472 741 optima
487 698 542 728 est
559 691 810 729 Sabbatorum
828 693 1038 729 observatio

331 758 407 793 315
436 757 485 803 b3
534 757 733 805 aliquando
775 759 876 794 cerni
914 763 1039 806 potest

331 824 408 859 320
438 822 461 858 b
481 834 525 868 03
565 822 659 858 iram
689 823 861 859 Divinam
896 822 1039 859 amollit

333 889 405 924 331
424 900 465 929 ος
497 887 575 923 vitii
599 888 803 935 rejectione
824 888 1038 936 conjuncta,

331 952 410 988 sola
431 965 517 988 vera
538 954 613 988 384
635 965 682 998 a,
713 952 795 993 Dei,
819 966 885 1001 pro
905 952 1037 988 volun-

331 1022 408 1053 tate
435 1017 576 1053 dictum
605 1020 682 1054 384
703 1030 743 1063 c;
776 1017 1039 1054 Ninevitarum

331 1094 397 1129 per
429 1082 571 1117 luctum
604 1083 864 1130 jumentorum
901 1083 1038 1118 descri-

331 1146 432 1183 bitur
472 1149 547 1183 385
581 1160 623 1189 a;

330 1211 533 1260 lachrymis
589 1212 690 1253 solis,
743 1212 812 1248 sita
869 1214 945 1249 409
995 1224 1040 1259 c,

331 1275 564 1313 Judaeorum
585 1290 668 1312 sera
689 1279 766 1313 460
788 1277 833 1323 d3
866 1279 939 1313 461
960 1290 981 1313 a
997 1289 1038 1318 c;

332 1341 414 1377 Deo
434 1341 628 1384 irascente,
650 1342 728 1378 sola
748 1348 872 1378 servat
894 1345 970 1379 587
993 1355 1012 1378 c
1029 1355 1038 1389 3

335 1408 411 1442 589
447 1406 496 1452 d,·
546 1419 592 1442 ex
635 1413 778 1443 terrore
822 1406 1040 1455 plerumque

332 1470 579 1518 proficiscitur
614 1473 690 1509 593
722 1484 762 1517 cg
810 1471 880 1507 Dei
921 1477 1041 1508 mutat

334 1535 557 1571 sententiam
589 1537 666 1572 636
696 1548 743 1582 e,
779 1536 899 1583 magis
929 1549 1040 1584 quam

673 1147 711 1182 in
751 1147 928 1191 moribus,
965 1160 1040 1183 non

333 1600 547 1648 lachrymae
601 1601 812 1637 desiderata
869 1603 944 1637 712
993 1615 1037 1643 a;

334 1678 444 1712 quam
474 1665 522 1701 sit
549 1670 585 1700 et
613 1666 821 1701 necessaria
848 1671 885 1701 et
911 1666 1040 1702 efficax

335 1732 411 1766 827
442 1730 465 1765 b
487 1742 530 1775 c,
574 1742 685 1778 quam
719 1730 798 1766 Deo
833 1730 1042 1766 desiderata

335 1797 409 1831 848
433 1794 514 1840 cd3
551 1807 659 1830 verae
689 1795 860 1843 puritatis
890 1795 975 1831 fons
1006 1802 1042 1831 et

332 1859 553 1907 principium
575 1862 652 1896 858
675 1872 695 1895 a
712 1860 744 1895 b.

278 1924 451 1968 Pollutio,
473 1925 590 1972 qualis
611 1925 723 1960 fuerit
743 1924 899 1960 ‚Iudaeis
921 1924 1041 1961 omni-

334 1989 403 2024 bus
417 1991 493 2025 644
511 2002 530 2025 c
544 2004 578 2034 e;
603 1992 678 2026 645
694 2002 714 2025 a
727 1990 765 2035 b3
791 1990 907 2038 qualis
922 2002 1042 2025 saeer-

334 2054 483 2089 dotibus
505 2056 581 2091 645
599 2068 639 2100 03
662 2055 780 2102 qualis
802 2067 849 2090 ex
869 2055 1043 2102 operibus

335 2120 492 2155 mortuis
512 2119 755 2156 contrahatur
775 2122 852 2156 645
874 2120 896 2155 d
914 2132 943 2155 e.

281 2183 452 2219 Pondera
471 2184 575 2228 falsa,
598 2190 770 2226 staterae,
794 2184 1043 2220 condemnata

337 2251 410 2284 451
435 2249 468 2285 b.

281 2312 444 2360 Popana,
467 2326 586 2361 genus
608 2314 761 2349 crustuli
790 2313 900 2349 idolis
928 2313 1042 2348 oblati

337 2379 386 2414 59
407 2378 440 2413 b.

281 2442 459 2490 Populus,
477 2454 550 2490 quo
571 2455 682 2478 sensu
703 2442 884 2489 parturiat
906 2443 982 2478 566
1000 2454 1041 2487 a,

336 2513 514 2554 quantum
560 2519 626 2555 per
663 2507 782 2543 malos
829 2506 1042 2543 sacerdotes

336 2577 598 2619 corrumpatur
618 2574 694 2608 849
716 2585 748 2608 a.
798 2569 915 2622 [Vide
936 2571 1041 2607 Prin-

336 2636 468 2685 cipes]

282 2700 436 2736 Pontius
452 2700 606 2743 Pilatus,
624 2700 661 2736 in
676 2701 760 2737 loco
777 2700 877 2748 regis
890 2700 912 2735 J
919 2700 1043 2737 udaeis

336 2770 416 2800 erat
438 2767 513 2801 763
538 2765 572 2801 d.

284 2828 409 2870 Porta,
452 2829 597 2877 publice
645 2829 890 2865 conveniendi
938 2829 1042 2865 locus

339 2896 411 2929 301
433 2895 468 2936 d,
491 2894 673 2942 etjudicii
695 2897 771 2931 303
794 2906 840 2940 c,
871 2907 938 2942 pro
958 2894 1041 2930 loco

337 2970 447 3003 quam
467 2959 630 2995 maxime
647 2958 854 3006 publicocit
875 2971 928 2994 ur
945 2960 966 2994 6
987 2960 1037 2994 46
1075 2997 1077 3003 A

810 181 1021 218 INDEX
1082 181 1325 218 RERUM.

1577 194 1675 218 POEN
1683 193 1847 218 ITENTIA
1857 209 1863 215 .

1161 301 1184 337 d
1195 314 1206 347 3
1223 308 1352 350 portae
1367 302 1589 345 Inferorum,
1605 315 1718 350 quare
1735 302 1780 337 de
1793 302 1867 337 Ec-

1162 366 1295 402 clesiae
1316 366 1474 403 inimicis
1491 367 1663 403 dicantur
1680 368 1755 404 782
1772 366 1795 402 d
1808 378 1839 402 e.

1109 431 1391 475 Praedestinati,
1409 433 1433 468 ii
1454 438 1540 468 sunt
1557 445 1649 480 quos
1669 430 1870 481 praescivit

1165 497 1269 533 Deus
1290 499 1368 534 820
1393 510 1424 533 c.

1110 562 1353 606 Praedicatio,
1393 561 1600 610 Evangelii,
1642 573 1754 610 quam
1794 561 1868 596 late

1164 627 1299 663 diffusa
1317 627 1427 664 fuerit
1447 629 1495 664 97
1517 627 1551 663 b.

1111 692 1364 740 Praeputium,
1378 705 1443 741 per
1456 692 1569 728 fidem
1584 690 1868 739 justificandum

1167 760 1239 794 351
1265 771 1298 795 e.
1376 746 1379 748 ’

1111 823 1372 865 Praescientia,
1390 835 1501 859 causa
1520 820 1871 870 praedestinationis

1165 889 1242 924 820
1261 888 1284 924 b
1299 900 1329 924 c.

1111 953 1256 995 Preces,
1271 953 1475 1001 justorum,
1497 952 1578 988 Deo
1598 951 1746 999 placent
1768 952 1816 986 27
1831 962 1871 995 c,

1164 1018 1381 1059 matutinae,
1422 1017 1468 1052 ab
1507 1016 1626 1052 avaris
1665 1015 1869 1063 neglectae,

1167 1096 1187 1118 a
1207 1082 1275 1130 piis
1297 1095 1383 1118 vero
1405 1082 1550 1118 oblatae
1574 1084 1649 1118 332
1672 1081 1707 1116 d.

1112 1147 1278 1195 Priapus,
1318 1147 1386 1183 sub
1432 1147 1583 1182 nomine
1622 1145 1872 1193 Beelphegor,

1166 1212 1262 1260 apud
1284 1210 1452 1247 Judaeos
1471 1216 1670 1247 veneratus
1692 1213 1740 1246 77
1764 1209 1797 1245 d.

1113 1277 1313 1319 Primitiae,
1345 1276 1540 1312 torcularis
1570 1281 1607 1312 et
1636 1287 1754 1317 areae,
1785 1274 1871 1310 dae-

1166 1342 1339 1378 monibus
1355 1341 1463 1377 datae
1481 1343 1554 1378 128
1570 1353 1612 1386 a;
1642 1341 1726 1388 lege
1740 1337 1872 1380 Mosis‚

1167 1408 1247 1443 Deo
1261 1407 1404 1442 dandae
1422 1408 1494 1443 128
1511 1418 1552 1451 c;
1581 1419 1602 1441 a
1617 1403 1872 1441 sacerdotibus

1165 1472 1398 1509 Judaeorum
1418 1472 1648 1521 interceptae
1671 1471 1746 1506 859
1769 1481 1800 1504 a.

1113 1537 1355 1584 principatus,
1378 1537 1454 1572 sive
1477 1536 1672 1584 possessio,
1694 1532 1872 1570 Israelitis

1165 1603 1212 1638 ad
1242 1602 1410 1649 Sarepta,
1443 1600 1466 1637 J
1471 1601 1597 1637 udaeis
1628 1600 1675 1636 ad
1709 1599 1873 1647 Ephrata

1165 1672 1403 1714 porrecturus
1432 1665 1657 1713 praedicitur
1688 1666 1763 1701 362
1785 1676 1805 1700 c
1821 1663 1870 1709 d,

1164 1732 1305 1779 primus
1336 1731 1432 1766 inter
1461 1736 1605 1778 gentes,
1636 1730 1658 1765 i.
1681 1742 1710 1766 e.
1745 1729 1871 1777 Baby-

1165 1796 1299 1837 lonius,
1332 1795 1459 1831 Israeli
1490 1794 1736 1842 imponendus
1764 1806 1872 1841 prae-

1167 1861 1300 1896 dicitur
1330 1863 1406 1897 430
1437 1872 1477 1905 c;
1515 1862 1587 1896 431
1619 1871 1665 1904 a3
1709 1858 1871 1895 Satanae

1162 1926 1245 1974 jugi
1261 1932 1371 1973 typus
1389 1927 1464 1961 432
1479 1936 1498 1960 c
1513 1937 1523 1970 3
1552 1936 1725 1971 magnus,
1742 1923 1788 1959 de
1803 1923 1871 1959 im·

1166 1990 1269 2038 perio
1288 1989 1576 2038 Babyloniorum
1594 1988 1734 2024 dictum
1749 1990 1825 2025 443
1840 2000 1871 2024 e.

1114 2056 1358 2103 Principatus‚
1394 2053 1540 2095 inferni,
1575 2066 1641 2101 per
1681 2053 1872 2089 Christum

1168 2105 1411 2157 conculcandi
1432 2120 1507 2155 484
1529 2118 1565 2154 b.

1116 2185 1320 2232 Principes,
1343 2183 1545 2223 Samariae,
1566 2182 1768 2230 pessimum
1796 2182 1872 2218 suis

1167 2248 1378 2296 exemplum
1399 2248 1538 2283 dabant
1562 2250 1635 2284 107
1657 2247 1701 2293 d;
1737 2250 1807 2284 111
1829 2259 1870 2293 ες

1166 2314 1251 2362 pani
1273 2326 1347 2349 non
1367 2325 1476 2348 verso
1500 2311 1705 2359 comparati
1729 2314 1799 2348 111
1824 2323 1871 2358 c,·

1167 2385 1189 2398 “
1204 2377 1340 2426 Scopi”
1363 2378 1408 2413 ab
1428 2377 1618 2419 intuendo,
1641 2377 1728 2413 dicti
1746 2379 1819 2414 132
1834 2388 1870 2423 c;

1164 2443 1406 2483 Judaeorum,
1429 2441 1516 2477 boni
1535 2441 1668 2482 bonos,
1690 2441 1775 2477 mali
1796 2453 1872 2477 ma-

1165 2508 1221 2544 los
1260 2519 1383 2543 mores
1420 2506 1674 2542 informabant
1714 2508 1788 2542 132
1819 2505 1872 2552 ἀς

1166 2571 1327 2613 Israelis,
1342 2571 1423 2607 Deo
1444 2571 1562 2607 aversi
1583 2573 1653 2606 141
1670 2582 1690 2606 e
1701 2582 1710 2615 ;
1731 2570 1872 2606 nullam

1166 2636 1293 2684 populi
1328 2648 1454 2671 curam
1489 2635 1676 2671 habebant
1712 2636 1786 2670 142
1821 2646 1843 2669 a
1859 2646 1870 2680 3

1164 2701 1249 2736 ideo
1297 2700 1398 2736 Mosi
1447 2699 1644 2735 dissimiles
1694 2700 1768 2734 142
1818 2697 1840 2733 b
1858 2711 1870 2745 3

1165 2765 1293 2814 populi
1313 2764 1528 2800 seductores
1549 2769 1586 2799 et
1604 2762 1725 2810 laquei
1744 2762 1817 2798 162
1833 2774 1868 2807 a;

1166 2829 1292 2888 quales
1313 2829 1399 2870 sint,
1415 2841 1524 2876 quam
1546 2827 1593 2863 sit
1608 2826 1870 2874 gravissimum

1168 2895 1241 2931 162
1272 2893 1321 2940 b3
1362 2892 1562 2933 Samariae,
1593 2897 1618 2910 “
1637 2891 1762 2926 Malus
1793 2891 1868 2940 spi-

1164 2957 1287 2993 ritus”
1317 2956 1490 3004 appellati
1524 2956 1596 2991 167
1624 2967 1665 2997 a;
1706 2955 1866 3000 Israelis,
