<?xml version="1.0" encoding="UTF-8"?>
<!DOCTYPE html PUBLIC "-//W3C//DTD XHTML 1.0 Transitional//EN"
    "http://www.w3.org/TR/xhtml1/DTD/xhtml1-transitional.dtd">
<html xmlns="http://www.w3.org/1999/xhtml" xml:lang="en" lang="en">
 <head>
  <title>
</title>
<meta http-equiv="Content-Type" content="text/html;charset=utf-8" />
  <meta name='ocr-system' content='tesseract 3.04.00' />
  <meta name='ocr-capabilities' content='ocr_page ocr_carea ocr_par ocr_line ocrx_word'/>
</head>
<body>
  <div class='ocr_page' id='page_1' title='image "./operacyrilli02cyriuoft/operacyrilli02cyriuoft_0009.png"; bbox 0 0 1992 3335; ppageno 0'>
   <div class='ocr_carea' id='block_1_1' title="bbox 1655 287 1804 322">
    <p class='ocr_par' dir='ltr' id='par_1_1' title="bbox 1655 287 1804 322">
     <span class='ocr_line' id='line_1_1' title="bbox 1655 287 1804 322; baseline 0 -2"><span class='ocrx_word' id='word_1_1' title='bbox 1655 289 1739 322; x_wconf 81' lang='lat'>474</span> <span class='ocrx_word' id='word_1_2' title='bbox 1757 287 1804 320; x_wconf 82' lang='lat' dir='ltr'><strong>A.</strong></span> 
     </span>
    </p>
   </div>
   <div class='ocr_carea' id='block_1_2' title="bbox 56 871 1629 927">
    <p class='ocr_par' dir='ltr' id='par_1_2' title="bbox 56 871 1629 927">
     <span class='ocr_line' id='line_1_2' title="bbox 56 871 1629 927; baseline -0.002 0"><span class='ocrx_word' id='word_1_3' title='bbox 56 874 228 927; x_wconf 77' lang='grc' dir='ltr'>ΕΙΣ</span> <span class='ocrx_word' id='word_1_4' title='bbox 293 874 500 927; x_wconf 86' lang='grc' dir='ltr'>ΤΟΝ</span> <span class='ocrx_word' id='word_1_5' title='bbox 569 871 1156 925; x_wconf 82' lang='grc' dir='ltr'><strong>ΠΡΟΦΗΤΗΝ</strong></span> <span class='ocrx_word' id='word_1_6' title='bbox 1235 871 1629 925; x_wconf 78' lang='grc' dir='ltr'><strong>ΝΑΟΤΜ.</strong></span> 
     </span>
    </p>
   </div>
   <div class='ocr_carea' id='block_1_3' title="bbox 459 1081 1233 1136">
    <p class='ocr_par' dir='ltr' id='par_1_3' title="bbox 459 1081 1233 1136">
     <span class='ocr_line' id='line_1_3' title="bbox 459 1081 1233 1136; baseline -0.004 0"><span class='ocrx_word' id='word_1_7' title='bbox 459 1083 778 1136; x_wconf 77' lang='grc' dir='ltr'>ΤΟΜΟΣ</span> <span class='ocrx_word' id='word_1_8' title='bbox 842 1081 1233 1134; x_wconf 78' lang='grc' dir='ltr'><strong>ΠΡΩΤΟΣ.</strong></span> 
     </span>
    </p>
   </div>
   <div class='ocr_carea' id='block_1_4' title="bbox 0 1281 1681 2508">
    <p class='ocr_par' dir='ltr' id='par_1_4' title="bbox 0 1281 1681 2508">
     <span class='ocr_line' id='line_1_4' title="bbox 119 1281 1678 1350; baseline -0.003 -14"><span class='ocrx_word' id='word_1_9' title='bbox 119 1282 463 1336; x_wconf 60' lang='grc' dir='ltr'>ΡἘΚΑΣΤΟΣ</span> <span class='ocrx_word' id='word_1_10' title='bbox 501 1287 596 1333; x_wconf 85' lang='grc' dir='ltr'>τῶν</span> <span class='ocrx_word' id='word_1_11' title='bbox 631 1283 777 1349; x_wconf 84' lang='grc' dir='ltr'>ἁγίων</span> <span class='ocrx_word' id='word_1_12' title='bbox 803 1286 1063 1350; x_wconf 82' lang='grc' dir='ltr'>προφητῶν</span> <span class='ocrx_word' id='word_1_13' title='bbox 1090 1281 1169 1333; x_wconf 85' lang='grc' dir='ltr'>ἐπί</span> <span class='ocrx_word' id='word_1_14' title='bbox 1196 1304 1283 1332; x_wconf 87' lang='grc' dir='ltr'>τινι</span> <span class='ocrx_word' id='word_1_15' title='bbox 1315 1281 1535 1349; x_wconf 80' lang='grc' dir='ltr'>χρησίμῳ</span> <span class='ocrx_word' id='word_1_16' title='bbox 1563 1283 1635 1331; x_wconf 69' lang='grc' dir='ltr'>καὶ</span> <span class='ocrx_word' id='word_1_17' title='bbox 1655 1307 1678 1332; x_wconf 84' lang='lat' dir='ltr'><strong>a.</strong></span> 
     </span>
     <span class='ocr_line' id='line_1_5' title="bbox 54 1362 1638 1437; baseline -0.001 -19"><span class='ocrx_word' id='word_1_18' title='bbox 54 1367 292 1437; x_wconf 75' lang='grc' dir='ltr'>ἀναγκαίῳ</span> <span class='ocrx_word' id='word_1_19' title='bbox 317 1364 714 1432; x_wconf 84' lang='grc' dir='ltr'>παρελαμβάνετο</span> <span class='ocrx_word' id='word_1_20' title='bbox 748 1364 992 1431; x_wconf 79' lang='grc' dir='ltr'>πράγματι</span> <span class='ocrx_word' id='word_1_21' title='bbox 1027 1363 1145 1415; x_wconf 79' lang='grc' dir='ltr'>κατὰ</span> <span class='ocrx_word' id='word_1_22' title='bbox 1171 1362 1356 1430; x_wconf 76' lang='grc' dir='ltr'>καιροὺς</span> <span class='ocrx_word' id='word_1_23' title='bbox 1382 1368 1477 1417; x_wconf 83' lang='grc' dir='ltr'>τοῖς</span> <span class='ocrx_word' id='word_1_24' title='bbox 1503 1364 1638 1416; x_wconf 90' lang='grc' dir='ltr'>θείοις</span> 
     </span>
     <span class='ocr_line' id='line_1_6' title="bbox 12 1445 1640 1515; baseline -0.004 -15"><span class='ocrx_word' id='word_1_25' title='bbox 12 1448 364 1515; x_wconf 81' lang='grc' dir='ltr'>5ὑπηρετήσων</span> <span class='ocrx_word' id='word_1_26' title='bbox 409 1448 621 1511; x_wconf 85' lang='grc' dir='ltr'>νεύμασι,</span> <span class='ocrx_word' id='word_1_27' title='bbox 661 1449 736 1497; x_wconf 77' lang='grc' dir='ltr'>καὶ</span> <span class='ocrx_word' id='word_1_28' title='bbox 778 1445 861 1500; x_wconf 78' lang='grc' dir='ltr'>τὰς</span> <span class='ocrx_word' id='word_1_29' title='bbox 903 1447 1078 1497; x_wconf 76' lang='grc' dir='ltr'>ἄνωθεν</span> <span class='ocrx_word' id='word_1_30' title='bbox 1125 1451 1185 1500; x_wconf 80' lang='grc' dir='ltr'>εἷς</span> <span class='ocrx_word' id='word_1_31' title='bbox 1226 1446 1500 1513; x_wconf 78' lang='grc' dir='ltr'>ἀνθρώπους</span> <span class='ocrx_word' id='word_1_32' title='bbox 1542 1448 1640 1496; x_wconf 86' lang='grc' dir='ltr'>δια-</span> 
     </span>
     <span class='ocr_line' id='line_1_7' title="bbox 54 1528 1638 1599; baseline -0.003 -16"><span class='ocrx_word' id='word_1_33' title='bbox 54 1532 368 1599; x_wconf 89' lang='grc' dir='ltr'>πορθμεύσων</span> <span class='ocrx_word' id='word_1_34' title='bbox 420 1530 595 1599; x_wconf 82' lang='grc' dir='ltr'>φωνάς.</span> <span class='ocrx_word' id='word_1_35' title='bbox 663 1532 739 1580; x_wconf 80' lang='grc' dir='ltr'>καὶ</span> <span class='ocrx_word' id='word_1_36' title='bbox 788 1533 829 1580; x_wconf 80' lang='grc' dir='ltr'>οἱ</span> <span class='ocrx_word' id='word_1_37' title='bbox 871 1528 958 1592; x_wconf 77' lang='grc' dir='ltr'>μὲν</span> <span class='ocrx_word' id='word_1_38' title='bbox 1008 1528 1367 1591; x_wconf 84' lang='grc' dir='ltr'>ἐκδεδιττόμενοι</span> <span class='ocrx_word' id='word_1_39' title='bbox 1416 1534 1638 1592; x_wconf 92' lang='grc' dir='ltr'>πλημμε-</span> 
     </span>
     <span class='ocr_line' id='line_1_8' title="bbox 54 1609 1640 1680; baseline -0.003 -15"><span class='ocrx_word' id='word_1_40' title='bbox 54 1620 231 1665; x_wconf 86' lang='grc' dir='ltr'>λοῦντα</span> <span class='ocrx_word' id='word_1_41' title='bbox 272 1613 354 1665; x_wconf 81' lang='grc' dir='ltr'>τὸν</span> <span class='ocrx_word' id='word_1_42' title='bbox 393 1612 608 1680; x_wconf 82' lang='grc' dir='ltr'>Ἰσραὴλ,</span> <span class='ocrx_word' id='word_1_43' title='bbox 645 1612 727 1666; x_wconf 79' lang='grc' dir='ltr'>τὰς</span> <span class='ocrx_word' id='word_1_44' title='bbox 770 1612 996 1676; x_wconf 78' lang='grc' dir='ltr'>ἐσομένας</span> <span class='ocrx_word' id='word_1_45' title='bbox 1039 1613 1192 1664; x_wconf 79' lang='grc' dir='ltr'>αὐτοῖς</span> <span class='ocrx_word' id='word_1_46' title='bbox 1234 1609 1640 1678; x_wconf 87' lang='grc' dir='ltr'>προαπήγγελλον</span> 
     </span>
     <span class='ocr_line' id='line_1_9' title="bbox 54 1697 1639 1768; baseline -0.001 -18"><span class='ocrx_word' id='word_1_47' title='bbox 54 1699 321 1768; x_wconf 75' lang='grc' dir='ltr'>συμφορὰς,</span> <span class='ocrx_word' id='word_1_48' title='bbox 350 1701 425 1750; x_wconf 82' lang='grc' dir='ltr'>καὶ</span> <span class='ocrx_word' id='word_1_49' title='bbox 464 1703 500 1750; x_wconf 80' lang='grc' dir='ltr'>εὶ</span> <span class='ocrx_word' id='word_1_50' title='bbox 539 1697 603 1763; x_wconf 86' lang='grc' dir='ltr'>μὴ</span> <span class='ocrx_word' id='word_1_51' title='bbox 643 1702 758 1765; x_wconf 82' lang='grc' dir='ltr'>δρᾶν</span> <span class='ocrx_word' id='word_1_52' title='bbox 797 1698 980 1749; x_wconf 76' lang='grc' dir='ltr'>ἕλοιντο</span> <span class='ocrx_word' id='word_1_53' title='bbox 1018 1697 1077 1748; x_wconf 75' lang='grc' dir='ltr'>τὰ</span> <span class='ocrx_word' id='word_1_54' title='bbox 1117 1697 1299 1762; x_wconf 88' lang='grc' dir='ltr'>θυμήρη</span> <span class='ocrx_word' id='word_1_55' title='bbox 1327 1701 1450 1766; x_wconf 73' lang='grc' dir='ltr'>Θεῷ,</span> <span class='ocrx_word' id='word_1_56' title='bbox 1478 1699 1639 1749; x_wconf 76' lang='grc' dir='ltr'>δεινοῖς</span> 
     </span>
     <span class='ocr_line' id='line_1_10' title="bbox 54 1776 1681 1850; baseline -0.001 -17"><span class='ocrx_word' id='word_1_57' title='bbox 54 1784 131 1833; x_wconf 80' lang='grc' dir='ltr'>καὶ</span> <span class='ocrx_word' id='word_1_58' title='bbox 170 1782 394 1850; x_wconf 80' lang='grc' dir='ltr'>ἀφύκτοις</span> <span class='ocrx_word' id='word_1_59' title='bbox 430 1786 787 1848; x_wconf 82' lang='grc' dir='ltr'>περιπεσεῖσθαι</span> <span class='ocrx_word' id='word_1_60' title='bbox 821 1785 977 1834; x_wconf 82' lang='grc' dir='ltr'>κακοῖς</span> <span class='ocrx_word' id='word_1_61' title='bbox 1009 1781 1233 1845; x_wconf 84' lang='grc' dir='ltr'>ἠπείλουν</span> <span class='ocrx_word' id='word_1_62' title='bbox 1265 1776 1553 1847; x_wconf 81' lang='grc' dir='ltr'>ἀναφανδόν·</span> <span class='ocrx_word' id='word_1_63' title='bbox 1597 1782 1681 1831; x_wconf 73' lang='grc' dir='ltr'>οὶὶ)</span> 
     </span>
     <span class='ocr_line' id='line_1_11' title="bbox 0 1861 1639 1931; baseline -0.001 -19"><span class='ocrx_word' id='word_1_64' title='bbox 0 1888 36 1912; x_wconf 86' lang='lat'>:0</span> <span class='ocrx_word' id='word_1_65' title='bbox 56 1864 103 1915; x_wconf 79' lang='grc' dir='ltr'>δὲ</span> <span class='ocrx_word' id='word_1_66' title='bbox 142 1868 217 1915; x_wconf 80' lang='grc' dir='ltr'>καὶ</span> <span class='ocrx_word' id='word_1_67' title='bbox 250 1864 369 1915; x_wconf 80' lang='grc' dir='ltr'>αὐτὰ</span> <span class='ocrx_word' id='word_1_68' title='bbox 401 1863 460 1915; x_wconf 79' lang='grc' dir='ltr'>τὰ</span> <span class='ocrx_word' id='word_1_69' title='bbox 498 1863 839 1928; x_wconf 76' lang='grc' dir='ltr'>συμβεβηκότα</span> <span class='ocrx_word' id='word_1_70' title='bbox 876 1863 1226 1931; x_wconf 76' lang='grc' dir='ltr'>παραφέροντες</span> <span class='ocrx_word' id='word_1_71' title='bbox 1265 1866 1326 1915; x_wconf 78' lang='grc' dir='ltr'>εἱς</span> <span class='ocrx_word' id='word_1_72' title='bbox 1363 1861 1524 1925; x_wconf 82' lang='grc' dir='ltr'>με’σον,</span> <span class='ocrx_word' id='word_1_73' title='bbox 1564 1862 1639 1911; x_wconf 77' lang='grc' dir='ltr'>καὶ</span> 
     </span>
     <span class='ocr_line' id='line_1_12' title="bbox 54 1944 1635 2013; baseline -0.003 -16"><span class='ocrx_word' id='word_1_74' title='bbox 54 1951 150 2001; x_wconf 83' lang='grc' dir='ltr'>τοῖς</span> <span class='ocrx_word' id='word_1_75' title='bbox 200 1944 490 1998; x_wconf 85' lang='grc' dir='ltr'>πεπονθόσιν</span> <span class='ocrx_word' id='word_1_76' title='bbox 533 1945 964 2013; x_wconf 70' lang='grc' dir='ltr'>ἐπιστυγνάζοντες,</span> <span class='ocrx_word' id='word_1_77' title='bbox 1013 1945 1257 1996; x_wconf 70' lang='grc' dir='ltr'>ἀνέπειθον</span> <span class='ocrx_word' id='word_1_78' title='bbox 1301 1945 1483 2012; x_wconf 79' lang='grc' dir='ltr'>εὐφυῶς</span> <span class='ocrx_word' id='word_1_79' title='bbox 1535 1945 1635 1993; x_wconf 84' lang='grc' dir='ltr'>δια-</span> 
     </span>
     <span class='ocr_line' id='line_1_13' title="bbox 54 2025 1641 2095; baseline -0.003 -16"><span class='ocrx_word' id='word_1_80' title='bbox 54 2033 220 2089; x_wconf 79' lang='grc' dir='ltr'>βιῶναι</span> <span class='ocrx_word' id='word_1_81' title='bbox 268 2027 444 2079; x_wconf 81' lang='grc' dir='ltr'>ἐθέλειν</span> <span class='ocrx_word' id='word_1_82' title='bbox 485 2029 822 2095; x_wconf 77' lang='grc' dir='ltr'>ἐπεικέστερον,</span> <span class='ocrx_word' id='word_1_83' title='bbox 867 2029 988 2078; x_wconf 75' lang='grc' dir='ltr'>οὕτω</span> <span class='ocrx_word' id='word_1_84' title='bbox 1029 2050 1079 2079; x_wconf 90' lang='grc' dir='ltr'>τε</span> <span class='ocrx_word' id='word_1_85' title='bbox 1124 2026 1294 2078; x_wconf 78' lang='grc' dir='ltr'>λοιπὸν</span> <span class='ocrx_word' id='word_1_86' title='bbox 1334 2025 1641 2091; x_wconf 81' lang='grc' dir='ltr'>ἐκκρούεσθαι</span> 
     </span>
     <span class='ocr_line' id='line_1_14' title="bbox 54 2105 1634 2177; baseline -0.003 -17"><span class='ocrx_word' id='word_1_87' title='bbox 54 2109 140 2174; x_wconf 83' lang='grc' dir='ltr'>τὴν</span> <span class='ocrx_word' id='word_1_88' title='bbox 166 2110 325 2176; x_wconf 85' lang='grc' dir='ltr'>ὀργήν·</span> <span class='ocrx_word' id='word_1_89' title='bbox 366 2114 407 2161; x_wconf 79' lang='grc' dir='ltr'>οἱ</span> <span class='ocrx_word' id='word_1_90' title='bbox 435 2110 483 2161; x_wconf 78' lang='grc' dir='ltr'>δὲ</span> <span class='ocrx_word' id='word_1_91' title='bbox 507 2111 776 2163; x_wconf 83' lang='grc' dir='ltr'>πεπονθότα</span> <span class='ocrx_word' id='word_1_92' title='bbox 803 2111 886 2162; x_wconf 84' lang='grc' dir='ltr'>τὸν</span> <span class='ocrx_word' id='word_1_93' title='bbox 911 2109 1114 2177; x_wconf 81' lang='grc' dir='ltr'>Ἰσραὴλ</span> <span class='ocrx_word' id='word_1_94' title='bbox 1140 2112 1201 2164; x_wconf 81' lang='grc' dir='ltr'>εἷς</span> <span class='ocrx_word' id='word_1_95' title='bbox 1228 2109 1399 2159; x_wconf 84' lang='grc' dir='ltr'>ἐλπίδα</span> <span class='ocrx_word' id='word_1_96' title='bbox 1425 2105 1634 2167; x_wconf 84' lang='grc' dir='ltr'>βόσκου-</span> 
     </span>
     <span class='ocr_line' id='line_1_15' title="bbox 55 2187 1640 2260; baseline 0 -18"><span class='ocrx_word' id='word_1_97' title='bbox 55 2215 135 2242; x_wconf 92' lang='grc' dir='ltr'>σιν</span> <span class='ocrx_word' id='word_1_98' title='bbox 176 2192 377 2258; x_wconf 88' lang='grc' dir='ltr'>ἀγαθὴν,</span> <span class='ocrx_word' id='word_1_99' title='bbox 419 2193 493 2243; x_wconf 77' lang='grc' dir='ltr'>καὶ</span> <span class='ocrx_word' id='word_1_100' title='bbox 537 2197 797 2244; x_wconf 87' lang='grc' dir='ltr'>διακεῖσθαι</span> <span class='ocrx_word' id='word_1_101' title='bbox 834 2192 1195 2260; x_wconf 73' lang='grc' dir='ltr'>παρεσκεύαζον,</span> <span class='ocrx_word' id='word_1_102' title='bbox 1238 2190 1307 2241; x_wconf 79' lang='grc' dir='ltr'>ὅτι</span> <span class='ocrx_word' id='word_1_103' title='bbox 1348 2187 1640 2256; x_wconf 83' lang='grc' dir='ltr'>πεπραχότες</span> 
     </span>
     <span class='ocr_line' id='line_1_16' title="bbox 0 2270 1640 2343; baseline -0.003 -18"><span class='ocrx_word' id='word_1_104' title='bbox 0 2291 35 2329; x_wconf 83' lang='grc' dir='ltr'>ῑ5</span> <span class='ocrx_word' id='word_1_105' title='bbox 57 2274 233 2328; x_wconf 85' lang='grc' dir='ltr'>ἀθλίως</span> <span class='ocrx_word' id='word_1_106' title='bbox 271 2276 352 2325; x_wconf 82' lang='grc' dir='ltr'>ε’πί</span> <span class='ocrx_word' id='word_1_107' title='bbox 385 2298 438 2340; x_wconf 88' lang='grc' dir='ltr'>γε</span> <span class='ocrx_word' id='word_1_108' title='bbox 478 2280 576 2329; x_wconf 87' lang='grc' dir='ltr'>ταῖς</span> <span class='ocrx_word' id='word_1_109' title='bbox 614 2280 757 2343; x_wconf 81' lang='grc' dir='ltr'>σφῶν</span> <span class='ocrx_word' id='word_1_110' title='bbox 802 2276 1062 2342; x_wconf 80' lang='grc' dir='ltr'>ἁμαρτίαις,</span> <span class='ocrx_word' id='word_1_111' title='bbox 1104 2272 1448 2339; x_wconf 83' lang='grc' dir='ltr'>εύημερήσουσι</span> <span class='ocrx_word' id='word_1_112' title='bbox 1492 2270 1640 2322; x_wconf 78' lang='grc' dir='ltr'>πάλιν</span> 
     </span>
     <span class='ocr_line' id='line_1_17' title="bbox 56 2354 1637 2423; baseline -0.001 -16"><span class='ocrx_word' id='word_1_113' title='bbox 56 2355 396 2423; x_wconf 85' lang='grc' dir='ltr'>ἀνενεγκόντων</span> <span class='ocrx_word' id='word_1_114' title='bbox 447 2358 601 2410; x_wconf 77' lang='grc' dir='ltr'>αὐτοῖς</span> <span class='ocrx_word' id='word_1_115' title='bbox 653 2362 746 2408; x_wconf 83' lang='grc' dir='ltr'>τῶν</span> <span class='ocrx_word' id='word_1_116' title='bbox 796 2356 1089 2423; x_wconf 81' lang='grc' dir='ltr'>πραγμάτων</span> <span class='ocrx_word' id='word_1_117' title='bbox 1133 2360 1194 2409; x_wconf 75' lang='grc' dir='ltr'>εἷς</span> <span class='ocrx_word' id='word_1_118' title='bbox 1245 2355 1298 2405; x_wconf 81' lang='grc' dir='ltr'>τὸ</span> <span class='ocrx_word' id='word_1_119' title='bbox 1348 2354 1425 2404; x_wconf 83' lang='grc' dir='ltr'>ἀπ’</span> <span class='ocrx_word' id='word_1_120' title='bbox 1474 2355 1637 2420; x_wconf 82' lang='grc' dir='ltr'>ἀρχῆς,</span> 
     </span>
     <span class='ocr_line' id='line_1_18' title="bbox 55 2434 1633 2508; baseline -0.002 -20"><span class='ocrx_word' id='word_1_121' title='bbox 55 2438 170 2508; x_wconf 75' lang='grc' dir='ltr'>ἐλέῳ</span> <span class='ocrx_word' id='word_1_122' title='bbox 213 2462 262 2489; x_wconf 89' lang='grc' dir='ltr'>τε</span> <span class='ocrx_word' id='word_1_123' title='bbox 304 2441 380 2490; x_wconf 78' lang='grc' dir='ltr'>καὶ</span> <span class='ocrx_word' id='word_1_124' title='bbox 424 2439 578 2507; x_wconf 82' lang='grc' dir='ltr'>χάριτι</span> <span class='ocrx_word' id='word_1_125' title='bbox 614 2443 688 2490; x_wconf 81' lang='grc' dir='ltr'>καὶ</span> <span class='ocrx_word' id='word_1_126' title='bbox 730 2439 918 2504; x_wconf 84' lang='grc' dir='ltr'>δυνάμει</span> <span class='ocrx_word' id='word_1_127' title='bbox 964 2443 1089 2500; x_wconf 78' lang='grc' dir='ltr'>Θεοῦ</span> <span class='ocrx_word' id='word_1_128' title='bbox 1129 2443 1212 2488; x_wconf 85' lang='grc' dir='ltr'>τοῦ</span> <span class='ocrx_word' id='word_1_129' title='bbox 1253 2436 1312 2488; x_wconf 83' lang='grc' dir='ltr'>τά</span> <span class='ocrx_word' id='word_1_130' title='bbox 1361 2434 1516 2487; x_wconf 79' lang='grc' dir='ltr'>πάντα</span> <span class='ocrx_word' id='word_1_131' title='bbox 1561 2437 1633 2486; x_wconf 84' lang='grc' dir='ltr'>εὐ-</span> 
     </span>
    </p>
   </div>
   <div class='ocr_carea' id='block_1_5' title="bbox 55 2587 1638 2690">
    <p class='ocr_par' dir='ltr' id='par_1_5' title="bbox 55 2587 1638 2683">
     <span class='ocr_line' id='line_1_19' title="bbox 104 2587 1638 2635; baseline -0.004 -9"><span class='ocrx_word' id='word_1_132' title='bbox 104 2590 252 2626; x_wconf 84' lang='lat' dir='ltr'>Codlces</span> <span class='ocrx_word' id='word_1_133' title='bbox 271 2591 312 2625; x_wconf 88' lang='lat' dir='ltr'>B.</span> <span class='ocrx_word' id='word_1_134' title='bbox 319 2591 364 2625; x_wconf 89' lang='lat' dir='ltr'>D.</span> <span class='ocrx_word' id='word_1_135' title='bbox 420 2602 448 2625; x_wconf 92' lang='grc' dir='ltr'>Ι.</span> <span class='ocrx_word' id='word_1_136' title='bbox 477 2590 533 2625; x_wconf 80' lang='lat' dir='ltr'>Sic</span> <span class='ocrx_word' id='word_1_137' title='bbox 555 2590 595 2624; x_wconf 89' lang='lat' dir='ltr'>B.</span> <span class='ocrx_word' id='word_1_138' title='bbox 601 2591 647 2624; x_wconf 88' lang='lat' dir='ltr'>D.</span> <span class='ocrx_word' id='word_1_139' title='bbox 666 2592 725 2624; x_wconf 83' lang='grc' dir='ltr'>τοῦ</span> <span class='ocrx_word' id='word_1_140' title='bbox 743 2589 778 2623; x_wconf 81' lang='grc' dir='ltr'>ἐν</span> <span class='ocrx_word' id='word_1_141' title='bbox 796 2589 904 2635; x_wconf 85' lang='grc' dir='ltr'>ἁγίοις</span> <span class='ocrx_word' id='word_1_142' title='bbox 922 2590 1048 2633; x_wconf 86' lang='grc' dir='ltr'>πατρὸς</span> <span class='ocrx_word' id='word_1_143' title='bbox 1071 2589 1161 2633; x_wconf 84' lang='grc' dir='ltr'>ἡμῶν</span> <span class='ocrx_word' id='word_1_144' title='bbox 1178 2588 1351 2632; x_wconf 86' lang='grc' dir='ltr'>Κυρίλλου</span> <span class='ocrx_word' id='word_1_145' title='bbox 1368 2587 1638 2632; x_wconf 78' lang='grc' dir='ltr'>ἀρχιεπισκόπου</span> 
     </span>
     <span class='ocr_line' id='line_1_20' title="bbox 55 2634 1636 2690; baseline -0.003 -18"><span class='ocrx_word' id='word_1_146' title='bbox 55 2638 293 2682; x_wconf 81' lang='grc' dir='ltr'>ἀλεξανδρείας</span> <span class='ocrx_word' id='word_1_147' title='bbox 309 2637 500 2683; x_wconf 64' lang='grc' dir='ltr'>ἐξηγησις”</span> <span class='ocrx_word' id='word_1_148' title='bbox 487 2637 737 2690; x_wconf 84' lang='grc' dir='ltr'>υπομνηματικὴ</span> <span class='ocrx_word' id='word_1_149' title='bbox 755 2637 801 2671; x_wconf 86' lang='grc' dir='ltr'>εἷς</span> <span class='ocrx_word' id='word_1_150' title='bbox 817 2638 875 2671; x_wconf 86' lang='grc' dir='ltr'>τὸν</span> <span class='ocrx_word' id='word_1_151' title='bbox 892 2636 1080 2682; x_wconf 82' lang='grc' dir='ltr'>Προφήτην</span> <span class='ocrx_word' id='word_1_152' title='bbox 1094 2634 1211 2678; x_wconf 84' lang='grc' dir='ltr'>Ναούμ</span> <span class='ocrx_word' id='word_1_153' title='bbox 1227 2634 1318 2669; x_wconf 83' lang='lat' dir='ltr'><strong>Edd.</strong></span> <span class='ocrx_word' id='word_1_154' title='bbox 1439 2634 1525 2668; x_wconf 84' lang='lat' dir='ltr'><strong>.Sic</strong></span> <span class='ocrx_word' id='word_1_155' title='bbox 1544 2634 1585 2668; x_wconf 91' lang='grc' dir='ltr'>Β.</span> <span class='ocrx_word' id='word_1_156' title='bbox 1592 2634 1636 2668; x_wconf 89' lang='lat' dir='ltr'>D.</span> 
     </span>
    </p>
   </div>
   <div class='ocr_carea' id='block_1_6' title="bbox 56 2651 1638 3009">
    <p class='ocr_par' dir='ltr' id='par_1_6' title="bbox 56 2651 1638 2777">
     <span class='ocr_line' id='line_1_21' title="bbox 56 2651 1638 2729; baseline -0.003 -10"><span class='ocrx_word' id='word_1_157' title='bbox 56 2698 89 2728; x_wconf 90' lang='lat'>4.</span> <span class='ocrx_word' id='word_1_158' title='bbox 115 2686 288 2729; x_wconf 85' lang='grc' dir='ltr'>πράγματι</span> <span class='ocrx_word' id='word_1_159' title='bbox 311 2686 590 2729; x_wconf 82' lang='grc' dir='ltr'>παρελαμβάνετο</span> <span class='ocrx_word' id='word_1_160' title='bbox 616 2685 754 2718; x_wconf 77' lang='lat' dir='ltr'>inverso</span> <span class='ocrx_word' id='word_1_161' title='bbox 780 2682 900 2717; x_wconf 87' lang='lat' dir='ltr'>ordine</span> <span class='ocrx_word' id='word_1_162' title='bbox 926 2684 973 2717; x_wconf 89' lang='lat' dir='ltr'>D.</span> <span class='ocrx_word' id='word_1_163' title='bbox 1036 2681 1134 2727; x_wconf 81' lang='grc' dir='ltr'>κατὰ]</span> <span class='ocrx_word' id='word_1_164' title='bbox 1159 2651 1211 2723; x_wconf 60' lang='grc' dir='ltr'><strong>-ὶ-μ</strong></span> <span class='ocrx_word' id='word_1_165' title='bbox 1216 2684 1293 2716; x_wconf 84' lang='grc' dir='ltr'>τοῦς</span> <span class='ocrx_word' id='word_1_166' title='bbox 1313 2680 1404 2715; x_wconf 80' lang='lat' dir='ltr'><strong>Edd.</strong></span> <span class='ocrx_word' id='word_1_167' title='bbox 1423 2682 1506 2715; x_wconf 85' lang='grc' dir='ltr'>κατὰ</span> <span class='ocrx_word' id='word_1_168' title='bbox 1523 2682 1638 2726; x_wconf 84' lang='grc' dir='ltr'>καιρὸν</span> 
     </span>
     <span class='ocr_line' id='line_1_22' title="bbox 57 2728 1635 2777; baseline -0.003 -12"><span class='ocrx_word' id='word_1_169' title='bbox 57 2734 136 2777; x_wconf 84' lang='lat' dir='ltr'>(pro</span> <span class='ocrx_word' id='word_1_170' title='bbox 154 2732 301 2776; x_wconf 84' lang='grc' dir='ltr'>καιροὺς)</span> <span class='ocrx_word' id='word_1_171' title='bbox 322 2737 399 2775; x_wconf 85' lang='lat' dir='ltr'>post</span> <span class='ocrx_word' id='word_1_172' title='bbox 417 2730 636 2775; x_wconf 83' lang='grc' dir='ltr'>υπηρετήσων</span> <span class='ocrx_word' id='word_1_173' title='bbox 654 2738 786 2775; x_wconf 80' lang='lat' dir='ltr'><strong>transp.</strong></span> <span class='ocrx_word' id='word_1_174' title='bbox 806 2730 853 2763; x_wconf 92' lang='lat' dir='ltr'>D.</span> <span class='ocrx_word' id='word_1_175' title='bbox 1027 2740 1058 2772; x_wconf 89' lang='lat'>5.</span> <span class='ocrx_word' id='word_1_176' title='bbox 1086 2729 1135 2763; x_wconf 85' lang='grc' dir='ltr'>ἐπ’</span> <span class='ocrx_word' id='word_1_177' title='bbox 1154 2740 1216 2773; x_wconf 89' lang='lat' dir='ltr'>pro</span> <span class='ocrx_word' id='word_1_178' title='bbox 1234 2728 1280 2763; x_wconf 84' lang='grc' dir='ltr'>εἷς</span> <span class='ocrx_word' id='word_1_179' title='bbox 1299 2728 1343 2761; x_wconf 92' lang='lat' dir='ltr'><strong>D.</strong></span> <span class='ocrx_word' id='word_1_180' title='bbox 1519 2737 1550 2772; x_wconf 87' lang='lat'>7.</span> <span class='ocrx_word' id='word_1_181' title='bbox 1576 2729 1635 2761; x_wconf 82' lang='grc' dir='ltr'>αὐ-</span> 
     </span>
    </p>

    <p class='ocr_par' dir='ltr' id='par_1_7' title="bbox 56 2774 1637 2880">
     <span class='ocr_line' id='line_1_23' title="bbox 56 2774 1637 2825; baseline -0.004 -12"><span class='ocrx_word' id='word_1_182' title='bbox 56 2777 142 2824; x_wconf 79' lang='grc' dir='ltr'>τοῖς]</span> <span class='ocrx_word' id='word_1_183' title='bbox 163 2778 250 2825; x_wconf 74' lang='grc' dir='ltr'>αὐτῷ</span> <span class='ocrx_word' id='word_1_184' title='bbox 286 2778 378 2812; x_wconf 85' lang='lat' dir='ltr'><strong>Edd.</strong></span> <span class='ocrx_word' id='word_1_185' title='bbox 427 2778 681 2823; x_wconf 78' lang='grc' dir='ltr'>προαπὴγγειλε</span> <span class='ocrx_word' id='word_1_186' title='bbox 700 2777 758 2811; x_wconf 85' lang='lat' dir='ltr'><strong>iid.</strong></span> <span class='ocrx_word' id='word_1_187' title='bbox 777 2775 1039 2822; x_wconf 77' lang='grc' dir='ltr'>προαπὴγγελον</span> <span class='ocrx_word' id='word_1_188' title='bbox 1058 2776 1104 2809; x_wconf 94' lang='lat' dir='ltr'>D.</span> <span class='ocrx_word' id='word_1_189' title='bbox 1278 2776 1311 2808; x_wconf 87' lang='grc'><strong>8.</strong></span> <span class='ocrx_word' id='word_1_190' title='bbox 1337 2775 1400 2818; x_wconf 74' lang='grc' dir='ltr'>ι’ίρα</span> <span class='ocrx_word' id='word_1_191' title='bbox 1418 2774 1457 2808; x_wconf 87' lang='grc' dir='ltr'>ἂν</span> <span class='ocrx_word' id='word_1_192' title='bbox 1475 2786 1536 2818; x_wconf 83' lang='lat' dir='ltr'>plo</span> <span class='ocrx_word' id='word_1_193' title='bbox 1554 2775 1637 2818; x_wconf 78' lang='grc' dir='ltr'>δρᾶν</span> 
     </span>
     <span class='ocr_line' id='line_1_24' title="bbox 58 2821 1636 2882; baseline -0.003 -24"><span class='ocrx_word' id='word_1_194' title='bbox 58 2825 149 2858; x_wconf 84' lang='lat' dir='ltr'><strong>Edd.</strong></span> <span class='ocrx_word' id='word_1_195' title='bbox 387 2836 419 2870; x_wconf 89' lang='lat'><strong>9.</strong></span> <span class='ocrx_word' id='word_1_196' title='bbox 387 2823 624 2882; x_wconf 70' lang='grc' dir='ltr'>9ἀφύκτοις]</span> <span class='ocrx_word' id='word_1_197' title='bbox 645 2823 792 2869; x_wconf 81' lang='grc' dir='ltr'>ἀπείροις</span> <span class='ocrx_word' id='word_1_198' title='bbox 813 2823 858 2857; x_wconf 89' lang='lat' dir='ltr'>D.</span> <span class='ocrx_word' id='word_1_199' title='bbox 1087 2833 1139 2856; x_wconf 78' lang='lat'><strong>11.</strong></span> <span class='ocrx_word' id='word_1_200' title='bbox 1166 2821 1338 2860; x_wconf 81' lang='grc' dir='ltr'>διαβιῶναι</span> <span class='ocrx_word' id='word_1_201' title='bbox 1358 2821 1399 2855; x_wconf 85' lang='grc' dir='ltr'><strong>Β.</strong></span> <span class='ocrx_word' id='word_1_202' title='bbox 1418 2822 1569 2860; x_wconf 82' lang='grc' dir='ltr'>διαβιοῦν</span> <span class='ocrx_word' id='word_1_203' title='bbox 1590 2821 1636 2854; x_wconf 89' lang='lat' dir='ltr'>D.</span> 
     </span>
    </p>

    <p class='ocr_par' dir='ltr' id='par_1_8' title="bbox 57 2868 1636 3009">
     <span class='ocr_line' id='line_1_25' title="bbox 58 2868 1635 2915; baseline -0.003 -10"><span class='ocrx_word' id='word_1_204' title='bbox 58 2871 148 2905; x_wconf 80' lang='lat' dir='ltr'><strong>Edd.</strong></span> <span class='ocrx_word' id='word_1_205' title='bbox 391 2882 443 2905; x_wconf 88' lang='lat'><strong>12.</strong></span> <span class='ocrx_word' id='word_1_206' title='bbox 468 2872 716 2915; x_wconf 82' lang='grc' dir='ltr'>ἀποκρουεσθαι</span> <span class='ocrx_word' id='word_1_207' title='bbox 737 2871 783 2904; x_wconf 94' lang='lat' dir='ltr'>D.</span> <span class='ocrx_word' id='word_1_208' title='bbox 1031 2870 1218 2913; x_wconf 78' lang='grc' dir='ltr'>βοσκοι</span> <span class='ocrx_word' id='word_1_209' title='bbox 1214 2883 1278 2902; x_wconf 89' lang='grc' dir='ltr'>σιν</span> <span class='ocrx_word' id='word_1_210' title='bbox 1296 2869 1341 2904; x_wconf 85' lang='grc' dir='ltr'>εἷς</span> <span class='ocrx_word' id='word_1_211' title='bbox 1359 2868 1504 2902; x_wconf 84' lang='grc' dir='ltr'>ἐλπίδα</span> <span class='ocrx_word' id='word_1_212' title='bbox 1498 2879 1556 2901; x_wconf 84' lang='lat' dir='ltr'>mv</span> <span class='ocrx_word' id='word_1_213' title='bbox 1560 2879 1635 2900; x_wconf 77' lang='lat' dir='ltr'>erso</span> 
     </span>
     <span class='ocr_line' id='line_1_26' title="bbox 57 2880 1636 2963; baseline -0.003 -12"><span class='ocrx_word' id='word_1_214' title='bbox 57 2918 179 2952; x_wconf 84' lang='lat' dir='ltr'>ordine</span> <span class='ocrx_word' id='word_1_215' title='bbox 199 2918 245 2952; x_wconf 90' lang='lat' dir='ltr'>D.</span> <span class='ocrx_word' id='word_1_216' title='bbox 483 2918 536 2952; x_wconf 88' lang='lat'><strong>16.</strong></span> <span class='ocrx_word' id='word_1_217' title='bbox 563 2915 820 2963; x_wconf 79' lang='grc' dir='ltr'>ἀνενεγκόντων]</span> <span class='ocrx_word' id='word_1_218' title='bbox 841 2880 1082 2960; x_wconf 76' lang='grc' dir='ltr'>ἀνενεχθέντων</span> <span class='ocrx_word' id='word_1_219' title='bbox 1097 2916 1143 2949; x_wconf 91' lang='lat' dir='ltr'>D.</span> <span class='ocrx_word' id='word_1_220' title='bbox 1195 2915 1320 2949; x_wconf 78' lang='lat' dir='ltr'>Statim</span> <span class='ocrx_word' id='word_1_221' title='bbox 1337 2916 1448 2950; x_wconf 78' lang='grc' dir='ltr'>αὐτοῖς</span> <span class='ocrx_word' id='word_1_222' title='bbox 1467 2914 1509 2948; x_wconf 87' lang='grc' dir='ltr'><strong>Β.</strong></span> <span class='ocrx_word' id='word_1_223' title='bbox 1528 2914 1636 2948; x_wconf 82' lang='grc' dir='ltr'>αὐτῶν</span> 
     </span>
     <span class='ocr_line' id='line_1_27' title="bbox 58 2962 1212 3009; baseline -0.002 -12"><span class='ocrx_word' id='word_1_224' title='bbox 58 2964 150 2998; x_wconf 86' lang='lat' dir='ltr'><strong>Edd.</strong></span> <span class='ocrx_word' id='word_1_225' title='bbox 170 2965 345 2999; x_wconf 77' lang='lat' dir='ltr'>Neutrum</span> <span class='ocrx_word' id='word_1_226' title='bbox 361 2965 465 2999; x_wconf 80' lang='lat' dir='ltr'><strong>habet</strong></span> <span class='ocrx_word' id='word_1_227' title='bbox 485 2965 529 2998; x_wconf 92' lang='lat' dir='ltr'>D.</span> <span class='ocrx_word' id='word_1_228' title='bbox 733 2974 784 3009; x_wconf 77' lang='lat'>17</span> <span class='ocrx_word' id='word_1_229' title='bbox 810 2963 850 2996; x_wconf 83' lang='grc' dir='ltr'>τὰ</span> <span class='ocrx_word' id='word_1_230' title='bbox 868 2969 1089 3007; x_wconf 75' lang='lat' dir='ltr'>assumptum</span> <span class='ocrx_word' id='word_1_231' title='bbox 1106 2974 1147 2996; x_wconf 86' lang='lat' dir='ltr'>ex</span> <span class='ocrx_word' id='word_1_232' title='bbox 1168 2962 1212 2995; x_wconf 90' lang='lat' dir='ltr'>D.</span> 
     </span>
    </p>
   </div>
   <div class='ocr_carea' id='block_1_7' title="bbox 118 3034 860 3061">
    <p class='ocr_par' dir='ltr' id='par_1_9' title="bbox 118 3034 860 3061">
     <span class='ocr_line' id='line_1_28' title="bbox 118 3034 860 3061; baseline 0.009 -2"><span class='ocrx_word' id='word_1_233' title='bbox 118 3034 207 3061; x_wconf 69' lang='lat' dir='ltr'><strong>VOL.</strong></span> <span class='ocrx_word' id='word_1_234' title='bbox 230 3035 278 3061; x_wconf 80' lang='lat' dir='ltr'>H.</span> <span class='ocrx_word' id='word_1_235' title='bbox 837 3034 860 3059; x_wconf 82' lang='grc' dir='ltr'>Β</span> 
     </span>
    </p>
   </div>
  </div>
 </body>
</html>
