2007 3387
299 183 382 223 322
690 185 738 225 B.
783 184 1061 225 CYRILLI
1103 183 1484 225 ALEXANDR.
1691 183 1749 226 iii.
1774 183 1813 233 8,
1836 196 1874 237 9.

298 292 382 344 τὸν
419 294 673 361 ὀφθαλμὸν
711 295 1177 358 κατεσκοτισμένους,
1206 295 1365 361 ἤγειρέ
1384 317 1434 346 τε
1465 294 1583 361 πρὸς
1615 297 1773 363 νῆψιν,
1801 296 1877 345 καὶ

255 384 282 425 b
301 374 547 441 λαμπροὺς
581 375 789 444 ἀπέφηνε
824 379 882 443 τῇ
919 376 1028 443 παρ’
1061 379 1224 428 ἑαυτοῦ
1254 378 1423 446 χάριτι.
1488 376 1726 444 τοιγάρτοι
1752 379 1826 427 καὶ
1852 377 1877 427 ὁ

300 456 455 525 σοφὸς
489 458 597 521 ἡμῖν
628 457 895 509 ἐπιστέλλει
929 461 1136 521 Παῦλος,
1163 458 1276 511 αὐτὸ
1307 458 1364 525 δὴ
1397 464 1535 511 τοῦτο
1572 458 1879 524 καταμηνύων

78 539 215 617 {5¹¹⁰st
301 547 327 568 ‘⁶
354 539 419 589 ‘H
460 537 550 607 νὺξ
582 540 861 609 προέκοψεν,
896 541 924 605 ἡ
959 539 1007 591 δὲ
1045 540 1189 607 ἡμέρα
1226 540 1439 607 ἤγγισεν·
1479 541 1761 604 ἀποθώμεθα
1798 541 1880 592 οῦν

82 633 130 663 ¹3·
301 628 328 650 ‘⁶
353 620 411 671 τὰ
436 620 552 686 ε”ργα
576 627 659 673 τοῦ
684 621 897 685 σκότους,
924 623 1227 687 ἐνδυσώμεθα
1261 623 1309 674 δὲ
1342 623 1401 675 τὰ
1435 623 1563 675 ὅπλα
1592 629 1675 674 τοῦ
1702 622 1877 693 φωτὸς,

301 710 328 732 “
356 705 418 756 ὡς
467 704 516 754 ἐν
566 704 714 773 ἡμέρᾳ
764 704 1067 772 εὐσχημόνως
1116 706 1552 772 περιπατήσωμεν.”
1618 709 1692 758 καὶ
1734 704 1881 757 πάλιν

79 801 161 841 th·
181 810 211 830 v.
302 784 562 852 “’Έγειραι
595 787 620 837 ὁ
654 786 889 838 καθεύδων
923 789 997 838 καὶ
1033 786 1219 839 ἀνάστα
1252 789 1302 840 ἐκ
1339 793 1433 840 τῶν
1471 793 1657 855 νεκρῶν,
1684 790 1759 840 καὶ
1785 790 1882 839 ἐπι-

85 855 130 883 Μ’
302 876 329 897 “
355 868 529 937 φαύσει
573 892 653 920 σοι
692 870 718 920 ὁ
757 868 1009 936 Χριστός.”
1074 871 1472 937 προανακηρύττει
1512 877 1758 937 τοιγαροῦν
1800 873 1883 934 τῆς

302 956 383 1002 τοῦ
433 954 652 1019 Σωτῆρος
701 952 832 1016 ἡμῶν
881 954 1122 1017 ἐπιδημίας
1173 952 1232 1004 τὰ
1282 952 1481 1020 λαμπρὰ
1521 953 1877 1020 κατορθώματα.

303 1030 448 1085 δοῦλον
501 1034 556 1085 δέ
600 1041 751 1103 φησιν
800 1033 954 1098 αὐτὸν,
1005 1034 1151 1086 διάτοι
1202 1034 1256 1087 τὸ
1306 1038 1354 1087 ἐν
1397 1036 1571 1088 δούλου
1611 1035 1882 1087 καθικέσθαι

264 1119 478 1185 ομορφῇ·
519 1116 729 1175 ἀνατολὴν
769 1116 830 1179 δὲ,
873 1119 942 1168 ὅτι
982 1122 1084 1186 φῶς
1124 1120 1226 1170 ἐστὶ
1269 1117 1323 1170 τὸ
1365 1117 1604 1183 ἀληθινὸν,
1644 1116 1764 1184 αὐγὴ
1808 1119 1883 1168 καὶ

303 1199 464 1264 ἡμέρα,
510 1201 585 1250 καὶ
636 1199 855 1266 λαμπρὸς
906 1199 1165 1269 ἑωσφόρος,
1210 1205 1270 1255 εἷς
1322 1207 1429 1252 νοῦν
1477 1200 1766 1263 ἀνατέλλων,
1810 1203 1885 1251 καὶ

303 1281 692 1351 καταφαιδρύνων
728 1282 932 1348 καρδίας.
993 1282 1204 1349 ὀνομάζει
1239 1281 1287 1334 δὲ
1323 1283 1440 1350 πρὸς
1478 1283 1627 1353 τούτῳ
1666 1285 1740 1334 καὶ
1773 1282 1886 1334 λίθον

304 1362 465 1426 αὑτὸν,
496 1367 570 1415 καὶ
597 1364 690 1429 μὴν
715 1367 791 1415 καὶ
817 1364 1038 1417 δεδόσθαι
1065 1368 1189 1435 φησὶ
1221 1366 1301 1435 προ
1329 1367 1562 1435 προσώπου
1588 1367 1740 1427 'Ino-03,
1767 1367 1886 1418 ἑπτοι

304 1468 353 1496 τε
388 1446 508 1514 ἔχειν
546 1446 653 1500 τοὺς
689 1446 959 1516 ὀφθαλμοὺς
1000 1449 1049 1498 εὖ
1089 1448 1223 1511 μάλα
1260 1448 1603 1516 διισχυρίζεται.
1668 1448 1755 1499 ε”δει
1792 1446 1884 1514 γὰρ

305 1527 521 1591 μάλιστα
553 1528 637 1593 τὴν
669 1528 787 1580 κατὰ
818 1528 962 1593 νόμον
988 1532 1258 1596 ἱερωσύνην,
1284 1531 1337 1595 ἧς
1364 1535 1426 1585 εἰς
1450 1531 1596 1582 τύπον
1621 1530 1886 1593 τεθείκαμεν

306 1609 388 1661 τὸν
424 1612 628 1676 Ἰησοῦν,
660 1613 795 1662 οἱονεὶ
832 1614 912 1681 προ
948 1613 1183 1682 προσώπου
1220 1614 1296 1664 καὶ
1333 1612 1426 1679 πρὸ
1465 1614 1731 1682 ὀφθαλμῶν
1767 1613 1887 1679 ἔχειν

90 1704 129 1733 13S

87 1746 251 1778 ’(Χνῐὶὶπό.

86 1791 245 1864 ³3¹²&
307 1776 502 1840 ἔντιμον,
531 1776 612 1827 τὸν
639 1781 700 1830 εἰς
731 1776 789 1827 τὰ
826 1777 1017 1838 θεμέλια
1044 1776 1180 1840 Σιὼν,
1208 1777 1290 1828 Τὸν
1315 1779 1634 1842 πολυτίμητον
1659 1779 1888 1844 μαργαρί”

87 1846 151 1865 nu.
171 1847 221 1873 μ
307 1881 405 1922 την,
431 1859 645 1910 τουτέστι
671 1858 899 1926 Χριστὸν,
925 1859 1006 1911 τὸν
1031 1865 1232 1914 πολλοῖς
1269 1859 1527 1929 ὀφθαλμοῖς
1563 1862 1805 1928 ἐφορῶντα
1831 1859 1888 1911 Τὰ

263 1940 476 1993 ἅπαντα.
540 1940 594 1993 τὸ
638 1940 730 2008 γὰρ
782 1941 901 1995 ἑπτα
949 1947 1032 1993 τοῦ
1076 1943 1263 1997 τελείως
1307 1942 1494 2010 ἔχοντος
1535 1943 1610 1993 ἀεί
1647 1965 1747 1996 πως
1787 1943 1889 1993 ἐστὶ

307 1692 382 1743 διὰ
416 1693 591 1747 παντὸς
624 1693 706 1745 τὸν
741 1695 877 1745 λίθον
914 1694 996 1745 τὸν
1036 1694 1269 1757 ἐκλεκτὸν,
1303 1694 1385 1746 τὸν
1423 1696 1769 1761 ἀκρογωνιαῖον,
1804 1694 1887 1745 τὸν

90 2038 106 2076 ,1,
125 2027 207 2067 ¹³0g-
309 2023 615 2087 σημαντικόν.
684 2029 849 2090 στεῖρα
875 2029 991 2090 γοῦν
1022 2024 1210 2090 λέγεται
1249 2030 1395 2076 τεκεῖν
1431 2024 1562 2076 ἑπτά.
1632 2024 1702 2076 ὅτι
1728 2024 1777 2075 δὲ
1801 2048 1889 2087 μυ-

89 2081 119 2100 ll.
143 2082 168 2102 '-

139 2091 154 2110 ⁵
308 2106 423 2172 ριόις
462 2105 672 2170 ὄμμασιν
711 2108 862 2175 ἐφορᾷ
901 2106 959 2157 τὰ
995 2107 1165 2170 πάντα,
1204 2108 1279 2158 καὶ
1319 2107 1646 2159 ἐπισκέπτεται
1683 2106 1743 2158 τὰ
1780 2106 1887 2158 καθ’

310 2189 431 2252 ἡμᾶς
469 2189 497 2252 ἡ
537 2189 635 2240 θεία
671 2212 719 2240 τε
756 2192 830 2240 καὶ
862 2188 1125 2256 ἀπόρῥητος
1156 2195 1238 2240 τοῦ
1265 2192 1382 2240 Υἱοῦ
1417 2190 1575 2257 φύσις,
1608 2190 1690 2240 οὐκ
1730 2187 1788 2240 ἂν
1819 2191 1890 2240 ἐν-

94 2277 237 2358 ιιιὶοιῒῖῑν.
310 2270 516 2322 δοιάσειέ
537 2289 617 2325 τις·
660 2278 686 2301 “
708 2275 818 2322 Ζῶν
851 2271 944 2338 γὰρ
976 2272 1000 2322 ὁ
1035 2270 1181 2337 λόγος
1214 2277 1296 2322 τοῦ
1323 2275 1446 2323 Θεοῦ
1472 2274 1547 2323 καὶ
1577 2270 1783 2337 ἐνεργὴς,
1814 2273 1889 2322 καὶ

134 2345 140 2354 ’
181 2346 209 2360 ”“
311 2359 338 2382 “
365 2353 625 2419 τομώτερος
666 2352 780 2420 ὑπὲρ
813 2358 977 2405 πᾶσαν
1009 2353 1246 2421 μάχαιραν
1284 2355 1529 2418 δίστομον,
1572 2355 1647 2405 καὶ
1686 2353 1884 2404 διικνού-

311 2442 339 2464 “
366 2458 501 2498 μενος
529 2435 637 2503 ὀίχρι
662 2441 894 2502 μερισμοῦ
929 2439 1090 2504 ψυχῆς
1122 2439 1196 2487 καὶ
1233 2436 1508 2500 πνεύματος,
1533 2437 1694 2502 ἁρμῶν
1731 2458 1780 2486 τε
1814 2439 1891 2487 καὶ

312 2523 338 2545 “
363 2522 563 2580 μυελῶν,
591 2520 666 2568 καὶ
693 2516 893 2584 κριτικὸς
918 2518 1216 2583 ἐνθυμήσεων
1255 2520 1329 2569 καὶ
1367 2520 1552 2569 ἐννοιῶν
1589 2517 1788 2584 καρδίας,
1815 2520 1891 2568 καὶ

362 2738 394 2773 5.
421 2726 638 2770 ἐνδυσώμεθα
655 2727 690 2761 δὲ
706 2726 747 2762 C.
766 2727 820 2761 καὶ
837 2727 904 2761 ἐνδ.
920 2726 1013 2761 Edd.
1061 2726 1144 2772 ἔργα
1161 2737 1224 2771 pro
1242 2724 1331 2761 ὅπλα
1343 2725 1434 2760 Edd.
1448 2725 1518 2759 inv.
1532 2724 1573 2758 C.
1716 2732 1747 2769 7.
1765 2724 1890 2769 ἕγειραι

316 2774 403 2809 B.C.
423 2775 530 2819 ἔγειρε
550 2773 641 2808 Edd.
1040 2784 1092 2808 ΙΙ.
1117 2773 1286 2817 ἀληθινὸν·
1305 2772 1389 2817 αὐγὴ
1410 2771 1487 2806 C.b.
1505 2771 1664 2814 ἀληθινὸν
1680 2771 1780 2806 αὐτὸς
1798 2770 1890 2806 Edd.

320 2833 372 2865 13.
398 2824 496 2856 τοῦτο
515 2820 557 2855 C.
893 2832 946 2863 15.
975 2820 1071 2854 Haec
1089 2819 1125 2854 εὖ
1140 2821 1232 2864 μάλα
1249 2824 1468 2853 accesserunt
1486 2830 1526 2852 ex
1546 2817 1625 2852 C.b.
1644 2817 1771 2852 desunt
1787 2818 1823 2851 in
1842 2817 1890 2852 D.

321 2869 372 2901 16.
398 2869 443 2903 εἷς
461 2880 530 2903 om.
548 2867 582 2902 b.
603 2867 882 2912 suprascriptum
896 2879 1003 2902 manu
1020 2866 1141 2901 eadem
1155 2867 1203 2902 D.
1250 2865 1441 2910 τεθείκαμεν
1454 2865 1489 2899 b.
1502 2864 1733 2908 κατεθείκιιμεν
1747 2864 1834 2909 (sie)
1848 2864 1889 2899 O.

318 2913 490 2958 [voluitne
508 2915 560 2948 καὶ
578 2914 770 2958 τεθείκαμεν
784 2913 815 2959 ?]
843 2914 1005 2958 ἐθήκαμεν
1023 2915 1071 2948 D.
1091 2913 1184 2948 Edd.
1482 2922 1535 2957 19.
1565 2911 1661 2945 Haec
1678 2912 1736 2945 τὸν
1752 2925 1788 2945 π.
1806 2926 1841 2955 μ.
1859 2925 1889 2945 τ.

315 2962 464 3003 Χριστὸν
481 2967 699 2995 accesserunt
717 2973 758 2995 ex
777 2961 869 2996 C.D.
887 2976 918 2995 τ.
937 2966 999 3007 Χρ.
1018 2960 1123 2996 habet
1139 2960 1175 2995 b.
1445 2969 1500 2992 20.
1525 2958 1565 2992 τὰ
1583 2970 1653 2992 om.
1674 2957 1714 2992 C.
1734 2957 1838 2993 habet
1855 2957 1889 2992 b.

318 3017 372 3050 23.
398 3008 438 3040 τὰ
456 3007 552 3051 prius
570 3013 791 3052 assumptum
809 3019 850 3042 ex
870 3006 911 3044 C.
1101 3016 1155 3052 27.
1183 3007 1339 3051 σώματος
1356 3017 1418 3051 pro
1436 3005 1621 3049 πνεύματος
1641 3004 1681 3040 Β.

1901 643 1922 682 5

1907 1062 1954 1087 10

1910 1885 1958 1909 20
