1997 3361
1662 443 1683 465 a
1714 435 1796 469 578
1816 433 1862 466 A.

558 828 1159 899 ΚΥΡΙΛΛΟΥ

410 1003 846 1033 ΑΡΧῙΕΠῙΣΚΟΠΟΎ
890 1005 1291 1034 ΑΛΕΞΑΝΔΡΕῙΑΣ

465 1132 740 1173 ΕΞΗΓΗΣΙΣ
780 1135 1245 1174 ΎΠΟΜΝΗΜΑΤΙΚΗ

162 1294 293 1346 ΕΙΣ
354 1295 524 1348 TON
578 1296 1039 1351 ΠΡΟΦΗΤΗΝ
1097 1298 1543 1352 ΣΟΦΟΝΙΑΝ.

470 1495 788 1550 ΤΟΜΟΣ
850 1496 1241 1551 ΠΡΩΤΟΣ.

27 1507 49 1544 <n

67 1667 193 1715 ΛόΓος
239 1667 401 1725 Κυρίου,
436 1669 483 1710 ὃς
525 1669 703 1717 &st-:wan
747 1670 853 1727 Πρὸς
897 1670 1114 1727 Σοφονίαν
1153 1672 1226 1713 τὸν
1266 1674 1339 1713 τοῦ
1382 1672 1507 1714 Χουσὶ
1551 1670 1638 1715 υἱὸν
1663 1675 1767 1726 Κεφ.
1792 1673 1841 1715 α’.

136 1751 337 1793 Γοὸολίου
378 1757 450 1795 τοῦ
477 1754 679 1811 Ἀμορίου
724 1759 793 1797 τοῦ
819 1755 1008 1813 Ἐζεκίου
1050 1756 1095 1798 ἐν
1133 1756 1312 1813 ἡμέραις
1344 1756 1512 1798 Ἰωσίου
1550 1755 1638 1799 υἱοῦ

126 1836 270 1884 Ἀμώς
299 1837 506 1886 βασιλέως
526 1837 534 1850 '
548 1837 681 1879 Ιούὸα.

142 1965 587 2015 ΠΡΟΦΗΤΕΥΕΙ
629 1960 714 2026 μὲν
757 1963 806 2012 ἐν
844 1966 940 2016 τοῖς
973 1962 1320 2029 Ἱεροσολύμοις
1355 1963 1381 2013 ὁ
1416 1962 1641 2030 μακάριος

5 2066 51 2092 10
70 2047 313 2114 Σοφονίας,
348 2046 431 2096 οὐκ
467 2045 650 2109 ἄσημος
681 2042 745 2095 ὧν
782 2043 835 2094 τὸ
874 2043 992 2095 κατὰ
1027 2042 1185 2111 σάρκα
1221 2046 1368 2110 γένος,
1407 2047 1510 2096 οὔτε
1547 2044 1641 2109 μὴν

68 2129 163 2179 κατ’
191 2129 385 2181 ἐκείνους
417 2126 652 2194 ὑπάρχων,
678 2125 744 2181 οἷς
781 2125 839 2190 ἧν
876 2126 978 2180 ε”θος
1016 2126 1070 2178 τὸ
1107 2129 1399 2195 ψευδοεπεῖν,
1426 2130 1501 2178 καὶ
1534 2126 1641 2181 τοὺς

68 2210 212 2264 θείους
238 2214 332 2264 τοῖς
357 2210 662 2276 ἀκροωμένοις
693 2207 1082 2260 ὑποπλάττεσθαι
1114 2208 1298 2275 λόγους,
1325 2212 1430 2275 περὶ
1457 2206 1521 2259 ὧν
1548 2209 1639 2277 ἔφη

68 2293 142 2342 καὶ
169 2293 194 2343 ὃ
221 2293 472 2346 θεσπέσιος
496 2290 714 2358 Ἰεζεκιήλ
740 2298 766 2320 “
787 2291 909 2341 Οὐαὶ
941 2294 983 2341 οἱ
1013 2291 1383 2359 προφητεύοντες
1409 2289 1501 2342 ἀπὸ
1527 2314 1640 2357 καρ-
1702 2303 1802 2354 Egel<-

70 2380 96 2403 “
121 2373 218 2428 δίας
252 2375 416 2437 αὐτῶν,
452 2375 527 2425 καὶ
565 2372 619 2424 τὸ
654 2373 860 2424 καθόλου
893 2371 958 2436 μὴ
993 2371 1288 2435 βλεῆτοντες,”
1326 2374 1401 2423 καὶ
1432 2371 1526 2436 μὴν
1564 2375 1640 2423 καὶ
1701 2358 1769 2378 xm.
1789 2357 1818 2387 3-

8 2472 51 2511 15
69 2455 203 2510 αὐτὸς
227 2458 252 2507 ὁ
275 2461 369 2507 τῶν
395 2456 521 2507 ὅλων
545 2454 666 2509 Θεὸς
699 2454 775 2506 διὰ
804 2457 886 2518 τῆς
910 2455 1130 2521 Ἱερεμίου
1164 2457 1323 2524 φωνῆς
1349 2461 1376 2484 “
1397 2455 1501 2505 Οὐκ
1527 2454 1638 2506 ἀπέ-
1700 2466 1843 2540 xijffi'zx

116 2594 233 2630 Codex
252 2596 294 2630 B.
313 2596 376 2639 (D.
394 2607 472 2630 raro
490 2595 666 2630 adhibitus
691 2595 758 2630 nisi
774 2595 891 2629 initio:
920 2595 962 2628 Ε.
980 2594 1215 2637 fragmentum
1238 2605 1277 2638 13
1295 2594 1365 2628 fere
1383 2594 1526 2638 paginas
1544 2605 1638 2628 corn-

69 2641 230 2686 plectens‚
248 2648 326 2687 post
343 2643 539 2677 Aubertum
557 2643 716 2685 contuli.)
923 2652 998 2683 1—4.
1027 2641 1084 2674 Sic
1103 2641 1144 2674 E.
1162 2641 1388 2685 praemittunt
1405 2643 1464 2673 τοῦ
1481 2640 1516 2674 ἐν
1532 2640 1640 2684 ἁγίοις

69 2689 191 2732 πατρὸς
208 2689 298 2733 ἡμῶν
316 2689 407 2723 Edd.
426 2692 486 2723 τοῦ
503 2689 604 2723 αὐτοῦ
623 2688 784 2734 ἐξήγησις
804 2687 879 2733 [τοῦ
899 2688 1000 2722 αὐτοῦ
1017 2687 1114 2732 ἁγίου
1132 2688 1306 2731 Κυρίλλου
1325 2685 1389 2731 D.]
1410 2686 1456 2721 εἷς
1472 2687 1530 2720 τὸν
1547 2692 1638 2732 Προ-

70 2735 178 2778 φητην
195 2736 359 2780 Σοφονίαν
378 2736 470 2770 B.D.
659 2745 691 2779 5.
720 2736 777 2770 Sic
795 2735 842 2769 D.
896 2734 1046 2768 Textum
1065 2733 1130 2767 SS.
1151 2734 1276 2778 Script.
1295 2740 1374 2778 post
1392 2733 1639 2777 praefationem

71 2786 199 2825 transp.
218 2782 309 2816 Edd.
328 2783 443 2817 invitis
462 2782 602 2818 B.D.E.
783 2782 816 2816 8.
840 2780 950 2825 Ἀμὼς
968 2780 1057 2815 D.F.
1075 2780 1168 2814 Aub.
1187 2792 1227 2814 ex
1246 2780 1287 2814 E.
1306 2779 1447 2824 (Alex.)
1463 2779 1575 2821 Ἀμὼν
1593 2780 1638 2814 Β.

72 2825 183 2870 (Vat.)
198 2826 334 2872 Ἀμμὼν
353 2829 454 2863 Pont.
474 2830 524 2873 (ις)
867 2840 900 2873 9.
926 2829 995 2862 τοῖς
1013 2833 1046 2861 et
1062 2827 1222 2870 μακάριος
1239 2832 1419 2872 assumpta
1434 2838 1476 2861 ex
1495 2826 1637 2861 B.D.E.

76 2883 128 2915 13.
152 2875 169 2907 ὁ
185 2874 366 2912 θεσπέσιος
383 2881 562 2921 assumpta
579 2887 620 2910 ex
638 2875 772 2911 iisdem.
821 2874 919 2919 Ἰωὴλ
938 2885 1000 2919 pro
1016 2872 1172 2917 Ἰεζεκιήλ
1192 2873 1238 2908 D.
1493 2883 1546 2919 15.
1573 2877 1639 2908 τῶν

73 2918 160 2954 ὅλων
175 2932 243 2956 om.
262 2921 304 2956 B.
