2007 3366
288 170 344 209 84
675 170 725 210 B.
769 168 1049 209 CYRILLI
1099 169 1480 210 ALEXANDR.
1665 168 1775 218 i.11,
1796 181 1858 210 12.

222 304 266 328 12
287 294 398 335 ΑὕτΗ
435 294 457 334 ᾗ
497 291 609 349 ἰσχὺς
644 295 704 347 τῷ
729 292 827 345 Θεῷ
859 307 953 340 μου.
1001 292 1091 347 οὐχὶ
1125 292 1172 333 σὺ
1199 293 1266 334 ἀπ’
1297 295 1430 349 ἀρχῆς
1459 293 1609 350 Κύριος
1642 292 1665 334 ὁ
1699 291 1807 333 Θεὸς
1839 292 1863 332 ὁ

357 380 476 427 ‹fiij-[60
503 394 611 431 μους
647 378 714 418 καὶ
741 377 788 418 οὐ
816 376 871 425 μή
900 377 1201 425 ἀποθάνωμεν.

361 491 798 558 Ἐπαγγειλαμένου
823 494 948 541 Θεοῦ
973 490 1028 540 τὸ
1055 491 1442 557 κατοικτειρήσειν
1468 492 1645 555 αὐτοὺς,
1673 494 1747 543 καὶ
1772 496 1866 542 τῶν

243 586 270 626 d
289 578 586 640 σκυθρωπῶν
611 573 696 637 τὴν
721 574 801 624 ἐπί
833 596 887 638 γε
917 571 976 623 τὰ
1002 574 1172 636 ἀμείνω
1198 573 1492 636 μετάστασιν
1522 580 1863 640 προαπηγγελ-

289 656 437 719 κότος,
463 658 511 706 ἐκ
545 656 837 722 περιχαρείας
876 657 901 705 ὁ
931 656 1189 724 Προφήτης
1225 659 1472 723 μονονουχὶ
1498 659 1572 707 καὶ
1605 659 1866 725 ἀνασκιρτᾷ
1886 672 1907 710 5

289 739 458 803 λέγων,
485 740 546 791 ὡς
585 739 667 788 οὐκ
705 737 762 787 ἂν
787 737 925 807 ἑτέρῳ
962 760 1028 808 τῳ
1062 739 1231 804 πρέποι
1263 737 1316 789 τὸ
1348 738 1628 802 ἀνακομίσαι
1655 737 1737 789 τὸν
1759 740 1860 788 Ἰσ-

288 820 427 886 ραὴλ,
455 822 529 870 καὶ
568 819 846 889 ἀπαλλάξαι
885 823 1073 883 δεσμῶν
1103 825 1178 871 καὶ
1217 822 1442 884 δουλείας,
1474 823 1548 871 καὶ
1587 823 1868 883 κατελεῆσαι

290 901 694 968 συντετριμμένον,
738 901 868 966 πλὴν
908 902 978 954 ὅτι
1026 902 1155 972 μόνῳ
1199 907 1318 973 Θεῷ,
1359 908 1424 972 τῷ
1467 903 1623 954 πάντα
1666 901 1869 956 εὐκόλως

291 985 504 1052 ἰσχύοντι
543 989 813 1049 κατορθοῦν,
841 987 916 1036 καὶ
952 987 1300 1036 καταλεαίνοντι
1337 985 1421 1050 μὲν
1451 984 1505 1036 τὸ
1536 984 1699 1053 τραχὺ,
1725 1008 1866 1036 κατα-

291 1073 540 1134 στορνῦντι
566 1066 613 1118 δὲ
639 1065 800 1133 ὥσπερ
825 1067 879 1118 τὸ
906 1070 1032 1136 ὑψοῦ
1057 1091 1105 1119 τε
1132 1070 1205 1118 καὶ
1234 1068 1436 1130 ἄναντες,
1462 1066 1587 1137 ᾧπερ
1607 1066 1663 1119 ἂν
1683 1068 1869 1133 λέγοιτο

70 1172 161 1223 11101)
290 1149 420 1217 παρὰ
456 1151 630 1205 παντὸς
668 1152 802 1216 ἁγίου
841 1158 867 1180 “
889 1150 1056 1202 Πάντα
1087 1150 1299 1213 δύνασαι,
1326 1153 1400 1201 καὶ
1436 1150 1564 1201 οὐδέν
1590 1173 1669 1201 σοι
1695 1152 1864 1201 ἀδυνα-

69 1216 183 1248 Xhm'
254 1239 320 1272 ‘³⁶‘
344 1234 455 1284 τεῖ.”
516 1231 612 1283 εἶτα
651 1237 801 1299 φησιν
836 1235 860 1284 ὁ
895 1232 1154 1302 Προφήτης
1185 1235 1306 1296 Οὐχὶ
1347 1232 1400 1284 σὺ
1439 1237 1523 1283 ἀπ’
1553 1232 1694 1302 ἀρχῆς
1723 1231 1871 1301 Κύριος

295 1314 452 1370 &Oe->25
493 1322 510 1367 ὁ
547 1314 678 1381 ἑίγιός
716 1340 829 1382 μου,
874 1322 950 1367 καὶ
993 1320 1034 1366 οὐ
1072 1314 1133 1383 μὴ
1172 1314 1466 1383 ἀποθάνωμεν.
1511 1319 1548 1366 εὶ
1587 1314 1680 1382 γὰρ
1711 1317 1785 1366 καὶ
1819 1316 1872 1379 ἠ-

295 1397 511 1462 πάτηται,
542 1401 706 1467 φησὶν,
734 1399 759 1447 ὁ
785 1397 1001 1464 Ἰσραὴλ,
1028 1401 1102 1448 καὶ
1127 1397 1245 1463 πρὸς
1278 1398 1521 1463 πλάνησιν
1545 1399 1871 1464 παρεκομίσθη

294 1484 369 1532 καὶ
401 1482 768 1549 ψευδολατρείας
800 1479 1104 1542 ἀλλοκότους,
1134 1481 1242 1530 ἀλλ’
1271 1479 1398 1544 ἦσθα
1438 1479 1502 1531 σὺ
1539 1480 1686 1532 πάλιν
1721 1482 1746 1532 ὁ
1777 1484 1872 1532 τῶν

294 1563 421 1614 ὅλων
448 1563 582 1625 Θεὸς,
615 1565 639 1613 ὁ
678 1567 752 1615 καὶ
789 1563 939 1615 πάλαι
976 1564 1227 1616 πταίοντας
1265 1565 1586 1630 κατοικτείρων
1625 1566 1686 1618 ὡς
1724 1563 1870 1630 ἅγιος,

295 1650 370 1699 καὶ
401 1649 692 1714 ἀνωλέθρους
723 1653 965 1716 διατηρῶν,
993 1651 1067 1698 καὶ
1102 1650 1183 1699 οὐκ
1211 1650 1351 1717 ἐφιεὶς
1377 1649 1579 1700 εἰσάπαν
1605 1650 1871 1700 ἀπολέσθαι

295 1729 379 1782 τὸν
403 1730 621 1797 Ἰσραήλ.
693 1733 857 1782 οὐκοῦν
884 1732 936 1782 οὐ
963 1730 1146 1796 μακρὰν
1173 1732 1373 1794 ἐλπίδος,
1402 1731 1472 1782 ὅτι
1497 1734 1573 1783 καὶ
1600 1731 1872 1796 σωθήσεται

296 1815 370 1864 καὶ
408 1813 468 1864 τὰ
506 1812 769 1880 σκυθρωπὰ
811 1816 1193 1880 παραδραμεῖται,
1238 1812 1626 1880 κατοικτείροντός
1666 1837 1721 1879 γε
1761 1837 1870 1874 σου,

75 1914 161 1948 528
179 1914 228 1948 Α.
257 1897 371 1948 axa}
409 1895 467 1946 τὰ
499 1895 616 1961 πέρα
654 1896 803 1962 λόγου
841 1895 1162 1949 κατανύοντος.
1232 1896 1416 1963 ε”χαιρον
1455 1896 1502 1947 δὲ
1544 1899 1618 1947 καὶ
1657 1900 1699 1947 οἱ
1735 1894 1871 1962 ἅγιοι,

295 1977 381 2043 τὴν
412 1981 460 2029 ἐν
490 1978 706 2046 ἐσχάτοις
745 1984 917 2045 καιροῖς
955 1983 1038 2029 τοῦ
1075 1977 1277 2043 Ἰσραὴλ
1317 1980 1555 2045 σωτηρίαν
1596 1978 1869 2043 ἀναμανθά-

297 2083 465 2123 νοντες,
491 2064 740 2126 προσῆγον
765 2060 812 2112 δὲ
845 2063 919 2111 καὶ
946 2060 1092 2123 λιτὰς,
1118 2063 1191 2111 καὶ
1219 2060 1380 2128 φωνὰς
1406 2063 1612 2125 ἀνῆπτον
1638 2085 1868 2130 χαριστη-

296 2143 422 2209 ρίους
461 2145 535 2193 καὶ
574 2144 708 2212 ᾠδάς.
776 2144 850 2194 καὶ
877 2149 990 2208 γοῦν
1016 2145 1040 2193 ό
1065 2144 1288 2210 μακάριος
1316 2147 1490 2194 Δαυεὶδ
1517 2143 1600 2208 τὴν
1623 2146 1690 2195 ἐπ’
1719 2146 1874 2199 αὐτοῖς

298 2226 525 2291 ἐσομένην
568 2225 829 2293 ἡμερότητα
876 2226 1182 2292 προεγνωκὼς
1225 2225 1299 2276 διὰ
1340 2232 1421 2277 τοῦ
1468 2227 1752 2290 Πνεύματος,
1798 2230 1872 2277 καὶ

297 2311 545 2377 μονονουχὶ
591 2313 684 2359 τῶν
723 2312 804 2372 τῆς
847 2309 1176 2375 αἰχμαλωσίας
1218 2312 1406 2372 δεσμῶν
1445 2308 1702 2372 ἀνιεμένους
1738 2310 1873 2375 ὁρῶν,

351 2479 378 2501 1.
405 2466 459 2502 ἀπ’
478 2466 602 2513 ἀρχῆς]
621 2468 782 2512 ὑπάρχεις
802 2467 848 2500 D.
868 2467 903 2511 (1
894 2466 988 2511 153.)
1038 2466 1160 2510 Κύριος
1181 2467 1222 2500 Β.
1228 2467 1272 2501 D.
1297 2467 1368 2509 (22.
1387 2467 1446 2510 al.)
1470 2466 1514 2500 cf.
1541 2465 1583 2499 ad
1611 2466 1733 2501 Herm.
1753 2466 1821 2511 568
1838 2467 1874 2502 b.

301 2514 403 2557 Κύριε
424 2514 513 2549 Edd.
747 2525 780 2557 3.
805 2513 1116 2558 Ἀπαγγειλαμένου
1136 2514 1164 2547 E
1169 2513 1227 2547 dd.
1277 2527 1557 2557 κατοικτειρησειν
1577 2513 1623 2547 D.
1641 2514 1876 2559 κατοικτείρειν

305 2561 395 2594 Edd.
584 2574 616 2603 4.
643 2563 963 2606 προαπηγγελκότος
985 2561 1029 2594 l).
1052 2575 1196 2605 προηγγ.
1215 2559 1275 2594 iid.
1464 2570 1495 2604 7.
1521 2559 1675 2595 δουλείας
1691 2567 1724 2594 et
1742 2561 1876 2605 δεσμῶν

302 2608 391 2641 iuter
411 2620 446 2641 se
462 2612 595 2653 transp.
617 2608 663 2642 D.
844 2608 876 2641 8.
903 2606 1008 2653 μόνῳ]
1033 2612 1069 2647 -θ-
1091 2610 1136 2654 τῷ
1155 2607 1214 2641 iid.
1262 2607 1408 2641 εὐκόλως
1425 2612 1503 2650 post
1521 2577 1874 2652 κατορθ.ῐ1·ᾶῐιερ.μ.1)

304 2666 335 2697 r).
362 2655 639 2700 κατιιστορνῦντι]
661 2669 947 2711 καταστρωινυντι
968 2654 1088 2688 Ι).11(1.
1286 2664 1338 2687 10.
1365 2653 1446 2697 ὅπερ
1466 2652 1556 2686 Edd.
1738 2665 1790 2688 11.
1818 2654 1874 2689 δυ-

304 2715 397 2734 ναται
416 2701 474 2735 1111.
668 2713 718 2736 12.
745 2701 798 2735 ss7r'
818 2701 973 2746 ἀρχῆς]’
960 2702 1121 2745 υπάρχεις
1140 2701 1186 2734 D.
1204 2707 1242 2734 ut
1260 2711 1374 2744 supla.
1605 2700 1771 2734 .Haec
1755 2716 1773 2734 ο
1791 2703 1876 2737 Θεὸς

304 2755 525 2791 assumptum
543 2761 583 2782 ex
606 2749 645 2782 B.
652 2749 696 2782 D.
747 2747 909 2791 ηπάτηται
923 2750 1065 2792 φησιν
1049 2764 1066 2781 0
1082 2747 1221 2790 Ισραὴλ
1236 2747 1301 2780 hoc
1313 2746 1433 2780 ordlne
1454 2746 1498 2780 D.
1517 2748 1535 2779 ὁ
1550 2711 1636 2790 Ἰσρ.
1649 2749 1689 2790 φ.
1705 2746 1761 2790 ἢπ.
1782 2747 1874 2782 Edd-

312 2804 361 2834 14.
386 2802 670 2838 παρακεκόμισται
688 2797 771 2840 πρὸς
787 2797 956 2839 πλάνησιν
975 2795 1020 2829 D.
1324 2805 1376 2837 15·
1402 2793 1471 2838 Καὶ]
1495 2798 1531 2831 -Ι-
1556 2808 1639 2837 προς
1658 2794 1703 2827 D·
1752 2794 1875 2828 ἅλλοκ.

304 2839 407 2883 ψευδ.
426 2841 495 2874 inv.
515 2842 636 2876 ordine
655 2843 700 2876 D.
939 2851 992 2887 17.
1017 2841 1130 2886 ἀφιεὶς
1150 2841 1194 2875 D.
1434 2851 1482 2884 19.
1508 2841 1652 2884 παριιδρ
1671 2841 1712 2874 τὰ
1729 2855 1784 2874 σκ.
1803 2841 1874 2875 inv.

305 2885 426 2919 ordine
446 2887 491 2920 D.
728 2901 782 2924 20.
808 2890 861 2922 καὶ
877 2889 917 2923 τὰ
935 2904 1022 2934 περα
1038 2891 1073 2923 λ.
1092 2901 1309 2922 κατανυοντος
1325 2898 1394 2920 0111.
1416 2886 1457 2920 Β.
1476 2886 1693 2923 κατανύοντος
1711 2887 1757 2921 D.
1776 2902 1874 2921 κατα-

304 2931 430 3011 νξδύοντ.
450 2933 541 3013 Ldg.
591 2950 642 2969 και
661 2937 718 2970 alt.
737 2949 806 2970 om.
828 2938 872 2970 D.
1026 2947 1080 2969 21.
1108 2949 1189 2970 σωτ.
1209 2941 1286 2979 post
1303 2933 1461 2977 ἀναμανθ.
1480 2940 1522 2967 tr.
1546 2934 1588 2968 D.
1742 2945 1795 2979 23
1823 2935 1876 2968 καὶ

305 2994 330 3011 ω
355 2994 392 3013 ας
410 2990 478 3013 om.
500 3012 503 3013 .
539 3007 545 3014 .

1893 1093 1940 1118 10

1895 1919 1944 1945 20
