2053 3382
84 446 117 478 S.
136 446 216 479 Luc.

85 490 104 520 i.
125 491 176 529 78.

84 535 141 565 Ps.
162 534 204 566 ci.

86 586 138 608 20.

86 868 135 898 Il).
151 867 216 898 ciii.

86 922 137 952 29·

310 174 398 214 414
702 175 751 214 B.
795 171 1078 213 CYRILLI
1131 170 1520 211 ALEXANDR.
1789 167 1844 206 ix.
1865 164 1902 204 8.

313 282 372 333 νῦν
413 281 577 351 ἑόρακα,
616 282 654 332 ἐν
694 283 783 335 τοῖς
828 278 1082 348 ὀφθαλμοῖς
1133 303 1233 347 μου,
1275 279 1537 340 ἐπισκοπῆς
1581 275 1694 327 ὅντα
1745 271 1906 339 καιρὸν

311 363 570 430 κατέδειξεν
635 363 843 428 ἐναργῶς
912 361 996 412 τὸν
1063 363 1146 424 τῆς
1209 367 1293 412 τοῦ
1359 361 1579 424 Σωτῆρος
1641 356 1901 420 ἐπιδημίας.

313 451 339 474 “
363 443 703 512 Ἐπεσκέψατο
734 442 828 509 γὰρ
863 443 985 507 ἡμᾶς
1020 440 1229 506 ἀνατολὴ
1268 442 1325 510 ἐξ
1361 440 1551 510 ὕψους,”
1581 439 1656 490 καὶ
1689 435 1719 505 ᾗ
1754 441 1906 506 φησιν

313 528 338 577 ὁ
382 525 557 577 Δαυείδ
597 533 623 554 “
648 525 820 591 Κύριος
865 525 923 593 ἐξ
968 525 1165 590 οὐρανοῦ
1207 525 1281 575 ἐπὶ
1326 523 1411 587 τὴν
1452 525 1543 587 γῆν
1594 516 1903 586 ἐπέβλεψεν,”

312 608 462 658 καίτοι
486 606 637 658 πάλαι
667 606 742 657 διὰ
767 605 853 671 τὴν
880 609 927 657 ἐν
959 607 1068 670 ἡμῖν
1100 605 1335 672 ἁμαρτίαν
1360 605 1443 655 οὐκ
1471 603 1716 656 ἐποπτείας
1742 601 1903 669 ἀξιῶν,
1927 618 1949 655 5

311 694 365 742 οὐ
400 695 589 760 φειδοῦς
615 691 643 756 ὴ
671 691 874 758 ἀγάπης,
904 692 991 758 οὐχ
1025 691 1182 757 ἑτέρου
1217 688 1341 744 τινὸς
1379 694 1474 740 τῶν
1512 687 1735 739 τοιούτων
1766 685 1905 746 ὅλως,

310 775 421 825 ἀλλ’
466 774 705 828 οἱονείπως
749 771 1147 840 ἀπεστρεμμένος·
1190 771 1411 840 ταύτῃτοι
1450 772 1525 821 καὶ
1562 767 1904 834 τεταράγμεθα.

311 859 387 907 καὶ
414 856 705 922 μαρτυρήσει
731 855 889 921 λέγων
922 856 947 905 ὁ
972 854 1200 920 μακάριος
1228 854 1404 904 Δαυείδ
1430 860 1457 882 “
1476 847 1906 918 Ἀποστρέψαντός

266 946 339 994 d“
365 962 458 990 σου
495 938 550 989 τὸ
588 937 851 1005 πρόσωπον
892 937 1292 1005 ταραχθήσονται,
1330 937 1406 986 καὶ
1441 938 1502 988 εἷς
1542 932 1625 984 τὸν
1664 937 1778 999 χοῦν
1818 931 1901 980 αὐ·-

311 1028 338 1050 “
365 1025 460 1072 τῶν
498 1020 918 1089 ἐπιστρε’ψουσιν.”
984 1018 1140 1083 ἐπειδὴ
1184 1018 1231 1070 δὲ
1273 1023 1368 1080 νῦν,
1411 1015 1624 1068 τουτέστι
1666 1011 1786 1064 κατὰ
1824 1011 1907 1062 τὸν
1931 1038 1977 1062 10

308 1106 392 1167 τῆς
417 1104 661 1168 ἐπιδημίας
686 1102 861 1169 καιρὸν,
887 1104 1056 1171 ἑόρακεν
1092 1103 1128 1153 ἐν
1163 1104 1250 1155 τοῖς
1287 1099 1540 1169 ὀφθαλμοῖς
1568 1097 1713 1158 αὐτοῦ,
1740 1093 1901 1145 σεσώ-

309 1184 469 1249 σμεθά
492 1209 541 1236 τε
568 1187 644 1236 καὶ
670 1184 922 1249 ἠλεήμεθα,
951 1186 1026 1235 καὶ
1057 1184 1106 1234 τί
1135 1182 1228 1249 γὰρ
1263 1183 1367 1249 οὐχὶ
1401 1186 1496 1232 τῶν
1522 1179 1729 1232 ἐπέκεινα
1756 1175 1907 1242 λόγου

309 1270 383 1319 καὶ
411 1267 722 1337 ἁξιαγάστων
750 1269 940 1332 άληθῶς
968 1264 1341 1332 κεκερδάκαμεν;

973 1419 1035 1448 TO
1051 1418 1162 1447 ΜΟΣ
1200 1415 1246 1447 F‘.

362 1599 391 1622 1.
418 1589 541 1632 ἑόρακα
562 1586 602 1620 C.
622 1587 698 1630 ἑώρ.
717 1586 751 1620 b.
773 1585 865 1621 Edd.
1146 1597 1175 1618 2.
1201 1585 1259 1617 τὸν
1277 1584 1335 1627 τῆς
1352 1584 1412 1617 τοῦ
1431 1587 1466 1616 Σ.
1485 1580 1660 1624 ἐπιδημίας
1678 1579 1713 1613 b.
1734 1577 1826 1613 Edd.
1846 1578 1906 1622 τὴν

310 1637 370 1670 τοῦ
389 1640 424 1669 Σ.
445 1635 535 1678 ἡμῶν
553 1634 730 1678 ἐπιδημίαν
749 1633 789 1667 C.
971 1641 1004 1676 5.
1031 1632 1090 1665 οὐκ
1111 1631 1290 1665 ἐποπτείας
1309 1631 1350 1665 C.
1370 1630 1408 1663 οὐ
1426 1629 1585 1663 &eom-lac
1606 1628 1650 1660 l).
1670 1627 1708 1660 οὐ
1727 1626 1906 1669 θεραπείας

312 1681 405 1716 Edd.
758 1688 789 1724 7.
815 1678 1090 1723 ἀπεστρεμμένος
1110 1678 1202 1712 C.D.
1225 1678 1325 1712 l’ont.
1345 1675 1624 1721 ἀπεστραμμένος
1643 1674 1790 1707 correxit
1809 1672 1904 1705 Aub.

312 1729 344 1762 8.
370 1729 533 1772 μαρτυρεῖ
552 1726 643 1762 Edd.
880 1737 931 1760 11.
959 1727 1150 1769 ἑώριικαμεν
1169 1724 1260 1760 Edd.
1494 1733 1546 1757 12.
1572 1736 1607 1755 τε
1628 1721 1674 1755 D.
1695 1719 1787 1754 Edd.
1806 1719 1842 1753 δέ
1863 1718 1904 1753 C.

315 1786 368 1820 13.
394 1775 639 1819 κεκερδάκιιμεν
659 1773 751 1809 C.D.
770 1772 941 1818 κεκερδηκ.
963 1772 1055 1807 Edd.
