2018 3391
345 160 429 199 208
738 160 788 201 Β.
828 159 1105 201 CYRILLI
1150 161 1530 202 ALEXANDR.
1706 161 1746 201 ii.
1776 171 1920 214 14,15.

346 272 545 340 κόρακας
570 274 658 326 τοῖς
683 274 883 323 πυλῶσιν
909 271 1058 332 ait-5235.
1116 272 1219 324 e''o·7·t
1245 273 1293 325 δὲ
1319 274 1466 325 οὐδενὶ
1492 277 1585 324 τῶν
1610 273 1659 323 εὖ
1686 271 1918 340 φρονούν-

343 376 437 404 των
461 355 747 422 ἀμφίβολον,
776 356 837 407 ὡς
859 354 952 405 οὔτ’
980 353 1037 404 ἂν
1060 356 1108 405 ἐν
1135 355 1272 410 οἰ’κοις
1304 355 1619 407 καταλύσειαν
1651 355 1793 417 ἐχῖνοι,
1819 355 1923 405 οὔτε

342 433 436 498 μὴν
472 437 521 486 ἐν
556 434 679 503 με’σῃ
713 435 849 487 πόλει
881 437 1346 502 καταυλισθήσονται
1385 441 1536 506 θῆρες,
1583 437 1693 488 ἀλλ’
1731 437 1830 487 οὐδ’
1867 434 1924 487 ἂν

343 517 786 586 ἐμφιλοχωρήσειαν
811 522 899 574 τοῖς
926 525 1124 571 πυλῶσιν
1150 524 1191 571 οἱ
1220 523 1548 588 νυκτικόροικες,
1573 523 1608 570 εὶ
1634 518 1698 584 μὴ
1717 519 1923 583 πλείστη

304 621 325 646 ο
344 622 411 653 τις
438 599 530 664 ὅση
557 602 632 651 καὶ
665 600 934 652 ἁνδάνουσα
961 602 1069 652 λίαν
1098 607 1193 656 τοῖς
1219 600 1306 654 ῶδε
1342 602 1531 670 φύσεως
1562 603 1752 670 ἔχουσιν
1777 601 1924 667 ὑπάρ-
1943 629 1965 667 5

342 704 417 749 χοι
447 685 625 750 σχολή.
694 688 894 751 φιλοῦσι
921 684 1013 751 γάρ
1044 708 1145 738 πως
1175 688 1217 736 οἱ
1250 687 1397 752 θῆρες,
1425 687 1499 735 καὶ
1525 686 1681 748 μέντοι
1706 683 1765 735 τὰ
1791 684 1925 750 ἕτερα

340 763 444 830 περὶ
471 762 535 815 ῶν
561 766 586 815 ὁ
611 765 768 831 λόγος,
786 767 869 817 οὐκ
895 768 1157 834 ἀνθρώποις
1183 766 1560 833 συναυλίζεσθαι·
1596 766 1770 827 πόθενς
1811 764 1921 816 ἀλλ’

340 844 461 913 ᾗπερ
504 845 563 897 ἂν
607 848 674 912 εἴη
724 848 887 913 πολλή
931 872 1001 904 τις
1046 851 1223 916 ἐρημία,
1268 849 1480 917 σχολαία
1522 872 1571 900 τε
1613 853 1857 902 παντελῶς
1895 849 1924 912 ἡ

340 928 505 992 δίαιτα,
533 932 609 980 καὶ
639 933 721 994 τῆς
757 932 945 997 ἐρημίας
979 931 1033 982 τὸ
1067 932 1249 986 πλάτος
1275 934 1526 1000 μονονουχὶ
1550 931 1813 999 πρυτανεύῃ
1838 930 1924 996 τὴν

340 1010 625 1079 ἀσφάλειαν,
651 1013 742 1081 ἔξω
768 1037 817 1064 τε
840 1013 1016 1068 παντὸς
1041 1014 1306 1080 ἀποκομίζει
1331 1015 1474 1068 δέους.
1946 1038 1993 1062 10

415 1097 473 1144 Εἰ
506 1094 554 1145 δὲ
588 1096 678 1162 χρή
712 1119 756 1147 τι
787 1095 968 1151 τούτοις
1007 1099 1206 1148 ἐπειπεῖν
1245 1100 1512 1162 ἀναγκαῖον,
1548 1094 1923 1164 ἀσφαλιζώμεθα

295 1185 320 1226 d
340 1174 422 1230 τάς
455 1177 630 1228 ἑαυτῶν
666 1180 869 1245 καρδίας,
898 1181 972 1230 καὶ
1008 1178 1061 1230 τὸ
1100 1179 1412 1246 προσκρούειν
1439 1183 1548 1248 Θεῷ
1573 1178 1690 1230 κατά
1728 1201 1772 1229 τι
1806 1183 1924 1244 γοῦν

340 1258 463 1312 ὅλως
496 1262 638 1311 παντὶ
671 1261 1003 1327 παραιτώμεθα
1036 1260 1205 1324 σθένει,
1231 1262 1305 1312 ἵνα
1338 1260 1402 1325 μὴ
1437 1261 1678 1327 γενώμεθα
1704 1264 1924 1327 πονηρῶν

339 1363 387 1391 τε
424 1344 500 1392 καὶ
533 1344 776 1409 ἀνημέρων
806 1345 1076 1408 ἐνδιαίτημα
1107 1343 1268 1412 θηριων,
1298 1347 1419 1413 φημὶ
1446 1343 1502 1408 δὴ
1528 1348 1622 1394 τῶν
1647 1342 1924 1409 ἀκαθάρτων

339 1423 628 1488 πνευμάτων,
670 1425 954 1494 ἐξῃρημένης
999 1427 1131 1490 ἡμῶν
1175 1427 1367 1491 ἁπάσης
1406 1429 1584 1493 ἀρετῆς.
1659 1429 1733 1476 καὶ
1783 1431 1922 1476 τοῦτο
1947 1450 1991 1489 15

340 1503 471 1568 οἶμαί
492 1508 595 1557 ἐστι
625 1507 679 1557 τὸ
715 1507 791 1557 διὰ
823 1511 984 1576 φωνῆς
1009 1510 1231 1574 Ἱερεμίου
1261 1508 1380 1574 πρὸς
1417 1507 1503 1572 τὴν
1526 1507 1841 1574 Ἰερουσαλὴμ
1873 1508 1923 1559 εὖ

118 1597 265 1666 pig-wi.
340 1587 473 1651 μάλα
506 1591 579 1640 καὶ
615 1595 782 1658 σοφῶς
817 1591 1053 1656 εἰρημένον
1080 1599 1106 1620 “
1128 1591 1269 1661 Πόνῳ
1303 1595 1378 1642 καὶ
1409 1591 1605 1657 μάστιγι
1629 1590 1921 1658 παιδευθήσῃ

123 1664 148 1681 ι’
169 1659 198 1672 μ’
342 1678 369 1700 “
391 1671 718 1737 Ἰερουσαλὴμ,
745 1672 810 1737 μὴ
843 1675 1032 1740 ἀποστῇ
1060 1674 1087 1737 ἡ
1111 1673 1247 1742 ψυχή
1275 1697 1366 1737 μου
1392 1674 1485 1724 ἀπὸ
1511 1679 1615 1735 σοῦ,
1641 1672 1707 1737 μὴ
1732 1672 1920 1737 ποιήσω

341 1761 368 1782 “
393 1776 451 1803 σε
502 1754 682 1815 ἄβατον
732 1758 833 1821 γῆν,
886 1756 984 1820 ἥτις
1036 1757 1118 1807 οὐκ
1168 1756 1576 1821 ἀποικηθήσεται.”
1643 1760 1766 1807 Θεοῦ
1827 1755 1921 1821 γὰρ

341 1837 473 1899 ἡμῶν
525 1837 770 1906 ἐξέλοντος
821 1837 906 1902 τὴν
951 1837 1135 1905 ἀρετὴν,
1190 1837 1428 1889 εὶσελάσει
1466 1838 1653 1892 πάντως
1700 1842 1760 1891 εὶς
1813 1843 1921 1889 νοῦν
1943 1865 1990 1890 20

339 1920 415 1969 καὶ
450 1920 642 1986 καρδίαν
675 1919 734 1971 τὰ
763 1920 975 1987 βδελυρά
1008 1944 1056 1971 τε
1099 1923 1173 1972 καὶ
1208 1921 1378 1972 ἀνόσια
1413 1921 1554 1985 πάθη,
1592 1923 1665 1972 καὶ
1698 1920 1772 1972 οἶά
1802 1944 1921 1975 τινες

298 2004 475 2067 Οθῆρες
509 2001 891 2066 ἐνδιαιτήσονται,
937 2002 1283 2071 συνεισφρήσει
1322 2003 1369 2054 δὲ
1409 2006 1483 2054 καὶ
1521 2003 1637 2068 αὐτὴ
1675 2008 1769 2054 τῶν
1807 2005 1920 2055 ἀκα-

339 2082 524 2150 θάρτων
562 2083 837 2147 πνευμάτων
877 2086 903 2149 ἡ
943 2086 1083 2153 ἀγρία
1120 2086 1322 2151 πληθύς.

271 2330 316 2367 15
337 2315 453 2358 Διὸτι
494 2314 643 2372 κὲὸρος
680 2315 727 2357 τὸ
765 2315 989 2364 ἀνάστΗμα
1028 2316 1175 2358 αὐτῆς.
1235 2319 1340 2358 αὕτΗ
1377 2318 1399 2358 ἡ
1440 2318 1562 2359 Πόλις
1595 2318 1617 2358 ἡ
1647 2318 1916 2375 φαυλίστρια,

405 2398 428 2438 ἡ
458 2401 708 2440 κατοικοῦσι]
740 2398 800 2438 ἐπ’
838 2399 990 2451 ἑλπίδι,
1019 2400 1041 2440 ἡ
1071 2401 1251 2447 λεΤουσα
1287 2401 1333 2442 ἐν
1371 2404 1420 2458 τῷ
1462 2401 1612 2459 καρδίᾳ
1648 2402 1778 2442 αὐτῆς
1799 2401 1916 2449 ἘΓώ
1937 2414 1985 2453 25

403 2479 487 2530 εἶμι
515 2482 583 2523 καὶ
610 2482 686 2523 οὐκ
712 2482 830 2524 ἔσται
863 2484 946 2531 μετ’
991 2483 1066 2532 ἐμὲ
1103 2485 1180 2529 ἔτι.
1241 2485 1333 2525 Πῶς
1365 2485 1543 2531 {semea
1572 2483 1630 2525 εἰς
1658 2485 1915 2541 ἀφανισμὸν,

387 2663 417 2686 1.
444 2651 516 2686 οὐδ’
537 2652 592 2687 ἐπὶ
610 2665 673 2698 pro
691 2653 801 2688 οὐδενὶ
822 2653 914 2688 Edd.
1047 2668 1079 2697 4.
1105 2656 1176 2690 τοῖς
1194 2654 1288 2689 B.D.
1306 2654 1419 2690 αὐτοῖς
1437 2654 1529 2689 Edd.
1651 2664 1683 2699 5.
1703 2655 1835 2700 ὑπάρχῃ
1854 2655 1914 2693 iid.

338 2708 370 2743 7.
395 2699 498 2734 πόθεν
517 2699 610 2734 Β.Ι).
626 2715 708 2735 ποτε
726 2700 817 2735 Edd.
1033 2702 1064 2735 8.
1092 2702 1214 2760 ἕρημος
1230 2701 1288 2735 iid.
1508 2712 1542 2746 9.
1569 2701 1761 2737 καὶ-δέους
1778 2702 1913 2739 01n.D

336 2746 533 2789 πρυτανέυει
551 2746 609 2781 iid.
802 2759 854 2782 10.
879 2748 945 2791 ἔξω
962 2763 998 2782 τε
1014 2750 1138 2784 παντὸς
1155 2748 1252 2782 ἀποκ.
1272 2748 1366 2783 δέους
1383 2759 1453 2781 om.
1470 2747 1511 2781 Β.
1714 2759 1767 2792 13.
1792 2763 1912 2792 παραι-

337 2792 483 2836 τούμεθα
500 2793 592 2828 Edd.
878 2795 931 2828 16.
957 2795 996 2838 τὴ
1000 2810 1017 2829 ν
1037 2795 1111 2841 [τὸν
1130 2795 1171 2829 Β.
1184 2794 1214 2840 ?]
1233 2794 1457 2840 Ἰερουσαλὴμ
1476 2794 1518 2828 Β.
1524 2795 1569 2828 D.
1587 2795 1645 2828 τὸν
1660 2793 1801 2839 Ἰσραὴλ
1820 2795 1912 2833 Fdd

342 2848 393 2882 17.
420 2841 541 2884 σοφῶς
556 2841 683 2875 retinui
700 2852 741 2874 ex
760 2840 850 2875 Edd.
870 2844 993 2887 σαφῶς
1012 2842 1053 2876 Β.
1103 2841 1139 2876 εὑ
1155 2857 1190 2886 μ.
1209 2842 1262 2875 καὶ
1280 2856 1315 2876 σ.
1334 2853 1403 2875 om.
1424 2841 1469 2875 D.
1719 2853 1771 2886 19.
1799 2842 1912 2886 ‚Jus—

335 2899 456 2928 (ιρετην
478 2894 697 2923 accesserunt
721 2899 763 2922 ex
783 2888 828 2921 D.
896 2889 1020 2923 Statim
1046 2889 1220 2924 εἷσελάσει
1239 2888 1284 2922 D.
1302 2888 1331 2921 εἶ
1355 2888 1529 2922 εἷσελάσει
1548 2887 1640 2921 Edd.
1659 2887 1912 2923 εἷσελευσονται

334 2931 398 2974 γὰρ
419 2932 461 2966 Β.
686 2946 742 2970 21.
768 2949 820 2969 και
838 2935 932 2979 καρδ.
951 2942 984 2969 et
999 2936 1057 2976 βδ.
1075 2950 1111 2969 τε
1129 2936 1181 2969 καὶ
1199 2947 1269 2969 om.
1289 2935 1334 2968 D.
1632 2937 1671 2978 τῇ
1690 2943 1910 2982 assumptum

333 2988 375 3010 ex
396 2978 435 3013 B.
455 2978 527 3023 (26.
546 2980 606 3023 al.)
798 2982 851 3015 26.
878 2982 975 3016 ἕσται
995 2982 1035 3017 Β.
1055 2983 1150 3028 (153,
1168 2983 1263 3027 311.)
1282 2981 1324 3016 cf.
1344 2981 1441 3015 infra.
1462 2982 1535 3016 ἔστι
1556 2981 1645 3016 Edd
