2053 3382
308 169 393 210 376
705 173 755 213 B.
799 171 1078 212 CYRILLI
1120 172 1505 212 ALEXANDR.
1668 171 1740 211 vii.
1766 171 1887 209 8-10.

308 278 384 327 καὶ
423 280 505 341 τῆς
543 283 636 328 τῶν
673 278 968 344 κρατούντων
1005 280 1158 346 χειρὸς
1195 279 1473 348 ἐξειλόμην;
1516 279 1681 329 οὐκοῦν
1719 278 1772 329 οὐ
1811 281 1886 328 δε-

309 358 471 423 δεήμαι
523 361 604 422 τῆς
646 358 861 423 τοιαύτης
910 361 1141 424 νηστείας,
1191 360 1403 426 καθάπερ
1442 359 1602 424 ἀμέλει
1646 361 1721 410 καὶ
1766 359 1892 424 ε’ίπερ

309 439 513 501 ἕλοισθε,
540 441 677 508 φησι,
703 445 872 508 φαγεῖν
907 443 982 492 καὶ
1016 447 1152 505 πιεῖν,
1184 444 1266 493 οὐκ
1298 444 1398 507 ἐμοὶ
1431 447 1621 506 μᾶλλον
1653 440 1681 506 ὴ
1715 442 1893 494 ἑαυτοῖς

309 520 554 587 χαρίζεσθε
593 519 647 572 τὸ
682 525 856 589 χρῆμα.
926 524 1091 574 οὐκοῦν
1130 529 1213 575 τοῦ
1252 524 1558 588 νηστεύοντος
1591 527 1686 587 εἰκῆ
1714 525 1788 574 καὶ
1823 524 1890 573 ἐπ’

269 626 291 652 e
310 603 458 652 οὐδενὶ
485 606 580 652 τῶν
605 604 868 670 χρησίμων,
896 607 972 655 καὶ
1003 605 1056 656 τὸ
1090 606 1289 671 δάκρυον
1319 605 1559 675 ἀνωφελὲς
1586 608 1661 656 καὶ
1692 605 1893 669 ἄμισθος·
1915 623 1936 660 5

85 1015 173 1046 Joel.
192 1015 212 1045 i.

92 1068 138 1098 13,
161 1067 207 1096 14.

87 1191 163 1228 712
177 1189 227 1224 A.
269 1200 289 1223 a

265 1756 291 1796 b

310 684 335 733 ὁ
365 684 515 749 ἱδρώς.
584 688 665 748 οὐχ
703 684 808 737 οὗτοι
845 693 879 737 οἱ
913 687 1039 753 λόγοι
1074 693 1152 739 εἰσ-ἱ
1189 687 1266 738 τῶν
1307 686 1531 756 προφητῶν
1557 687 1635 738 τῶν
1664 685 1895 754 ἔμπροσθεν

310 764 376 816 ’ὅτε
403 761 445 825 ἧν
468 765 758 836 Ἰερουσαλὴμ
791 768 1101 836 κατοικουμένη
1142 774 1218 820 καὶ
1255 768 1489 832 εὐθηνοῧπι,
1514 768 1817 835 περιχεομένη
1847 790 1895 817 τε

309 854 405 904 τοῖς
455 852 662 916 ἀγαθοῖς,
713 854 787 902 καὶ
839 854 1128 917 ἀπημάντοις
1180 854 1245 904 ε”τι
1296 859 1395 908 ταῖς
1447 855 1578 908 ἰδίαις
1623 855 1897 919 ἐπαυχοῦσα

311 932 482 984 πόλεσι
520 938 620 987 ταῖς
652 956 701 984 τε
740 936 788 985 ἐν
824 939 881 1002 τῇ
919 939 1045 1004 ὀρεινῇ
1072 959 1147 986 και
1178 938 1225 986 ἐν
1251 940 1309 1004 τῇ
1343 933 1511 1004 πεδινῇ.
1578 935 1668 1002 ε”φη
1696 935 1778 998 μὲν
1807 934 1897 1000 γὰρ

312 1014 337 1064 ὁ
379 1014 628 1083 προφήτης
663 1015 820 1079 Ἰωὴλ,
867 1017 936 1068 ὅτι
983 1017 1038 1082 δὴ
1089 1041 1252 1083 πρεπει
1302 1023 1486 1084 θρηνεῖν
1539 1018 1681 1083 ἱερεας
1730 1040 1778 1067 τε
1824 1019 1896 1066 καὶ

311 1095 470 1159 λαους,
505 1098 582 1147 καὶ
615 1097 732 1163 πρός
772 1122 825 1163 γε
865 1098 921 1163 δὴ
961 1100 1139 1154 τούτοις
1176 1103 1250 1150 καὶ
1290 1099 1487 1166 ἁγιάσαι
1527 1099 1758 1164 νηστείαν.
1825 1122 1897 1148 και

312 1179 337 1229 ὁ
363 1201 445 1241 της
470 1202 788 1245 παραινεσεως
814 1204 996 1235 σκοπος
1021 1181 1175 1233 ἐκαλει
1201 1182 1318 1248 πρὸς
1345 1180 1659 1247 μετάγνωσιν.
1728 1182 1781 1230 οὐ
1807 1180 1899 1246 γὰρ

311 1261 567 1327 περιμένειν
612 1262 752 1326 ἤθελε
796 1267 891 1313 τῶν
943 1264 1321 1327 συμβεβηκότων
1361 1264 1447 1328 τὴν
1490 1268 1665 1329 πεῖραν,
1706 1263 1779 1313 ἵνα
1825 1265 1899 1312 καὶ

312 1343 646 1409 ἐμπρησθέντα
681 1349 1001 1411 καταθρηνῆτε
1043 1345 1124 1397 τὸν
1164 1346 1290 1408 νεὼν,
1331 1344 1441 1396 ἀλλ’
1481 1346 1555 1396 ἵνα
1593 1344 1686 1411 πρὸ
1725 1345 1900 1409 πείρας,

313 1427 374 1479 ὡς
401 1425 535 1493 ἔφην,
563 1431 756 1488 κομμοῖς
789 1449 838 1476 τε
876 1429 950 1477 καὶ
990 1427 1175 1493 θρήνοις
1214 1427 1621 1492 ἐκμειλισσόμενοι
1652 1425 1734 1478 τὸν
1762 1426 1899 1488 Θεὸν,
1948 1446 1967 1481 Γ

312 1506 404 1575 ἔξω
429 1507 632 1572 γε’νησθε
657 1512 749 1558 τῶν
776 1512 944 1559 κακῶν.
1015 1510 1180 1560 οὐκοῦν
1218 1513 1300 1572 οὐχ
1333 1509 1437 1560 οὗτοι
1474 1515 1574 1560 εἰσ-ιν
1601 1516 1634 1560 οἱ
1669 1510 1793 1574 λόγοι
1822 1507 1901 1558 τῶν

311 1588 542 1658 προφητῶν
568 1589 647 1639 τῶν
678 1589 927 1658 ἐμπροσθεν,
958 1590 1036 1644 οὓς
1063 1590 1343 1656 ἠγνοηκότες
1380 1593 1506 1653 ὑμεῖς
1544 1593 1641 1653 εἰκῆ
1674 1590 1900 1653 κατοιμώ-

313 1670 427 1737 ζετε,
457 1672 531 1720 καὶ
555 1671 703 1723 λίθοις
731 1671 951 1734 κειμένοις
986 1670 1039 1722 τὸ
1075 1672 1132 1740 ἐξ
1161 1674 1362 1735 ἀμαθίας
1392 1671 1591 1738 δάκρυον
1618 1670 1901 1736 ἐπιστάζετε,

314 1752 461 1802 καίτοι
500 1751 602 1802 δεόν
640 1753 928 1818 ἐπανορθοῦν
967 1755 1049 1817 τῆς
1087 1755 1261 1805 ἑαυτῶν
1300 1755 1537 1806 πολιτείας
1570 1753 1654 1816 τὴν
1678 1753 1800 1815 ὁδὸν,
1827 1755 1901 1803 καὶ

314 1832 400 1897 τὴν
434 1834 599 1884 εὐκλεᾶ
638 1836 714 1885 καὶ
747 1835 1002 1899 ἀμώμητον
1043 1834 1152 1885 ἱέναι
1188 1837 1365 1901 τρίβον,
1394 1839 1652 1901 κατορθοῦν
1686 1835 1734 1885 εὖ
1769 1834 1900 1899 μάλα

315 1914 623 1981 διεγνωκότας
650 1914 703 1967 τὸ
729 1919 794 1985 τῷ
822 1917 948 1986 νόμῳ
976 1920 1159 1968 δοκοῦν.

219 2157 241 2192 8
274 2168 295 2203 9
323 2150 395 2192 Καὶ
445 2153 612 2199 ἐγένετο
657 2156 780 2199 λύῃ-οε
833 2153 979 2209 Κυρίου
1029 2155 1135 2210 Πρὸς
1185 2154 1399 2211 Ζαχαρίαν
1443 2156 1577 2201 λὲΓων
1625 2154 1740 2195 Τάδε
1789 2155 1901 2201 λέγει

250 2332 297 2358 10

389 2234 538 2291 Κύριος
581 2236 894 2292 Παντοκράτωρ
941 2233 1072 2293 Κρῖμα
1123 2237 1285 2278 δίκαιον
1332 2237 1513 2293 κρίνατε,
1559 2238 1627 2278 καί
1670 2237 1792 2278 ἕλεος
1833 2237 1901 2277 καὶ

386 2315 604 2374 οἰκτιρμὸν
632 2315 791 2359 Ποιεῖτε
823 2320 1004 2359 ἕκαστος
1043 2321 1150 2375 Πρὸς
1176 2320 1248 2362 τὸν
1276 2319 1468 2375 ἀδελφὸν
1502 2321 1645 2370 αὐτοῦ,
1673 2320 1741 2360 καὶ
1767 2321 1901 2376 χήραν

387 2400 454 2440 καὶ
481 2401 674 2456 ὀρφανὸν
703 2401 770 2441 καί
797 2402 1066 2458 Προσύλυτον
1095 2403 1162 2443 καὶ
1189 2404 1351 2445 ΠένΗτα
1379 2404 1433 2450 μὴ
1464 2402 1900 2452 καταδυναστεύσμτε,

369 2601 445 2635 1-3.
473 2590 570 2625 Haec
587 2591 880 2638 οὐκοῦν-φαγεῖν
896 2598 1079 2638 assumpta
1096 2605 1137 2627 ex
1157 2593 1196 2627 B.
1205 2593 1245 2628 C.
1252 2594 1298 2628 D.
1458 2604 1491 2638 3.
1516 2595 1641 2639 φαγεῖν
1657 2593 1771 2638 φησι
1764 2604 1902 2628 lnverso

319 2637 441 2671 ordine
460 2637 501 2670 Β.
519 2638 609 2690 φησι
627 2650 697 2673 om.
716 2639 763 2673 D.
1025 2648 1055 2685 7.
1082 2640 1270 2675 εὐθινοῦσα
1288 2639 1380 2675 Edd.
1398 2646 1477 2675 ante
1496 2640 1631 2684 Migne.
1679 2639 1901 2694 περιεχομένη

321 2683 413 2717 Edd.
432 2684 549 2717 invitis
569 2684 657 2719 B.C.
836 2698 869 2731 9.
896 2686 931 2720 ἐν
948 2686 1006 2721 alt.
1025 2693 1248 2732 assumptum
1266 2699 1307 2720 ex
1327 2686 1368 2721 C
1532 2697 1583 2719 10.
1611 2685 1651 2728 δὴ
1669 2685 1788 2728 πρέπει
1808 2686 1848 2720 C.
1854 2686 1902 2721 D.

320 2730 370 2763 δεῖ
385 2731 640 2775 πρεσβυτέρους
660 2731 750 2765 Edd.
1332 2744 1384 2766 11.
1409 2732 1539 2767 τούτοις
1558 2733 1603 2765 D.
1623 2731 1714 2765 Edd.
1732 2731 1840 2777 τούτῳ
1859 2732 1901 2766 C.

326 2788 378 2818 14.
405 2777 639 2821 καταθρηνεῖτε
658 2778 699 2812 C.
748 2778 830 2813 νεὼν
848 2777 889 2813 C.
908 2779 986 2813 ναὸν
1004 2778 1789 2820 Ε(1(1.18.ε’πιστάζεσθε
1809 2779 1901 2813 Edd-

321 2822 438 2856 invitis
459 2823 499 2857 B.
505 2823 546 2858 C.
830 2836 885 2858 21.
911 2825 983 2859 δὲ’
966 2840 1151 2870 εγνωκοτιις
1167 2837 1231 2870 pro
1249 2826 1320 2870 διεγ
1324 2840 1350 2859 ν.
1369 2824 1428 2859 iid.
1491 2826 1581 2869 νόμῳ
1600 2824 1641 2858 C.
1660 2825 1822 2868 νομοθέτῃ
1841 2825 1901 2860 iid.

326 2879 378 2912 23.
406 2869 536 2913 κρίνατε
556 2870 596 2904 B.
602 2870 643 2904 C.
662 2870 782 2914 (Alex.
800 2870 886 2904 XII.
892 2871 908 2916 )
926 2872 1052 2914 κρίνετε
1072 2871 1163 2905 Edd.
1182 2872 1234 2916 (V
1237 2878 1282 2905 at.
1288 2840 1320 2916 )Ὑ
1566 2881 1620 2913 24.
1647 2872 1732 2915 πρὸς
1750 2871 1848 2906 deest
1865 2872 1900 2905 in

324 2913 416 2948 Edd.
465 2916 549 2959 πρὸς
565 2931 624 2950 τον
639 2917 789 2960 πλήσιον
806 2918 907 2951 αὐτοῦ
925 2918 960 2952 F.
980 2919 1052 2961 (22.
1072 2919 1130 2961 al.)
1149 2918 1192 2951 cf.
1211 2929 1317 2962 supra
1336 2917 1403 2951 266
1421 2917 1456 2952 b.
1722 2927 1774 2962 25.
1802 2932 1900 2952 κατα-

324 2958 572 3005 δυναστεύσητε
592 2962 633 2997 Β.
639 2963 679 2997 C.
698 2963 800 3006 (XII.
806 2965 817 3007 )
836 2963 1139 2998 καταδυναστευετε
1158 2963 1249 2998 Edd.

1923 1037 1967 1061 10
