2053 3382
319 175 402 216 562
706 175 754 214 Β.
801 174 1086 214 CYRILLI
1125 175 1509 217 ALEXANDR.
1795 176 1822 216 i.
1846 189 1909 216 10,

318 282 474 349 γέγονε
494 284 654 333 ταῦτα.
700 285 949 349 μονονουχὶ
975 283 1067 348 γάρ
1089 287 1241 351 φησιν
1258 285 1368 351 Οὐχ
1394 284 1561 348 ἑτέρων
1580 282 1913 349 ἡμαρτηκότων

320 365 447 427 ὑμεῖς
472 363 775 428 σεσιγήκατε,
801 365 911 414 ἀλλ’
942 363 1040 416 οἷον
1064 364 1327 433 αὐτόχειρες
1355 367 1481 429 ὑμεῖς
1508 366 1638 416 αὐτοὶ
1671 369 1744 415 καὶ
1778 365 1911 415 αἴτιοι

319 444 544 510 γεγόνατε
580 449 673 494 τῶν
706 449 768 498 εἷς
803 445 880 508 ἐμὲ
917 447 1351 511 δεδυσσεβημένων,
1378 450 1452 498 καὶ
1487 451 1570 511 τῆς
1605 448 1732 510 ὑμῶν
1762 448 1907 514 ῥᾳθυ-

317 527 427 589 μιάς
454 523 542 576 εἶεν
566 525 624 577 ἂν
650 526 710 577 τὰ
741 527 1018 592 ἐγκλήματα
1050 535 1439 592 μεσολαβοῦντος
1465 528 1666 583 οὐδενός.
1721 527 1851 591 πλὴν
1876 532 1913 579 εἰ

318 608 398 657 καί
428 630 546 661 τινες
581 609 815 660 ἐκδεδιάσι
849 609 994 677 τυχὸν
1021 610 1074 661 τὸ
1101 615 1338 662 ποιεῖσθαι
1364 610 1483 677 πρὸς
1512 612 1629 674 ὑμᾶς
1664 608 1771 664 τοὺς
1806 611 1912 675 περὶ
1933 620 1954 659 5

317 688 497 739 τούτων
535 691 773 758 ἐλέγχους,
809 692 918 741 ἀλλ’
949 692 1029 743 οὖν
1062 693 1145 744 οὐκ
1180 693 1348 757 ἔσομαι
1385 696 1460 744 καὶ
1496 691 1634 746 αὐτὸς
1665 691 1756 756 ἐγὼ
1791 692 1914 742 καθὰ

280 786 301 812 Θ
319 772 395 821 καὶ
421 769 483 824 εἷς
511 772 567 840 ἐξ
591 773 734 835 ὑμῶν,
762 772 861 823 οὐδ’
890 771 949 823 ἂν
974 773 1173 836 λάβοιμι
1202 777 1443 842 πρόσωπον
1468 779 1561 825 τῶν
1585 772 1908 838 ἠσεβηκότων.

97 857 248 931 {plia
319 852 481 915 ὅμοιον
522 854 672 923 τούτῳ
718 856 792 905 καὶ
838 854 893 905 τὸ
939 854 1014 906 διὰ
1056 859 1216 923 φωνῆς
1260 863 1343 907 τοῦ
1384 857 1560 907 Δαυείδ
1599 856 1913 914 “Ὕ“πελαβες

319 940 347 963 “
373 935 570 996 ἀνομίαν
595 935 664 986 ὅτι
689 936 864 1000 ε”σομαί
885 959 965 987 σοι
994 937 1167 1000 ὅμοιος.
1207 937 1393 1006 ἐλέγξω
1418 961 1489 999 σε,
1513 940 1586 988 καὶ
1611 935 1913 1002 παραστήσω

319 1022 348 1044 “
374 1014 495 1065 κατὰ
537 1015 801 1083 πρόσωπόν
845 1041 938 1069 σου
981 1017 1065 1072 τὰς
1107 1020 1337 1085 ἁμαρτίας
1380 1018 1512 1071 σου.”
1587 1020 1641 1070 οὐ
1683 1017 1777 1084 γὰρ
1821 1015 1912 1068 οἶδε
1937 1032 1984 1058 10

318 1093 583 1161 πρόσωπον
635 1100 659 1149 ὁ
713 1099 904 1166 Κριτής·
980 1101 1090 1151 ἀλλ’
1145 1101 1276 1152 ἔστιν
1332 1100 1467 1166 εὐθὴς
1525 1101 1601 1151 καὶ
1655 1099 1914 1153 ἀδέκαστος

320 1181 383 1232 ὡς
423 1177 559 1231 Θεός.

258 1382 304 1407 10
322 1380 441 1423 Διὸτι
480 1381 546 1421 καὶ
586 1381 629 1422 ὲν
668 1380 761 1429 ὑμῖν
800 1384 1205 1428 συΓκλε-ῑισθήοοντοιι
1245 1384 1381 1440 Θύροιι,
1416 1383 1482 1424 καὶ
1522 1383 1596 1423 οὐκ
1635 1382 1825 1432 ἀνάψετε
1864 1379 1910 1421 τὸ

390 1464 691 1520 Θυοιοιστι-ἰριόν
726 1479 804 1513 μου
844 1465 1029 1521 δωρεάν.

103 1621 191 1655 828
208 1620 255 1654 Α·
286 1630 307 1654 a
399 1612 699 1681 Εὐαφόρμως
747 1612 941 1679 σφόδρα
993 1616 1074 1677 τῆς
1127 1615 1175 1664 ἐν
1220 1615 1419 1682 Χριστῷ
1462 1612 1699 1665 πολιτείας
1751 1614 1813 1666 ὡς
1864 1613 1912 1663 ἐν
1935 1628 1981 1666 15

322 1695 663 1761 προαγορεύσει
691 1694 802 1748 τέως
828 1696 1168 1763 προαναφαίνει
1199 1694 1253 1745 τὸ
1291 1694 1485 1748 κάλλος·
1527 1697 1588 1748 ὡς
1624 1693 1717 1759 γὰρ
1752 1697 1834 1757 τῆς
1865 1696 1913 1744 ἐν

324 1775 450 1845 νόμῳ
493 1781 631 1830 σκιᾶς
675 1775 793 1826 ὅσον
837 1776 1016 1827 οὐδέπω
1061 1775 1424 1840 πεπαυσομένης
1469 1778 1543 1826 καὶ
1589 1779 1671 1838 τῆς
1716 1775 1914 1841 ἀρχαίας

323 1859 495 1921 ἐκείνης
521 1858 788 1924 ἱερωσύνης,
817 1857 1094 1921 μελλόντων
1120 1881 1168 1908 τε
1194 1859 1553 1908 ἀναδείκνυσθαι
1582 1856 1700 1907 κατὰ
1727 1856 1912 1922 καιροὺς

323 1944 417 1990 τῶν
442 1942 525 2003 τῆς
553 1938 773 2003 ἀληθείας
801 1943 1066 2005 ἱερουργῶν,
1089 1938 1131 1989 οἳ
1159 1942 1233 1989 καὶ
1259 1942 1341 2002 τῆς
1368 1940 1416 1989 ἐν
1441 1938 1669 2002 πνεύματι
1695 1939 1912 2004 λατρείας

321 2020 510 2072 ἔσονται
537 2023 815 2087 λειτουργοὶ,
843 2020 1108 2086 ζητήσουσί
1138 2043 1185 2071 τε
1222 2023 1295 2071 καὶ
1332 2019 1463 2082 μάλα
1499 2024 1685 2086 γοργῶς
1720 2019 1803 2084 τὴν
1830 2025 1912 2071 τοῦ
1933 2043 1982 2068 20

323 2107 448 2155 Θεοῦ
484 2102 642 2171 δόξαν,
671 2101 1117 2169 συγκλεισθήσεσθαι
1156 2101 1239 2155 τὰς
1279 2101 1400 2168 θύρας
1440 2104 1591 2170 φησὶν
1625 2103 1693 2153 ἐπ’
1727 2101 1909 2164 αὐτοὺς,

104 2189 193 2219 Hiob

103 2233 146 2262 xii
176 2242 212 2273 14
323 2183 352 2248 ὴ
373 2186 563 2238 εὐωδίας
590 2186 672 2235 οὐκ
697 2184 921 2247 ἐσομένης
946 2189 1042 2238 τοῖς
1068 2183 1186 2235 κατὰ
1219 2184 1361 2246 νόμον
1383 2184 1711 2251 ἱερατεύουσιν·
1749 2190 1776 2212 “
1795 2182 1913 2233 Ἐὰν

279 2274 352 2316 b“
379 2267 472 2333 γὰρ
511 2268 679 2334 κλείσῃ
715 2265 833 2317 κατὰ
868 2266 1130 2332 ἀνθρώπου,
1168 2268 1337 2334 φησὶν,
1376 2267 1443 2319 τίς
1480 2265 1652 2333 ἀνοίξει
1672 2265 1710 2325 ;”
1752 2264 1911 2329 ἤγουν,

324 2351 408 2412 τῆς
445 2348 767 2414 ἀληθεστερας
805 2347 1158 2414 ἀναδειχθείσης
1197 2350 1389 2411 σκηνῆς,
1426 2347 1639 2398 τουτέστι
1677 2349 1759 2410 τῆς
1793 2346 1908 2396 Ἐκ-

326 2431 540 2494 κλησίας,
577 2431 659 2480 οὐκ
698 2428 1036 2480 εἰσελάσουσιν
1074 2431 1122 2479 ἐν
1159 2430 1277 2496 αὐτῇ
1323 2452 1442 2482 τινες
1480 2427 1566 2491 τὴν
1605 2426 1724 2478 κατὰ
1768 2427 1911 2489 νόμον
1932 2444 1979 2481 25

326 2512 584 2578 ἱερωσύνην
628 2517 872 2577 τηροῦντες
923 2511 1001 2573 ἔτι,
1046 2511 1354 2573 ε’κκλειόμενοι
1404 2509 1451 2561 δὲ
1497 2507 1661 2574 ὥσπερ
1710 2507 1786 2559 διὰ
1828 2511 1910 2572 τῆς

326 2595 561 2656 ἀπιστίας,
589 2593 680 2661 ἔξω
714 2615 763 2643 τε
797 2598 992 2655 μενοῦσι
1024 2594 1098 2642 καὶ
1134 2596 1229 2642 τῶν
1262 2592 1409 2656 ἁγίων
1440 2592 1527 2657 οὐχ
1561 2589 1784 2657 ἅψονται.
1840 2589 1910 2639 ὅτι

378 2758 407 2787 1,
428 2757 459 2780 2.
487 2747 560 2791 Οὐχ
579 2752 611 2780 et
628 2746 681 2780 καὶ
699 2745 798 2780 α’ίτιοι
815 2752 996 2790 assumpta
1013 2757 1054 2779 ex
1074 2745 1116 2779 B.
1381 2752 1414 2788 5¹.
1441 2742 1497 2788 τὸ]
1516 2743 1574 2777 τὸν
1591 2741 1683 2776 Edd.
1749 2740 1833 2784 ἡμᾶς
1850 2741 1910 2776 iid.

328 2793 529 2838 Utrumque
547 2793 694 2827 correxit
713 2793 847 2836 Migne.
1007 2792 1039 2825 6.
1068 2792 1133 2836 ἐγὼ
1151 2796 1374 2836 assumptum
1392 2802 1433 2824 ex
1453 2790 1495 2824 Β.
1653 2788 1685 2821 8.
1712 2787 1832 2822 τούτου
1849 2788 1909 2822 iid.

329 2840 453 2874 Statim
473 2841 525 2873 καὶ
543 2845 764 2884 assumptum
782 2851 824 2873 ex
844 2839 884 2872 B.
951 2839 1006 2872 διὰ
1024 2840 1137 2883 φωνῆς
1155 2850 1225 2872 om.
1244 2838 1287 2871 B.
1446 2847 1477 2880 9.
1504 2849 1546 2869 σε
1563 2840 1785 2878 assumptum
1804 2846 1845 2868 ex
1865 2834 1908 2868 B.

332 2898 384 2919 11.
410 2887 507 2921 εὐθὺς
526 2885 616 2920 Edd.
828 2893 881 2927 15.
908 2886 1104 2929 εὐάφορμον
1123 2885 1165 2918 Β.
1379 2891 1431 2927 17.
1457 2879 1671 2926 παυσαμένης
1690 2881 1732 2915 Β.
1783 2880 1909 2914 Statim

328 2933 380 2965 καὶ
398 2932 759 2975 τῆς-ἆναδείκνυσθαι
777 2943 846 2965 om.
868 2931 909 2965 B.
1088 2942 1142 2965 21.
1168 2931 1228 2967 τὰς
1247 2930 1289 2964 Β.
1308 2930 1343 2963 δέ
1362 2928 1453 2963 Edd.
1632 2926 1685 2961 26.
1712 2925 1906 2971 τηροῦντες]

327 2979 533 3021 πληροῦντες
552 2978 608 3012 lid.
675 2979 728 3012 διὰ
747 2977 820 3023 τῆς]
842 2977 881 3011 δι’
901 2977 960 3011 iid.
