2007 3366
75 2328 181 2378 Exq‹}.

72 2383 175 2403 xxxn.
191 2385 220 2412 4.

258 731 279 756 (3

295 181 324 218 4
691 180 740 219 B.
785 179 1058 220 CYRILLI
1097 171 1478 222 ALEXAND'R.
1720 179 1745 218 i.
1773 191 1808 226 2,
1833 191 1870 232 3.

295 292 415 352 μεθα
452 288 545 355 γὰρ
582 289 667 356 οὐχ
707 291 768 342 ὡς
798 291 846 339 ἐκ
883 286 1076 353 πατρὸς,
1106 290 1214 339 ἀλλ’
1245 293 1305 344 ὡς
1340 292 1388 342 ἐκ
1422 291 1568 342 τόπου
1605 294 1793 351 μᾶλλον
1819 286 1872 336 τὸ

295 374 577 422 Ἐλκεσ-αίου.
639 373 713 421 καὶ
745 370 882 421 τοῦτό
909 376 1064 438 φαμεν
1089 371 1144 439 ἐξ
1167 372 1553 437 ἀναγνωσμάτων
1580 372 1762 439 ἔχοντες
1789 369 1873 433 τὴν

295 453 575 520 παράδοσιν.

258 641 407 683 zoe&
445 640 636 698 ζΗλωτέιε
676 639 743 679 καὶ
776 638 956 680 ἐκδικῶν
997 638 1156 695 Κύριος,
1183 639 1364 681 ἐκδικῶν
1402 639 1550 697 Κύριος
1588 640 1692 689 μετὰ
1733 642 1873 689 θυμοῦ,

256 816 277 851 3
363 807 460 847 τοὺς
491 806 665 862 ἐχθροὺς
697 807 836 847 αὐτοῦ.
899 806 1045 863 Κύριος
1082 808 1355 863 μακρόθυ,ιιοο
1395 806 1462 847 καί
1500 809 1659 855 nef-(mm
1699 808 1721 848 ἡ
1761 805 1873 862 ἰσχὺς

364 891 507 941 αὐτοῦ,
535 890 603 930 καὶ
629 890 784 944 αθῳὼν
810 890 885 930 οὐκ
912 890 1123 945 ἀθῳώοει.

370 997 526 1052 Βαθὺς
566 999 590 1049 ὁ
630 996 789 1064 λόγος,
825 1001 899 1050 καὶ
939 1001 1025 1067 οὐχ
1063 1000 1243 1064 ἕτοιμος
1282 1002 1416 1062 ἑλεῖν,
1447 999 1577 1063 πλὴν
1615 999 1685 1051 ὅτι
1720 998 1876 1062 μόνοις

293 1085 389 1134 τοῖς
426 1080 641 1132 ἐθέλουσι
679 1086 942 1148 περιαθρεῖν
976 1084 1024 1133 εὖ
1057 1081 1189 1146 μάλα
1221 1082 1279 1133 τὰ
1315 1085 1363 1133 ἐν
1398 1084 1539 1152 αὐτῷ.
1607 1086 1683 1132 καὶ
1718 1086 1754 1132 εὶ
1791 1081 1877 1146 μὲν

294 1168 446 1214 νοοῖτο
476 1163 680 1229 γεγονὼς
707 1167 768 1217 ὡς
793 1163 911 1231 πρός
938 1188 990 1230 γε
1017 1164 1124 1219 τοὺς
1147 1166 1412 1228 Ἰουδαίους,
1439 1164 1686 1234 ἐπιπλήξει
1713 1163 1876 1233 μετρίᾳ

294 1246 636 1312 κεκερασμένην
679 1249 887 1302 ἐπιεικῶς
931 1248 1192 1313 εὑρήσομεν
1237 1247 1322 1311 τὴν
1362 1248 1680 1314 παράκλησιν.
1747 1251 1784 1297 εὶ
1827 1246 1875 1297 δὲ

294 1328 350 1392 δή
381 1352 450 1382 τις
490 1329 630 1380 οἴοιτο
656 1329 774 1380 κατὰ
812 1333 895 1394 τῆς
922 1331 1082 1381 Νινευ’ὶ’
1119 1330 1338 1396 γενέσθαι
1378 1333 1452 1381 καὶ
1491 1330 1732 1395 λέγεσθαι,
1759 1328 1878 1396 πρὸς

249 1415 276 1455 d
295 1409 450 1477 ἕτερόν
475 1435 519 1462 τι
543 1411 823 1480 τετράψεται
841 1417 933 1463 τῶν
954 1413 1264 1480 θεωρημάτων
1291 1414 1315 1464 ὁ
1343 1419 1461 1475 νοῦς,
1483 1415 1557 1463 καὶ
1581 1417 1676 1467 τοῖς
1696 1436 1874 1464 πεπον-

295 1492 404 1545 θόσι
442 1492 527 1558 τὴν
566 1493 746 1562 δῄωσιν
784 1502 865 1547 τοῦ
909 1499 983 1547 καὶ
1023 1497 1149 1549 αὖθις
1193 1498 1471 1563 ἀνασφῆλαι
1513 1495 1682 1546 δίδωσί
1715 1518 1764 1546 τε
1803 1497 1877 1546 καὶ

295 1578 488 1640 ἐμπεδοῖ
507 1576 590 1631 τὰς
617 1579 826 1632 ἐλπίδας.
869 1582 951 1642 τῆς
979 1580 1059 1629 οὖν
1086 1580 1154 1630 ἐπ’
1185 1581 1361 1647 ἀμφοῖν
1387 1579 1561 1633 ἐννοίας
1586 1576 1667 1629 τὸν
1693 1575 1878 1629 σκοπὸν

295 1661 358 1712 ὡς
381 1658 445 1709 ε”νι
470 1661 655 1726 ἐμφανῆ
683 1660 1059 1725 καταστήσομεν.
1115 1662 1519 1714 ἀπολακτίσαντες
1546 1660 1638 1727 γὰρ
1663 1662 1877 1711 Ἰουδαῖοι

294 1741 379 1806 τὴν
405 1745 467 1795 εἷς
493 1740 617 1792 Θεὸν
645 1742 900 1808 ἀγάπησιν,
927 1746 1000 1794 καὶ
1028 1747 1109 1807 τῆς
1136 1748 1196 1797 εἰς
1228 1743 1368 1794 αὐτὸν
1395 1745 1632 1804 εὐσεβείας
1666 1742 1719 1794 τὸ
1755 1742 1871 1808 γνή-

295 1847 403 1875 σιον
441 1826 495 1875 δι’
535 1824 717 1878 οὐδενὸς
755 1830 999 1879 παντελῶς
1037 1827 1301 1888 ποιούμενοι
1339 1827 1502 1891 λόγου,
1529 1826 1780 1891 κατέθορον
1815 1829 1877 1879 εἷς

294 1907 550 1958 πολυθεΐαν
576 1910 651 1958 καὶ
683 1907 945 1959 ἀλλόκοτον
970 1908 1211 1973 πλάνησιν
1238 1911 1313 1959 καὶ
1343 1907 1429 1972 τὴν
1455 1908 1545 1976 ἔξω
1574 1908 1716 1970 νόμου
1744 1906 1875 1973 ζωὴν,

296 1990 592 2053 ἀνεδείμαντό
633 2013 681 2042 τε
722 1990 929 2054 βωμοὺς,
974 1991 1186 2055 ε”στησαν
1232 1991 1395 2055 τεμένη
1436 1996 1531 2044 τοῖς
1583 1992 1732 2056 ἔργοις
1783 1995 1877 2042 τῶν

258 2092 279 2118 e
298 2073 423 2124 ἰδίων
448 2077 628 2140 χειρῶν,
655 2072 844 2127 τελετὰς
871 2076 944 2124 καὶ
971 2074 1135 2127 θυσίας
1162 2077 1423 2139 προσῆγον,
1450 2078 1507 2141 τῇ
1525 2073 1785 2141 Ἀστάρτῃ,
1811 2077 1877 2143 τῷ

297 2159 490 2219 Χαμῶς,
522 2159 587 2225 τῷ
614 2155 911 2222 Βεελφεγὼρ,
939 2161 1038 2210 ταῖς
1075 2156 1309 2219 δαμάλεσι
1339 2161 1438 2210 ταῖς
1473 2161 1685 2223 χρυσαῖς,
1713 2158 1787 2206 καὶ
1821 2156 1875 2207 τὸ

296 2238 362 2289 ε”τι
399 2237 577 2289 τούτων
615 2238 925 2304 ἀλογώτερον,
964 2240 1122 2293 αὑταῖς
1166 2240 1394 2289 ἀνέθεσαν
1434 2239 1554 2308 ᾠδὰς
1589 2237 1671 2291 τὰς
1705 2261 1875 2305 χαρισ-

297 2321 495 2386 τηρίους.
555 2321 768 2389 ἔφασκον
806 2320 898 2387 γὰρ
943 2322 1000 2390 ἐξ
1031 2321 1332 2390 ἀποπληξίας
1371 2324 1411 2371 οἱ
1451 2320 1642 2371 δείλαιοι
1680 2328 1706 2350 “
1727 2320 1875 2371 Οὗτοι

299 2410 324 2432 “
351 2406 392 2453 οἱ
437 2403 537 2454 θεοί
573 2426 665 2454 σου
705 2402 921 2469 Ἰσραὴλ,
967 2404 1128 2458 οἵτινες
1172 2403 1411 2470 ἀνήγαγον
1452 2426 1510 2454 σε
1555 2404 1604 2453 ἐκ
1648 2406 1734 2468 γῆς
1781 2408 1870 2454 Αἱ-

348 2543 376 2565 1.
401 2533 438 2565 τὸ
460 2532 538 2566 B.b.
557 2535 616 2566 τοῦ
637 2533 681 2566 D.
702 2532 792 2566 Edd.
992 2543 1022 2566 2.
1049 2532 1318 2577 ἀναγνωσμάτων
1337 2530 1468 2565 B.D.b.
1486 2529 1767 2576 (ἰναγνωσκόντων
1785 2532 1873 2579 (Sic)

298 2577 400 2612 Pont.
418 2579 712 2624 ἀναγινωσκόντων
729 2579 821 2613 Aul).
1179 2593 1211 2621 4.
1239 2580 1291 2613 καὶ
1309 2578 1405 2612 deest
1422 2578 1458 2611 in
1477 2577 1522 2611 D.
1588 2577 1655 2611 ε’κδ.
1676 2578 1797 2621 Κύριος
1813 2581 1872 2614 alt.

296 2636 366 2658 om.
389 2625 428 2658 B.
449 2627 484 2667 (N
502 2627 619 2669 Alex.)
886 2637 918 2669 5.
946 2626 1082 2659 ἐκδικῶν
1101 2626 1222 2670 Κύριος
1240 2638 1307 2659 om.
1330 2625 1373 2658 D.
1637 2633 1668 2667 7.
1694 2625 1811 2672 ἀθῳῶν
1832 2627 1871 2661 Β.

296 2671 407 2716 ἀθῷον
427 2672 471 2705 l).
494 2673 583 2707 Edd.
603 2673 700 2717 (Vat.
719 2672 754 2718 N)
773 2673 881 2707 ἀθοων
899 2674 1014 2715 (Alex.
1036 2673 1120 2713 xll,
1139 2689 1164 2707 ω
1183 2671 1444 2717 suprascripto.)
1679 2672 1711 2705 8.
1739 2673 1870 2719 μόνοις]

295 2719 398 2761 μόνον
416 2718 506 2752 Edd.
794 2732 844 2754 10.
870 2735 909 2765 γε
925 2730 1145 2764 assumptum
1165 2733 1204 2754 ex
1226 2719 1317 2753 B.D.
1599 2728 1652 2751 12.
1679 2717 1718 2761 δι’]
1737 2731 1805 2753 om.
1827 2720 1872 2755 D.

301 2776 354 2806 14.
373 2764 499 2808 δῄωσιν
519 2766 563 2799 D.
582 2766 732 2810 δήλωσιν
751 2767 792 2801 Β.
810 2768 940 2802 ἅλωσιν
958 2767 1048 2801 Edd.
1099 2782 1134 2800 τε
1152 2779 1220 2801 om.
1242 2766 1286 2800 D.
1531 2773 1583 2807 15.
1610 2763 1684 2809 τῆς]
1704 2766 1762 2800 τὰς·
1781 2766 1871 2802 Edd.

298 2812 351 2844 καὶ
368 2813 426 2855 τῆς
444 2824 505 2855 pro
523 2815 579 2856 τῆς
597 2813 654 2847 οὖν
675 2814 718 2848 D.
1017 2814 1068 2847 16.
1096 2815 1138 2849 ὡς
1156 2815 1202 2847 ἕνι
1223 2813 1263 2846 Β.
1282 2812 1325 2847 ὡς
1341 2810 1380 2844 ἂν
1399 2809 1489 2844 Edd.
1508 2810 1682 2844 Neutrum
1702 2811 1806 2846 habet
1824 2814 1870 2848 D.

297 2857 563 2902 καταστήσωμεν
582 2860 670 2894 Edd.
690 2861 807 2895 invitis
828 2860 920 2894 B.D.
970 2862 1000 2894 οἶ
1019 2873 1080 2905 pro
1097 2862 1163 2905 γὰρ
1182 2860 1226 2893 D.
1360 2867 1412 2901 17.
1438 2858 1476 2890 τὸ
1493 2856 1633 2901 γνήσιον
1650 2866 1871 2903 assumptum

296 2916 337 2938 ex
359 2904 404 2939 D.
455 2905 580 2940 Statim
603 2907 642 2941 δι’
661 2908 732 2941 οὐδ.
751 2922 848 2942 παντ.
867 2922 903 2941 π.
921 2909 1029 2952 λόγου
1049 2907 1101 2953 [π.
1116 2910 1150 2941 λ.
1165 2920 1261 2941 παντ.
1275 2903 1383 2950 Edd.]
1408 2904 1450 2937 D.
1466 2903 1557 2937 Edd.
1576 2903 1695 2938 οὐδένα
1711 2919 1747 2939 π.
1766 2907 1871 2950 λόγον

296 2965 393 2985 παντ.
414 2951 455 2985 Β.
712 2966 763 2999 19.
784 2955 835 2988 καὶ
854 2953 968 3000 prius]
989 2959 1024 2994 4-
1043 2955 1089 2990 εἷς
1107 2955 1153 2988 D.
1389 2961 1444 2984 20.
1470 2965 1506 2983 re
1523 2957 1744 2996 assumptum
1763 2964 1803 2986 ex
1823 2953 1869 2988 D·

295 2997 484 3042 ἐστήσαντο
503 2999 548 3034 D·
739 3012 793 3046 23.
812 3001 942 3037 τούτοις
962 3002 1006 3036 D.
1198 3009 1250 3042 25.
1269 2997 1409 3043 Ἰσραὴλ
1427 3008 1495 3032 om.
1514 2997 1558 3032 D.

364 724 544 764 ἐκδικῶν
588 723 733 779 Κύριος
776 722 873 763 τοὺς
915 723 1191 765 ὑπεναντίους
1231 724 1370 774 αὐτοῦ,
1409 723 1476 763 καὶ
1517 723 1701 779 ἐξαίρων
1745 722 1916 776 αὐτόε5

1900 1192 1947 1216 10

1898 2017 1946 2041 20

1896 2425 1943 2463 25
