2007 3366
317 170 372 210 70
710 172 758 212 B.
797 170 1075 212 CYRILLI
1119 170 1499 211 ALEXANDR.
1742 169 1766 209 i.
1794 178 1887 217 1‚2.

315 287 434 334 θεικε
460 284 535 334 καὶ
560 283 691 346 μάλα
711 287 882 351 σαφῶς
908 283 983 332 καὶ
1009 282 1150 345 αὐτῆς
1173 285 1254 345 τῆς
1276 286 1563 342 Βαβυλῶνος
1587 280 1671 344 τὴν
1691 278 1890 342 ἅλωσιν,

315 367 390 415 καὶ
424 370 519 416 τῶν
552 364 854 417 πεπονθότων
891 363 977 428 τὴν
1014 363 1228 428 ἀσυνήθη
1266 364 1479 415 δουλείαν
1508 363 1593 428 τὴν
1623 362 1697 413 διὰ
1733 362 1892 429 Κύρου

268 457 295 497 (1
316 446 434 498 κατὰ
460 447 643 513 καιροὺς
666 446 971 512 ε’κλύτρωσιν.
1025 444 1119 497 ἀπὸ
1144 446 1199 496 δέ
1217 468 1270 512 γε
1294 449 1374 509 τῆς
1400 449 1586 512 μερικῆς
1611 445 1892 511 λυτρώσεως

314 530 518 593 μέτεισιν
544 530 569 580 ὁ
594 527 739 595 λόγος
773 529 953 596 εὐφυῶς
984 529 1058 579 ἐπὶ
1095 526 1180 591 τὴν
1217 527 1422 580 καθόλου
1460 531 1534 579 καὶ
1566 528 1889 594 γενικωτάτην,

313 612 541 674 τουτέστι,
585 610 670 675 τὴν
720 609 796 660 δια
845 614 1059 677 Χριστοῦ
1107 610 1418 675 γεγενημένην
1470 609 1620 662 ἅπασι
1669 615 1765 664 τοῖς
1813 609 1889 660 διὰ
1907 624 1930 663 5

311 695 515 748 πίστεως
551 691 982 758 ἐκλελυτρωμένοις,
1009 694 1084 743 καὶ
1114 691 1197 743 τὸν
1227 695 1309 756 τῆς
1344 694 1569 757 ἁμαρτίας
1600 691 1739 759 ζυγὸν
1772 694 1888 744 ἀπο-

310 777 578 840 τιθεμένοις,
609 777 684 826 καὶ
715 775 882 840 πικρὸν
916 777 990 826 καὶ
1028 774 1259 840 ἀνήμερον
1296 776 1600 843 ἁποφυγοῦσι
1638 773 1888 840 δεσπότην,

310 858 392 910 τὸν
431 863 660 909 σατανᾶν.
728 858 844 926 ε”χεις
883 858 932 908 ἐν
961 857 1139 912 τούτοις
1176 861 1258 921 τῆς
1299 858 1414 922 ὅλης
1458 858 1566 922 ἡμῖν
1603 860 1889 926 προφητείας

310 944 371 995 ὡς
395 943 444 992 ἐν
468 940 674 1009 βραχέσι
706 941 1065 1006 συνειλεγμένον
1103 939 1185 991 τὸν
1223 939 1423 992 σκοπόν·
1490 942 1680 1006 ἐροῦμεν
1706 940 1770 1004 δὲ,
1799 940 1887 992 ἀνὰ

308 1024 446 1091 με’ρος
472 1023 650 1075 ἕκαστα
675 1021 1076 1085 διαλαμβάνοντες
1103 1025 1164 1077 ὡς
1190 1023 1267 1075 ἔνι.
1911 1042 1957 1067 10

268 1144 289 1170 C

87 1253 188 1302 Κεφ.
207 1248 256 1290 α’.
604 1232 664 1275 Τὸ
691 1237 832 1281 λῆμμα
859 1232 881 1274 ὃ
909 1227 1019 1273 εἶδεν
1040 1232 1286 1282 Ἀμβακοὺμ
1313 1233 1335 1275 ὁ
1361 1233 1606 1289 ΠροφήτΗε.

382 1343 561 1412 Λῆμμοί
610 1349 759 1411 φησιν
811 1345 857 1394 ἐν
907 1342 1086 1396 τούτοις
1127 1341 1213 1406 τὴν
1254 1346 1336 1407 τῆς
1387 1342 1609 1407 ὁράσεως,
1659 1343 1760 1407 ἤτοι
1804 1346 1887 1407 τῆς

309 1427 627 1493 προγνώσεως
659 1430 825 1495 λῆψιν,
863 1424 920 1489 ἣν
961 1426 1018 1475 ἄν
1056 1449 1125 1478 τις
1164 1426 1280 1487 ἕλοι,
1317 1426 1521 1479 διδόντος
1563 1429 1702 1476 Θεοῦ·
1749 1427 1887 1481 αὐτὸς

84 1532 241 1564 Hos.xii.
309 1508 402 1575 γὰρ
442 1507 630 1575 ὁράσεις
668 1508 785 1559 κατὰ
823 1507 876 1559 τὸ
910 1507 1232 1574 γεγραμμένον
1262 1507 1507 1572 ἐπλήθυνε,
1535 1531 1609 1559 και
1643 1508 1781 1563 αὐτὸς
1808 1516 1883 1560 λε-

88 1586 494 1655 10’λοὶληκε
521 1614 640 1657 προς
665 1590 926 1658 προφήτας,
947 1591 1312 1659 προαναφαίνων
1338 1592 1491 1644 αὐτοῖς
1517 1590 1592 1641 δια
1618 1597 1700 1642 τοῦ
1718 1591 1885 1655 Αγιου
1908 1616 1953 1654 15

87 1694 168 1728 519
190 1692 239 1726 A.
270 1702 292 1726 a
313 1674 586 1736 Πνεύματος
622 1672 681 1724 τὰ
719 1673 931 1735 εσόμενα,
959 1696 1032 1723 και
1072 1675 1133 1727 ὡς
1171 1673 1259 1737 ἠδη
1296 1673 1507 1739 παρόντα
1537 1696 1785 1740 μονονουχι
1811 1675 1886 1724 καὶ

86 1771 180 1820 Εἰς-τ
310 1758 357 1807 ἐν
388 1756 498 1825 ὄψει
534 1758 685 1810 τιθεις.
729 1755 798 1806 ὅτι
833 1754 880 1806 δε
915 1756 968 1806 οὑ
1001 1753 1061 1805 τὰ
1095 1755 1188 1806 ἀπὸ
1219 1759 1301 1819 τῆς
1339 1760 1482 1824 σφῶν
1509 1758 1697 1822 καρδίας
1720 1761 1887 1806 λαλεῖν

86 1811 238 1847 xx1n.16.
308 1839 555 1905 ἐγνώκασι,
599 1837 992 1903 διαπορθμεύουσι
1030 1837 1078 1888 δὲ
1118 1842 1309 1901 μᾶλλον
1351 1842 1411 1892 εἰς
1455 1838 1573 1902 ἡμᾶς
1613 1836 1719 1892 τοὺς
1757 1837 1888 1904 παρὰ

310 1926 434 1972 Θεοῦ
469 1919 655 1987 λόγους,
691 1922 1015 1985 προαναπείθει
1050 1924 1234 1987 σαφῶς,
1273 1919 1536 1989 Προφήτην
1574 1920 1736 1971 ἑαυτὸν
1774 1922 1879 1972 ὀνο-

307 2003 467 2067 μάσας
491 2005 566 2054 καὶ
592 2006 673 2067 τῆς
699 2006 760 2056 εἰς
785 2008 922 2054 τοῦτο
947 2001 1136 2070 χάριτος
1164 2004 1440 2072 ἀποφαίνων
1466 2003 1667 2066 ε”μπλεω.
1903 2030 1953 2055 20

267 2210 418 2254 2Ἕωε
444 2211 570 2261 τίνος,
591 2209 724 2266 Κύριε,
753 2211 1023 2266 κεκράξομαι,
1052 2210 1119 2251 καὶ
1146 2210 1221 2251 οὐκ
1247 2208 1503 2268 εἰσακούσῌ;
1541 2210 1749 2259 βοήσομαι
1775 2212 1881 2267 Πρὸς

375 2296 421 2336 σὲ
448 2296 742 2345 ἀδικούμενος,
771 2294 838 2335 καὶ
865 2295 912 2335 οὐ
941 2294 1121 2346 σώοειε;

260 2417 286 2458 b
364 2409 626 2474 Σκήπτεται
652 2408 736 2472 μὲν
761 2410 786 2459 ὁ
808 2408 1065 2477 Προφήτης
1093 2408 1146 2460 τὸ
1172 2414 1255 2460 τοῦ
1280 2407 1700 2471 πλεονεκτουμένου
1724 2407 1878 2474 πρόσ-

355 2577 384 2600 ῐ.
404 2566 456 2599 καὶ
473 2566 564 2608 μάλα
583 2566 705 2610 σαφῶς
721 2572 901 2610 assumpta
917 2578 957 2600 ex
977 2566 1024 2600 D.
1075 2568 1133 2610 τῆς
1150 2565 1246 2601 deest
1263 2566 1298 2600 in
1316 2564 1407 2600 Edd.
1551 2575 1582 2598 2.
1602 2564 1727 2608 συνήθη
1741 2566 1819 2610 (sic)
1834 2566 1880 2601 D.

304 2612 476 2658 δουλείαν]
500 2618 537 2653 «Ι-
559 2614 611 2646 καὶ
632 2613 673 2647 B.
842 2624 875 2657 3.
900 2627 939 2658 γε
957 2625 1027 2647 om.
1048 2614 1094 2648 D.
1108 2614 1142 2648 b.
1305 2625 1338 2654 4.
1363 2612 1497 2657 εὐφυῶς
1513 2612 1657 2645 accessit
1674 2624 1714 2646 ex
1736 2612 1829 2647 B.D.
1844 2613 1880 2649 b.

305 2669 338 2704 5.
365 2661 450 2693 πᾶσι
470 2660 516 2693 Ι).
660 2659 693 2694 6.
718 2659 935 2702 ἀποθεμένοις
953 2662 1051 2705 ζυγὸν
1070 2661 1115 2695 D.
1268 2660 1299 2693 8.
1327 2658 1403 2702 ἡμῖν
1419 2670 1488 2693 om.
1508 2658 1554 2693 D.
1697 2671 1730 2703 9.
1756 2661 1880 2704 βράχει

305 2706 568 2749 συνειλημμένον
586 2707 633 2741 D.
835 2718 885 2740 10.
912 2708 1196 2750 διαλαμβάνοντες
1212 2706 1336 2740 ἕκαστα
1356 2705 1401 2739 D.
1605 2716 1617 2739 1
1629 2716 1657 2739 1.
1683 2704 1880 2750 ’Λββακούμ

305 2765 440 2796 semper
460 2753 504 2787 l).
721 2764 773 2788 12.
803 2753 892 2799 ἤτοι]
917 2758 952 2794 -f-
974 2755 1033 2797 τὴν
1052 2754 1142 2788 Edd.
1160 2753 1268 2788 invito
1287 2753 1333 2786 D.
1557 2762 1610 2796 13.
1635 2752 1877 2799 προγνώσεως]

303 2800 511 2842 προφητείας
530 2800 574 2833 D.
634 2799 709 2834 ἕλοι
728 2800 770 2835 Β.
789 2800 881 2834 Edd.
898 2801 1012 2834 ἕλοιτο
1032 2801 1076 2834 D.
1092 2801 1126 2836 b.
1356 2809 1408 2841 14.
1435 2797 1553 2841 ἐπλῆθ.
1573 2805 1652 2832 ante
1670 2800 1751 2832 κατὰ
1768 2806 1810 2833 tr.
1831 2800 1878 2834 D.

308 2855 360 2889 15.
379 2845 479 2890 πρὸς]
503 2850 539 2886 -†-
560 2846 636 2882 τοὺς
654 2847 687 2882 b.
834 2848 886 2881 16.
904 2862 1083 2892 μονονουχι
1100 2860 1169 2881 om.
1190 2847 1236 2881 D.
1382 2854 1433 2889 17.
1453 2847 1554 2890 σφῶν
1571 2843 1722 2890 καρδίας]
1742 2847 1879 2889 καρδίας

304 2892 405 2925 αυτοῦ
424 2892 515 2925 Edd.
614 2894 665 2928 18.
691 2895 826 2940 ἔγνωκε,
844 2894 1106 2939 διαπορθμεύσει
1123 2893 1182 2928 iid.
1291 2902 1345 2926 20.
1365 2893 1382 2925 ἕ
1382 2894 1520 2935 μπλεων
1536 2891 1593 2925 iid.
1702 2903 1757 2925 21.
1776 2892 1878 2936 Κύριε

303 2950 374 2973 om.
394 2938 440 2971 D.
460 2938 519 2972 sed
537 2939 823 2976 cf.infra.01’1x
850 2941 896 2976 D.
922 2941 966 2976 cf.
992 2942 1081 2976 infra
1105 2948 1138 2975 et
1162 2941 1198 2975 in
1224 2939 1284 2974 Es.
1309 2949 1353 2985 95
1378 2951 1407 2973 a.
1427 2939 1466 2974 οὐ
1483 2939 1527 2983 μὴ
1546 2937 1637 2973 Edd.
1656 2938 1719 2982 (A.
1730 2938 1773 2973 V.
1792 2939 1877 2984 διο.)

306 2995 361 3030 23.
387 2984 565 3020 Σκέπτεται
585 2986 677 3022 Edd.
