1997 3361
84 175 125 214 ii.
148 187 184 224 2,
208 188 246 229 3.
541 176 613 215 IN
661 176 929 216 NAHUM.
993 175 1140 215 ToM.
1178 175 1211 214 Ι.
1609 173 1662 212 37

84 287 218 347 θῆτα,
246 285 663 352 δεδυσφημηκότος
690 285 826 346 τινος,
854 287 975 335 οὕτω
1012 287 1086 334 καὶ
1125 283 1179 334 τὸ
1219 284 1431 351 ἐμιρυσᾶν
1471 287 1529 335 εἰς
1565 282 1665 349 πρό-

85 391 229 417 σωπον
260 371 353 416 τῶν
387 367 758 434 ἠρῤωστηκότων
785 369 890 418 καθ’
920 369 1160 417 ὁντιναοῦν
1186 365 1377 431 τρόπον.
1446 364 1590 428 ε”δρων
1617 362 1664 413 δὲ

85 454 223 499 τοῦτο
257 447 491 511 μάλιστα,
534 451 609 500 καὶ
645 450 768 515 ἄγαν
808 450 1029 511 ἐκτόπως,
1070 452 1111 499 οἱ
1154 446 1417 513 ἀφορκίζειν
1455 445 1665 498 εἰωθότες

87 532 161 580 καὶ
196 530 454 597 περιέργοις
488 533 704 600 ἐπῳδαῖς,
734 532 1009 594 πνευμάτων
1039 554 1088 582 τε
1128 533 1202 581 καὶ
1238 529 1528 593 ἀλγημάτων
1559 526 1666 579 τοὺς

45 631 67 669 5
87 612 346 675 κάμνοντας
381 614 702 665 ἀπαλλάττειν
735 614 1145 680 προσποιούμενοι.
1214 613 1393 678 δέχεται
1428 611 1583 662 τοίνυν
1617 611 1666 659 ἐκ

87 697 169 758 τῆς
201 696 310 760 παρ’
340 697 494 750 αὐτοῖς
529 698 777 760 συνηθείας
804 695 857 746 τὸ
881 695 1192 761 παράδειγμα,
1225 697 1303 744 καί
1332 698 1484 761 φησιν
1511 692 1664 751 Ἀνέβη
1684 701 1711 741 d

88 777 294 844 ἐμφυσῶν
341 783 399 832 εἰς
445 777 678 849 πρόσωπόν
722 797 813 829 σου·
872 782 1027 844 Κῦρος
1071 777 1118 828 δὲ
1163 776 1392 837 δηλονότι·
1434 779 1509 826 καὶ
1548 776 1667 843 ἐξαι-

89 858 287 927 ρούμενός
325 883 382 910 σε
422 861 473 912 ἐκ
514 859 732 929 θλιψεως.
803 865 940 910 τοῦτο
985 859 1078 925 γὰρ
1118 860 1348 910 δυ’νασθαι
1392 861 1666 923 κατορθοῦν,

89 943 151 995 ὡς
177 942 307 1009 ε”φην,
333 941 704 1008 προσεποιοῦντό
729 965 861 1004 τινες,
888 944 1192 1010 ἐμφυσῶντες
1218 942 1400 1006 ἑτέροις.

23 1051 70 1075 10
163 1023 326 1091 Σοφὸν
352 1024 399 1075 δὲ
426 1027 499 1075 καὶ
533 1024 706 1088 ἀληθὲς
732 1028 886 1086 εἰπεῖν,
915 1023 986 1074 ὅτι
1021 1026 1097 1074 καὶ
1128 1022 1182 1074 τὸ
1220 1029 1302 1073 τοῦ
1339 1021 1565 1083 διαβόλου
1595 1024 1670 1072 καὶ

89 1106 142 1156 τὸ
177 1109 260 1169 τῆς
295 1108 401 1157 καθ’
430 1107 562 1170 ἡμῶν
596 1106 918 1172 τυραννούσης
951 1106 1179 1172 ἁμαρτίας
1213 1104 1534 1155 συνέσταλται
1560 1102 1671 1169 κρά-

88 1211 181 1251 τος,
209 1190 283 1238 καὶ
317 1188 419 1252 ἥλω
454 1187 537 1252 μὲν
563 1186 727 1254 ὥσπερ
758 1189 783 1239 ὁ
813 1188 1026 1250 θάνατος,
1054 1188 1220 1261 ἑξῇρτοιι
1260 1187 1307 1237 δὲ
1345 1188 1418 1236 καὶ
1454 1190 1515 1238 εἷς
1547 1184 1673 1236 ἅπαν

88 1270 117 1333 ἡ
153 1268 324 1339 φθορά.
387 1270 638 1332 ἀναβέβηκε
677 1270 770 1337 γὰρ
810 1271 868 1340 ἐξ
902 1269 1015 1339 ᾅδου
1049 1273 1125 1321 καὶ
1164 1270 1334 1329 ἀνεβίω
1378 1267 1607 1334 Χριστὸς,
1649 1268 1713 1317 όο

90 1351 298 1421 ἐμφυσῶν
341 1358 400 1408 εἰς
447 1353 677 1422 πρόσωπον
725 1358 819 1403 τῶν
871 1353 1018 1418 ἁγίων
1063 1352 1352 1403 ἀποστόλων
1396 1352 1471 1401 καὶ
1521 1350 1676 1415 λε’γων

24 1455 70 1494 15
91 1441 117 1463 ‘⁶
145 1434 329 1496 Λάβετε
358 1439 554 1498 Πνεῦμα
571 1435 788 1501 “Αγιον.”
852 1434 1204 1501 ἀπηλλάγμεθα
1229 1433 1321 1500 γὰρ
1354 1433 1474 1484 οὕτω
1498 1431 1675 1485 παντὸς

90 1523 247 1579 κακοῦ,
275 1520 350 1568 καὶ
383 1517 570 1585 μέτοχοι
606 1517 851 1584 γεγονότες
888 1523 972 1568 τοῦ
1005 1517 1171 1582 ‘Ayt'ov
1206 1515 1492 1578 Πνεύματος,
1529 1517 1590 1568 εἰς
1621 1514 1675 1565 τὸ

90 1602 284 1668 ἀρχαῖον
309 1603 391 1664 τῆς
423 1600 613 1669 φύσεως
640 1600 1087 1668 ἀναστοιχειούμεθα
1113 1598 1306 1661 κάλλος,
1333 1599 1409 1649 καὶ
1435 1602 1495 1651 εὶς
1522 1594 1675 1648 εἰκόνα

90 1682 175 1746 τὴν
215 1683 406 1748 πρώτην
449 1687 623 1748 νοητῶς
660 1682 1123 1751 μεταχαραττόμεθα.
1190 1686 1453 1749 μορφοῦται
1494 1678 1585 1745 γὰρ
1627 1681 1675 1730 ἐν

92 1765 200 1829 ἡμῖν
226 1763 301 1816 διὰ
326 1770 407 1816 τοῦ
437 1764 710 1829 Πνεύματος
739 1767 763 1816 ὁ
794 1765 966 1832 Κύριος
992 1766 1124 1829 ἡμῶν
1149 1763 1336 1829 Ἰησοῦς
1360 1764 1385 1814 ὁ
1410 1760 1640 1829 Χριστός.

1735 1446 1767 1476 S.
1785 1446 1883 1478 Joan.

1736 1500 1790 1521 xx.
1810 1500 1860 1522 22.

27 1989 75 2014 20
94 1969 339 2011 ΣκόΠευσον
364 1969 478 2022 ὁδὸν,
506 1970 717 2026 κράτΗσον
749 1970 923 2026 ὀσφύος,
950 1969 1145 2026 ἅνδρισαι
1175 1972 1226 2025 τῷ
1259 1966 1365 2023 ἰσχύι
1390 1982 1464 2009 σου
1491 1966 1672 2023 σφόδρα,
1692 1982 1713 2006 a
1741 1973 1829 2010 497
1847 1973 1896 2008 A.

162 2052 269 2094 διότι
312 2052 557 2110 ἀπέστρεψε
603 2053 752 2110 Κύριος
793 2053 870 2095 τήν
913 2055 1028 2110 ὕβριν
1062 2052 1219 2102 Ἰακὼβ
1260 2051 1401 2092 Καθὼς
1444 2053 1560 2107 ὕβριν
1602 2053 1715 2095 τοῦ3

155 2136 341 2192 Ἰσραήλ.

167 2234 251 2285 “Ως
279 2232 444 2284 αὐτίκα
470 2233 527 2296 δὴ
553 2232 686 2296 μάλα
709 2234 1029 2297 βαδιουμένοις
1056 2237 1119 2287 εἷς
1145 2231 1230 2296 τὴν
1254 2232 1498 2292 Ἰουδαίαν,
1523 2230 1682 2281 οἴκαδέ

95 2338 144 2366 τε
180 2317 292 2366 ἱέναι
324 2314 602 2379 μέλλουσιν,
641 2316 903 2381 ἀναγκαίως
947 2317 1174 2383 ἐπιφωνεῖ
1207 2314 1262 2365 τὸ
1302 2317 1469 2382 χρῆναι
1508 2312 1676 2363 λοιπὸν

11 2420 78 2457 *25
98 2399 172 2448 καὶ
205 2397 290 2462 τὴν
324 2395 416 2449 &bv
449 2397 858 2448 κατασκέπτεσθαι
895 2400 970 2448 καὶ
1015 2401 1180 2467 κρατεῖν
1220 2397 1396 2466 ὀσφύος,
1433 2396 1676 2446 τουτέστιν

149 2582 179 2604 Ι.
205 2569 267 2616 εἷς]
292 2574 328 2611 -†-
349 2571 387 2605 τὸ
406 2569 499 2604 Edd.
690 2580 721 2603 2.
748 2573 813 2603 τῶν
830 2581 899 2604 orn.
920 2571 967 2604 D.
1029 2572 1177 2605 ὁντινοῦν
1194 2570 1274 2613 (sic)
1292 2568 1352 2603 iid.
1540 2579 1573 2612 3.
1599 2568 1676 2602 λίαν

99 2629 163 2662 pro
180 2618 264 2662 ι’ἰγιιν
283 2617 328 2651 D.
393 2617 588 2662 ἀφορκίζειν
607 2616 648 2651 Β.
668 2617 857 2660 ἐφορκίζειν
875 2617 921 2650 D.
942 2617 1033 2651 Edd.
1230 2626 1260 2662 7.
1288 2617 1370 2660 ἐμφ.
1389 2618 1469 2659 post
1487 2629 1551 2649 σου
1568 2621 1611 2648 tr.
1627 2615 1675 2648 D.

99 2663 162 2709 εἷς]
189 2670 223 2704 -ὶ-
244 2665 282 2698 τὸ
302 2663 393 2698 Edd.
443 2664 496 2697 καὶ
514 2676 650 2697 erasum
669 2670 721 2697 est
737 2663 772 2696 in
790 2663 829 2696 B.
848 2663 952 2697 habet
968 2664 1013 2698 D.
1136 2664 1168 2697 8.
1196 2678 1236 2697 σε
1255 2663 1358 2696 habet
1378 2662 1422 2695 D.
1548 2673 1600 2695 11.
1618 2676 1676 2695 τυ·

99 2710 301 2756 ραννούσης]
320 2711 481 2754 τυράννου
500 2710 591 2744 Edd.
641 2709 884 2754 συνέσταλται]
906 2710 1166 2745 συντετέλεσται
1185 2710 1231 2743 D.
1370 2720 1422 2742 12.
1453 2708 1609 2753 ἐξῄρηται
1628 2708 1675 2742 D.

105 2769 158 2801 13.
184 2759 202 2790 ὁ
219 2770 288 2792 om.
310 2758 355 2791 D.
478 2767 531 2802 17.
555 2756 858 2802 ἇνεστοιχειώμεθα
879 2757 923 2790 D.
1081 2758 1132 2791 18.
1159 2755 1455 2800 ἀναχαραττόμεθα
1472 2759 1595 2798 νοητῶς
1613 2767 1676 2798 pro

102 2808 226 2847 νοητῶς
242 2804 559 2849 μεταχαραττόμεθα
571 2804 617 2838 D.
727 2815 779 2847 19.
806 2802 847 2835 δι’
860 2802 957 2847 ἁγίου
974 2803 1158 2847 πνεύματος
1174 2802 1306 2846 Ἰησοῦς
1325 2803 1470 2846 Χριστός
1487 2802 1531 2836 D.
1581 2803 1599 2834 ὁ
1617 2802 1676 2835 alt.

102 2859 323 2894 assumptum
341 2863 381 2884 ex
402 2851 443 2885 B.
555 2862 609 2884 20.
635 2848 808 2894 ἅνδρισσι]
828 2849 957 2894 ι’ίνδριζε
976 2850 1067 2883 Edd.
1117 2865 1181 2884 σου
1199 2850 1341 2883 accessit
1360 2861 1400 2882 ex
1421 2849 1514 2882 B.D.
1533 2848 1674 2893 (Alex.)

104 2908 158 2930 21.
186 2896 300 2942 ὕβριν]
325 2902 361 2937 -4-
382 2899 441 2930 τοῦ
460 2897 506 2931 D.
522 2898 566 2931 cf.
585 2897 683 2931 infra.
734 2899 792 2930 τοῦ
810 2908 879 2929 om.
901 2896 942 2930 B.
961 2896 1081 2940 (153.)
1265 2907 1319 2941 23·
1345 2897 1436 2940 μάλα
1453 2901 1675 2939 assumptum

103 2955 144 2977 ex
165 2944 257 2977 RD.
278 2944 353 2978 Cat.
371 2945 406 2977 in
425 2944 461 2977 S.
482 2944 566 2978 Luc.
585 2944 641 2977 xii.
661 2953 717 2988 35.
766 2942 935 2976 Ἰουδαίων
953 2943 1045 2977 Aub.
1401 2953 1455 2985 24.
1481 2941 1508 2976 τ’
1527 2941 1609 2976 ἰέναι
1628 2942 1674 2975 D.

106 3000 160 3033 25.
187 2991 388 3025 κατιισκέπτ.
407 2991 465 3035 τὴν
483 2991 560 3025 ὁδὸν
577 2991 712 3026 inverso
730 2989 849 3024 ordine
870 2990 914 3024 D.
