2060 3387
86 222 126 249 Χ.
155 210 192 260 8,
218 226 254 265 9.
456 213 529 254 IN
571 215 995 259 ZACIIARIAM.
1057 218 1211 260 TOM.
1245 220 1322 260 I‘v.
1596 222 1673 260 :tl-l

84 324 168 368 τοῦ
219 319 434 385 γίνεσθαι
486 324 750 392 πεφυκότος
801 327 981 394 δέχεται
1030 327 1114 391 τὴν
1166 329 1409 391 ὁμοίωσιν.
1498 329 1683 395 σημανῶ

84 397 176 466 γάρ
223 406 375 469 φησιν
420 409 567 462 αὐτοῖς
616 414 692 458 καὶ
736 407 994 478 εἰσδέξομαι
1048 411 1222 465 αὐτούς.
1291 409 1540 476 ἐγήγερται
1587 410 1680 477 γὰρ

84 488 281 546 σημεῖον
307 487 355 536 ε’ν
382 487 491 550 ἡμῖν
517 489 639 554 μέγα
673 492 749 540 καὶ
780 491 1000 559 ἐπιφανὲς
1035 493 1059 541 ὁ
1089 499 1173 543 τοῦ
1205 496 1425 559 Σωτῆρος
1457 493 1678 559 σταυρὸς,

84 564 140 615 δι’
180 566 235 616 οῦ
273 570 348 618 καὶ
387 570 647 635 γεγόναμεν
686 574 836 623 δεκτοὶ
875 577 940 642 τῴ
985 576 1090 642 Θεῷ
1135 578 1210 625 καὶ
1257 578 1426 641 Πατρῖ,
1465 578 1541 626 καὶ
1584 575 1678 640 μὴν

40 666 63 703 5
84 648 159 697 καὶ
193 648 598 716 ἐκλελυτρώμεθα,
635 656 709 704 καὶ
747 658 807 706 εἷς
843 653 1032 719 πληθὺν
1070 657 1331 723 ἀμέτρητον
1367 657 1678 726 ἐξεδράμομεν

84 731 125 778 οὶ
166 732 547 787 πεπιστευκότες.
617 734 772 799 ἐπειδὴ
819 734 867 785 δὲ
913 736 1244 802 προστέθεικεν
1290 739 1361 790 ὅτι
1409 748 1486 791 καὶ
1532 741 1681 807 σπερῶ

82 809 235 866 αὐτοῦς
268 814 305 863 ἐν
337 818 469 869 λαοῖς
508 822 584 867 καὶ
624 824 657 867 οἱ
688 817 869 886 μακρὰν
897 822 981 869 ἀπ’
1009 820 1147 870 αὸτῶν
1195 821 1366 889 ἥξουσι
1393 824 1467 872 καὶ
1493 822 1677 889 μνησθή-

81 894 238 944 σονταί
264 919 363 963 μου,
398 896 547 948 πάλιν
582 899 726 949 ε’κεῖνό
761 904 932 968 φαμεν,
960 905 1034 951 καὶ
1070 903 1152 953 οὐκ
1184 905 1278 954 ἀπὸ
1305 909 1509 954 σκοποῦ·
1549 905 1677 955 πολὺ

80 974 174 1041 γὰρ
216 975 309 1044 ε”χει
348 976 403 1029 τὸ
447 979 567 1035 εἰκὸς
607 982 631 1032 ὁ
672 981 833 1047 λόγος·
889 986 1255 1052 κατεσπάρησαν
1293 985 1387 1052 γὰρ
1426 985 1590 1052 ὥσπερ
1628 989 1677 1037 ἐν
1695 1009 1716 1033 a
1746 1000 1828 1034 752
1846 1000 1897 1033 Α-

14 1083 61 1107 ιο
80 1063 278 1113 πολλοῖς
324 1059 478 1112 ἔθνεσι
523 1064 598 1114 καὶ
645 1064 693 1114 ἐν
738 1062 905 1133 ἁπάσῃ
949 1064 996 1116 δὲ
1046 1066 1179 1136 χώρᾳ
1221 1090 1269 1117 τε
1313 1070 1388 1118 καὶ
1439 1068 1590 1131 πόλει,
1633 1073 1675 1120 οἱ

80 1141 324 1192 θεσπέσιοι
355 1147 560 1209 μαθηταὶ
587 1148 662 1197 καὶ
689 1149 731 1197 οἱ
757 1151 851 1197 τῶν
878 1148 1014 1198 θείων
1041 1149 1329 1215 εὐαγγελίων
1361 1150 1566 1217 κήρυκες,
1600 1154 1675 1202 καὶ

79 1220 186 1275 τοὺς
235 1224 468 1276 ἀπωτάτω
512 1227 765 1293 γεγονότας
813 1233 939 1280 Θεοῦ
990 1230 1066 1281 διὰ
1116 1230 1202 1295 τὴν
1253 1232 1676 1297 μεσολαβήσασαν

80 1305 312 1370 ἁμαρτίαν
348 1329 399 1357 τε
438 1311 514 1359 καὶ
552 1308 742 1375 πλάνην
779 1311 1021 1379 μνησθῆναί
1055 1336 1105 1363 τε
1144 1314 1299 1376 αὐτοῦ,
1341 1317 1414 1364 καὶ
1457 1318 1520 1368 εἰς
1565 1321 1675 1366 νοῦν

80 1386 202 1436 ἑλεῖν
227 1391 594 1455 παρεσκεύασαν
615 1392 698 1443 τὸν
725 1398 819 1444 τῶν
847 1393 974 1445 ὅλων
996 1398 1196 1461 Σωτῆρα
1222 1397 1297 1446 καὶ
1324 1397 1672 1462 γενεσιουργὸν,

13 1488 59 1526 15
81 1468 228 1519 καίτοι
261 1470 412 1523 πάλαι
447 1477 505 1542 τῇ
539 1474 686 1526 κτίσει
721 1474 774 1526 τὸ
810 1477 960 1537 σέβας
998 1477 1310 1539 ἀνάπτοντας,
1343 1479 1561 1547 ταύτῃτοι
1597 1483 1673 1531 καὶ

78 1552 160 1613 τῆς
207 1552 323 1618 πρὸς
373 1554 497 1606 Θεὸν
550 1557 826 1622 οἰκειότητος
876 1559 1284 1628 ε’κπεφοιτηκότας.
1354 1563 1427 1612 καὶ
1480 1567 1596 1627 γοῦν
1647 1563 1672 1612 ὁ

78 1633 329 1688 θεσπέσιος
360 1640 556 1692 Παῦλος
590 1644 686 1694 τοῖς
722 1640 776 1691 δι’
806 1641 948 1692 αὐτοῦ
983 1642 1282 1706 κεκλημένοις
1317 1647 1378 1696 εἷς
1413 1645 1672 1709 ἐπίγνωσιν

78 1720 160 1764 τοῦ
201 1719 417 1781 Χριστοῦ
460 1722 761 1788 προσεφώνει
807 1723 964 1787 λέγων
1005 1731 1031 1752 “
1054 1727 1172 1775 Νυνὶ
1219 1724 1267 1775 δὲ
1310 1727 1435 1788 ὑμεῖς
1475 1730 1516 1777 οἱ
1556 1726 1820 1780 71-0-sngflvh·

77 1802 105 1823 “
131 1795 258 1851 ὄντες
282 1800 468 1868 μακρὰν
492 1802 739 1868 ἐγενήθητε
771 1805 951 1870 ἐγγύς.”
1004 1805 1175 1874 ἥξουσι
1210 1805 1266 1871 δὴ
1302 1808 1383 1858 οὖν
1408 1807 1670 1874 μνησθέντες

11 1907 59 1931 20
77 1883 160 1928 τοῦ
188 1882 326 1933 Θεοῦ.
381 1884 460 1934 καί
489 1907 532 1934 τι
559 1891 771 1936 τοιοῦτον
796 1887 905 1950 ἡμῖν
932 1887 957 1937 ὁ
987 1886 1214 1953 μακάριος
1247 1888 1496 1957 προφήτης
1528 1891 1666 1956 Ἱερε-

76 1958 184 2021 μίας
235 1963 547 2016 ὑπαινίττεται
599 1967 754 2033 λέγων
799 1970 861 2021 ὡς
911 1969 1030 2035 πρός
1079 1992 1134 2034 γε
1185 1969 1267 2021 τὸν
1311 1972 1513 2036 Ἰσραήλ
1560 1975 1668 2023 “Oi

77 2048 107 2069 “
129 2044 364 2109 μακρόθεν
389 2046 631 2111 μνήσθητε
657 2055 741 2100 τοῦ
771 2050 965 2116 Κυρίου,
996 2054 1071 2102 καὶ
1096 2052 1415 2117 Ἰερουσαλὴμ
1445 2054 1666 2118 ἀναβήτω

78 2129 104 2152 “
128 2125 200 2175 ἐπὶ
235 2125 320 2190 τὴν
351 2130 545 2194 καρδίαν
573 2132 743 2193 ὑμῶν.”
796 2136 832 2183 εὶ
867 2132 914 2183 δὲ
950 2133 1006 2197 δὴ
1038 2133 1263 2201 μνησθεῖεν
1289 2134 1412 2191 ὅλως
1439 2141 1521 2185 τοῦ
1548 2135 1667 2187 κατὰ

76 2205 224 2271 φύσιν
251 2212 390 2268 Θεοῦ,
418 2209 522 2262 τότε
558 2211 615 2276 δὴ
650 2212 753 2264 τότε
788 2216 863 2264 καὶ
901 2219 1214 2279 πνευματικῆς
1241 2216 1498 2282 εὐρωστίας
1523 2220 1661 2278 βαδι-

9 2316 26 2339 2
35 2312 56 2350 5
77 2292 232 2339 οῦνται
266 2291 386 2357 πρὸς
422 2299 573 2356 τοῦτο,
607 2294 732 2345 ὥστε
768 2299 842 2347 καὶ
873 2296 1046 2348 τέκνων
1071 2296 1238 2351 αὐτοῦς
1264 2299 1482 2363 γενέσθαι
1514 2298 1659 2350 πατέ-

74 2392 174 2433 ρας,
207 2375 282 2422 καὶ
320 2378 414 2427 τοῖς
453 2379 515 2428 εἰς
550 2377 793 2437 εὐσέβειαν
833 2377 994 2444 λόγοις
1033 2375 1249 2449 ἐκθρέψαι
1288 2379 1348 2431 T&
1386 2380 1478 2430 ’ίδια
1516 2379 1661 2443 τέκνα,

76 2453 151 2501 καὶ
193 2452 261 2504 ἐπ’
301 2456 427 2524 αὐτῷ
469 2456 526 2521 δὴ
568 2458 718 2528 τούτῳ
754 2459 1088 2523 σεμνύνεσθαι.
1155 2460 1327 2530 γράφει
1366 2462 1422 2512 δέ
1454 2485 1547 2513 που
1585 2466 1700 2514 καὶο

1735 1785 1767 1805 11.
1790 1784 1837 1815 ¹3-

1730 1986 1824 2018 Hier.

1728 2031 1842 2062 xxviii.

1728 2082 1780 2112 50.

76 2534 101 2583 ὁ
142 2534 393 2591 θεσπέσιος
440 2541 636 2593 Παῦλος
679 2544 775 2594 τοῖς
819 2541 873 2592 δι’
915 2542 1057 2592 αὐτοῦ
1101 2542 1431 2608 τεθραμμένοις
1474 2546 1549 2595 καὶ
1597 2548 1659 2599 εἰς
1722 2560 1807 2601 Eph-

75 2614 221 2682 ἄνδρα
258 2617 436 2669 τέλειον
474 2621 812 2686 ἀναβεβηκόσι,
854 2625 928 2673 καὶ
967 2627 1028 2677 εἷς
1066 2623 1235 2690 μέτρον
1274 2625 1453 2688 ἡλικίας
1492 2626 1659 2690 ἥκουσι

118 2826 152 2859 3.
179 2815 213 2850 ἐν
229 2824 452 2863 assumptum
468 2832 511 2854 ex
530 2820 609 2857 C.b.
958 2824 992 2859 6.
1017 2825 1257 2870 προστέθεικεν
1275 2825 1315 2861 C.
1333 2827 1547 2871 προσέθηκεν
1566 2829 1658 2865 Edd.

78 2872 129 2901 10,
152 2872 203 2896 11.
229 2877 265 2897 τε
282 2871 316 2899 et
332 2867 362 2899 οἱ
380 2866 438 2900 alt.
457 2874 638 2913 assumpta
655 2880 696 2903 ex
716 2869 757 2904 C.
952 2882 1004 2913 14.
1030 2872 1294 2915 παρασκεύασαν
1313 2873 1404 2907 Edd.
1423 2880 1502 2908 ante
1522 2875 1657 2920 Migne.

78 2918 129 2949 15.
155 2907 355 2948 ἇνάπτοντες
373 2912 452 2957 (sic)
472 2913 514 2948 C.
711 2925 762 2960 17.
788 2917 1009 2960 κεκλειμένοις
1028 2917 1116 2963 (sic)
1136 2918 1177 2954 C.
1368 2931 1423 2955 20.
1450 2921 1504 2955 καί
1520 2936 1551 2955 τι
1570 2922 1657 2957 B.C.

73 2953 179 2987 καίτοι
198 2955 288 2991 Edd.
586 2972 640 3005 23·
666 2962 700 2996 ἐν
717 2965 756 3006 τῇ
776 2963 894 3007 καρδίᾳ
914 2963 1005 2998 Edd.
1070 2965 1110 3009 δὴ
1130 2977 1200 3002 om.
1221 2965 1262 3001 C.
1280 2978 1400 3002 rasura
1418 2967 1489 3002 duo
1507 2968 1658 3004 triumve

73 3000 137 3034 litt.
183 3000 298 3037 Habet
317 3003 363 3039 D.
428 3009 586 3051 μνησεῖεν
603 3008 696 3044 Edd.
715 3009 831 3044 invitis
850 3009 989 3045 B.C.D.

131 3067 222 3096 x'OL.
246 3069 291 3096 11.
849 3077 872 3117 3
897 3077 919 3104 1,

1721 2604 1762 2635 iv.
1788 2615 1836 2644 13.
