2053 3382
253 305 279 345 d

81 1706 157 1740 813
176 1705 225 1740 A.
262 1716 283 1739 a

79 2027 96 2055 3
116 2017 189 2046 Reo-

105 2061 134 2066 ι..
167 2041 197 2056 ὃ.

80 2071 147 2091 xm.
170 2069 197 2090 2.

259 2347 329 2393 b’

295 190 381 230 540
694 189 742 228 B.
782 185 1060 226 CYRILLI
1108 184 1489 224 ALEXANDR.
1705 184 1788 225 xiv.
1815 196 1881 226 20.

299 306 325 329 ‘⁶
351 298 613 363 πολεμεῖν,”
642 302 736 348 τῶν
761 300 844 360 τῆς
878 296 1061 362 εἰρήνης
1094 300 1267 363 καιρῶν
1293 297 1543 363 μονονουχὶ
1579 297 1654 346 καὶ
1688 297 1879 346 ἀναπει-

297 380 478 432 θόντων
504 377 672 432 αὐτοὺς
704 382 762 446 τῇ
795 381 877 442 τῆς
908 379 1168 444 γεωπονίας
1194 379 1327 446 χρείᾳ
1351 377 1623 445 χαρίζεσθαι
1649 376 1708 427 τὰ
1733 384 1878 428 πολε-

296 462 423 525 μικὰ,
451 463 525 511 καὶ
549 464 611 513 εἰς
643 461 801 525 ἑτέρας
836 458 884 510 δὲ
919 458 1083 526 ὥσπερ
1109 459 1405 526 μετατρέχειν
1431 457 1659 521 σπουδὰς,
1685 461 1766 521 τῆς
1789 462 1884 508 τῶν

296 547 526 594 τακτικῶν
552 541 749 606 μελέτης
775 541 1101 610 ἠφειδηκότας·
1144 543 1265 592 οὕτω
1290 543 1364 592 καὶ
1392 542 1416 592 ὁ
1444 540 1697 594 θεσπέσιος
1725 544 1883 607 Ζαχα-

296 626 418 690 ρίας,
450 626 512 677 ὡς
547 622 779 690 α’ῤῥήκτου
814 622 983 674 λοιπὸν
1009 626 1091 687 τῆς
1126 622 1306 689 εἰρήνης
1342 622 1559 686 δοθείσης
1583 621 1713 688 παρὰ
1737 625 1880 683 Θεοῦ,

297 706 356 756 τὰ
381 710 476 758 τοῖς
502 706 783 772 μαχομένοις
809 705 1025 772 χρήσιμα
1044 705 1192 768 σκεύη
1212 703 1712 768 μεταπλασθήσεσθαί
1734 710 1885 772 φησιν

298 792 360 842 εἱς
385 786 602 852 ἀνάθημα
627 790 692 855 τῷ
719 790 841 856 Θεῷ.
895 786 1095 853 ἀργήσει
1131 785 1224 853 γὰρ
1257 786 1446 840 πάντως
1472 785 1527 837 τὸ
1553 785 1772 852 μάχιμον,
1800 785 1886 852 οὐχ

298 869 445 920 ἵππου
479 868 802 937 πεφροντικὸς,
839 870 891 919 οὐ
929 873 1152 935 χαλινῶν,
1187 869 1240 918 οὐ
1272 867 1518 936 φαλάρων,
1554 873 1803 931 μετανεῦον
1838 866 1885 917 δὲ

298 956 489 1015 μᾶλλον
515 951 577 1005 ε’ίς
611 974 664 1016 γε
696 951 750 1001 τὸ
775 951 969 1001 ἑλέσθαι
996 954 1087 1001 δεῖν
1113 955 1208 1003 τοῖς
1235 953 1297 1003 εἰς
1322 950 1490 1016 ἀρετὴν
1516 951 1591 1000 καὶ
1617 948 1887 1010 θεοσέβειαν

299 1034 569 1100 διαπρέπειν
595 1032 957 1096 σπουδάσμασι.

375 1120 520 1165 Δοκεῖ
554 1115 608 1166 δέ
641 1138 739 1166 τισι
779 1116 854 1165 καὶ
888 1116 993 1165 καθ’
1032 1115 1187 1180 ἕτερον
1225 1112 1561 1180 ἐκπεπεροῖνθαι
1595 1111 1770 1179 τρόπον
1804 1114 1887 1174 τῆς

298 1198 589 1263 προφητείας
627 1196 713 1261 τὴν
752 1196 962 1260 δύναμιν.
1015 1199 1139 1264 φασὶ
1177 1195 1270 1262 γὰρ
1309 1195 1380 1246 ὅτι
1417 1197 1613 1260 ηὕρηται
1646 1196 1731 1257 μὲν
1769 1192 1887 1244 κατὰ

299 1278 486 1345 καιροὺς
528 1278 581 1329 τὸ
632 1285 716 1330 τοῦ
766 1285 976 1345 σταυροῦ
1029 1278 1193 1347 ξύλον,
1237 1276 1617 1343 ἐμπεπαρμένους
1667 1276 1732 1326 ἐτι
1780 1274 1888 1328 τοὺς

299 1361 445 1425 ἥλους
485 1361 606 1429 ἔχον·
658 1360 723 1411 ῶν
766 1362 846 1412 ἕνα
889 1361 1057 1420 λαβὼν
1097 1361 1122 1410 ὁ
1165 1359 1364 1424 εὐσεβὴς
1411 1363 1772 1411 Κωνσταντῖνος
1814 1359 1887 1408 ἐπὶ

300 1441 498 1510 χαλινὸν
541 1442 761 1508 γενέσθαι
805 1447 873 1512 τῷ
915 1443 1045 1511 ἵππῳ
1088 1446 1155 1511 τῷ
1196 1442 1295 1511 ἰδίῳ
1341 1442 1713 1507 παρεσκεύασεν,
1754 1440 1886 1491 εὐλο-

300 1530 488 1589 γεῖσθαι
523 1524 653 1591 παρὰ
688 1528 813 1575 Θεοῦ
849 1527 925 1575 καὶ
962 1525 1037 1575 διὰ
1069 1523 1237 1575 τούτου
1271 1523 1610 1576 πεπιστευκώς.
1665 1523 1748 1572 οὐκ
1781 1522 1888 1572 ἀπί-

301 1611 444 1658 θανον
471 1606 520 1657 δὲ
546 1606 600 1658 τὸ
627 1610 787 1674 χρῆμα
811 1608 928 1674 φαίη
955 1630 1023 1660 τις
1057 1605 1129 1667 ἂν,
1157 1606 1284 1671 ε’ίπερ
1319 1604 1406 1656 ῶδε
1441 1605 1546 1672 ἔχει,
1570 1607 1644 1655 καὶ
1678 1605 1760 1654 οὐκ
1796 1601 1887 1671 ἔξω

300 1695 383 1741 τοῦ
408 1689 558 1754 λόγου
583 1694 666 1740 τοῦ
690 1688 949 1754 πρέποντος
977 1689 1114 1739 νοοῖτ’
1143 1686 1201 1738 ἂν
1231 1685 1433 1745 εἰκότως,
1460 1685 1514 1737 τὸ
1549 1688 1625 1737 καὶ
1655 1687 1703 1736 ἐν
1728 1683 1888 1752 μνήμῃ

300 1771 520 1837 γενέσθαι
547 1775 603 1839 τῇ
629 1769 759 1835 παρὰ
786 1774 907 1839 Θεῷ,
934 1772 1009 1820 καὶ
1035 1771 1083 1820 ἐν
1108 1768 1368 1837 προῤῥήσει
1393 1771 1670 1831 τετιμῆσθαι
1700 1771 1888 1834 προφη-

300 1858 405 1921 τικῇ
429 1853 638 1915 βασιλέα
663 1851 746 1903 τὸν
773 1851 1136 1913 εὐσεβέστατον.
1192 1852 1436 1902 πλείστων
1460 1851 1553 1915 γὰρ
1580 1849 1709 1899 ὅσων
1734 1846 1888 1912 ἐποιή-

301 1958 424 1986 σατο
458 1935 646 1999 μνήμην
680 1936 755 1984 καὶ
793 1934 1200 2002 προαναφώνησιν
1234 1932 1354 1984 κατὰ
1393 1931 1577 1998 καιροὺς
1615 1935 1708 1982 τῶν
1743 1930 1889 1995 ἁγίων

301 2021 564 2085 προφητῶν
595 2018 620 2066 ὁ
655 2014 814 2081 λόγος,
849 2015 1061 2081 καθάπερ
1096 2014 1256 2078 ἀμέλει
1289 2016 1364 2065 καὶ
1393 2013 1582 2064 Ἰωσίου
1615 2014 1690 2063 καὶ
1724 2010 1889 2076 ἑτέρων

302 2104 457 2150 τινῶν.
513 2098 617 2149 ἔσθ’
649 2098 724 2149 ὅτε
751 2097 797 2147 δὲ
825 2098 901 2147 καὶ
932 2098 960 2161 ἡ
987 2102 1081 2148 τῶν
1107 2101 1279 2163 καιρῶν
1305 2094 1532 2162 ἡμερότης
1568 2097 1643 2145 καὶ
1674 2093 1889 2152 εὐσέβεια

303 2181 378 2232 διὰ
416 2185 511 2232 τῶν
549 2182 597 2230 ἐν
632 2181 786 2232 αὐτοῖς
825 2179 1120 2244 κρατούντων
1154 2179 1447 2243 σημαίνεται.
1512 2176 1645 2228 οὐδὲν
1683 2176 1764 2226 οὖν
1798 2174 1889 2240 ἄρα

301 2263 356 2314 τὸ
396 2262 597 2323 ἀπεικὸς,
633 2264 669 2312 εἱ
708 2261 1013 2325 διαμέμνηται
1052 2263 1125 2311 καὶ
1167 2266 1248 2311 νῦν
1287 2262 1311 2310 ὁ
1351 2258 1610 2328 Προφήτης
1651 2257 1889 2324 Ζαχαρίας

303 2343 687 2413 αξιολογωτάτου
712 2343 1012 2409 πράγματος,
1042 2345 1116 2393 καὶ
1143 2347 1396 2411 θεοφιλοῦς
1422 2344 1612 2405 ἀληθῶς
1638 2343 1713 2391 καὶ
1741 2343 1887 2398 βασι-

303 2428 432 2479 λείας
481 2426 719 2487 εὐσεβοῦς,
764 2426 840 2475 καὶ
892 2429 1065 2490 καιρῶν
1110 2423 1416 2487 ἀνακειμένων
1459 2427 1518 2491 τῇ
1568 2426 1629 2475 εἰς
1673 2418 1889 2486 Χριστὸν

303 2508 480 2575 ἀγάπῃ.
536 2506 590 2558 τὸ
615 2505 710 2572 γὰρ
736 2505 793 2570 δὴ
825 2508 901 2556 καὶ
926 2506 1171 2566 βασιλέων
1197 2506 1356 2559 ἵπποις
1387 2503 1637 2570 ε’μπρέπειν
1664 2501 1744 2553 τὸν
1769 2501 1888 2565 ἧλον

350 2644 384 2685 3.
410 2633 446 2667 δέ
469 2645 539 2666 om.
559 2632 601 2667 C.
677 2633 830 2667 σπουδὰς
848 2632 890 2666 B.
896 2632 925 2665 C
944 2643 1050 2665 manu
1073 2631 1265 2665 recentiori.
1297 2630 1447 2666 σπονδὰς
1465 2630 1511 2664 D.
1517 2629 1546 2663 C
1563 2634 1602 2663 ut
1619 2627 1757 2662 videtur
1780 2639 1888 2661 manu

306 2681 428 2723 prima.
449 2680 478 2713 Ε
482 2679 539 2713 dd.
792 2688 825 2723 5.
851 2677 1017 2723 ἀῤῥὴκτου
1037 2678 1076 2712 C.
1084 2678 1129 2712 D.
1146 2677 1293 2720 ἀλὴκτου
1313 2676 1404 2711 Edd.
1468 2678 1526 2719 τῆς
1544 2681 1766 2719 assumptum
1784 2686 1824 2707 ex
1845 2674 1885 2708 C.

305 2727 338 2760 8.
358 2726 515 2760 ιππουΟ.
532 2724 713 2760 ἵππωνίιᾶ.
764 2725 891 2759 St1t1m
908 2726 1182 2781 πεφροντηκότος
1196 2724 1339 2769 (Sic)C.
1390 2723 1429 2757 οὐ
1446 2723 1504 2757 alt.
1520 2722 1559 2756 C.
1579 2720 1670 2764 ἢιὶᾶ.
1764 2730 1816 2754 11.
1834 2721 1887 2754 καὶ

306 2780 527 2816 assumptum
546 2785 587 2806 ex
607 2772 647 2805 C.
842 2783 895 2805 12.
921 2771 1059 2815 ηὕρηται
1079 2771 1120 2806 C.
1138 2770 1273 2815 εὕρηται
1292 2769 1351 2804 iid.
1544 2768 1595 2801 18.
1621 2768 1681 2801 τοῦ
1697 2772 1888 2812 utrumque

305 2825 528 2863 assumptum
546 2831 588 2853 ex
607 2818 647 2852 C.
749 2829 801 2862 19.
827 2818 1035 2860 τετιμεισθαι
1050 2817 1091 2853 C.
1189 2828 1245 2851 21.
1269 2813 1573 2861 προαναφωνήσειν
1588 2813 1617 2848 C
1635 2825 1742 2847 manu
1762 2825 1886 2858 p1·.1ma

307 2875 363 2899 22.
389 2866 538 2909 καθάπερ
557 2866 603 2899 D.
624 2864 716 2899 Edd.
734 2866 852 2908 ὥσπερ
871 2864 912 2899 C.
1129 2874 1206 2941 λ24.
1232 2867 1290 2897 οὑν
1307 2864 1530 2906 assumptum
1551 2871 1592 2894 ex
1612 2859 1652 2894 C.
1671 2859 1790 2894 deest
1783 2871 1820 2893 111
1839 2859 1886 2894 D

306 2942 361 2976 26.
387 2943 570 2988 θεοφιλοῦς
594 2944 727 2987 ἀληθῶς
753 2944 805 2978 καὶ
829 2944 1009 2984 βασιλείας
1030 2943 1131 2988 [βασι
1154 2959 1182 2969 =
1202 2941 1397 2983 βασιλεως.)
1422 2938 1487 2984 D.]
1508 2939 1672 2981 εἰσεβοῦς
1691 2938 1731 2973 C.
1738 2938 1784 2974 D.
1811 2938 1888 2974 θεο-

304 2989 429 3031 φιλοῦς
444 2992 618 3030 βασιλέως
635 2991 782 3033 ἀληθοῦς
800 3005 834 3024 τε
853 2991 906 3025 καὶ
925 2991 1089 3032 εὐσεβοῦς
1108 2989 1200 3024 Edd.

1910 1053 1957 1077 10

1911 1869 1960 1893 20
