2007 3366
273 363 299 404 d

90 1625 113 1654 4
131 1613 214 1653 Reg.

96 1658 184 1688 xviii.
207 1657 244 1688 28

93 1712 167 1742 sqq.

94 1785 181 1820 478
198 1784 248 1818 A.
277 1794 297 1817 a

317 167 343 204 6
710 168 760 208 Β.
804 167 1082 208 CYRILLI
1124 168 1505 209 ALEXANDR.
1749 164 1774 204 i.
1802 176 1839 213 2,
1864 176 1900 217 3.

318 279 394 328 καὶ
433 278 561 342 δίκης
599 278 706 334 τοὺς
743 278 1179 347 προσκεκρουκότας
1219 283 1363 350 αὐτῷ,
1393 284 1468 332 καὶ
1500 286 1636 331 τοῦτο
1662 275 1900 340 ἀκαταλή-

318 381 438 413 κτως
477 362 552 411 καὶ
588 361 708 428 πέρα
742 362 798 424 δὴ
834 361 1021 427 μέτρου.
1065 361 1387 423 ἀναβάλλεται
1418 363 1502 427 μὲν
1528 362 1620 429 γὰρ
1646 360 1731 425 τὴν
1758 359 1904 426 ὀργὴν

316 442 374 510 ἐξ
411 442 695 508 ἡμερότητος
739 447 819 507 τῆς
864 442 1085 511 ἐμφύτου,
1129 446 1204 494 καὶ
1243 445 1453 512 ἀνέχεται
1497 443 1905 508 πλημμελούντων

316 528 456 574 τινῶν
495 525 601 576 ἔσθ’
640 525 729 588 ὅτε,
772 525 1030 590 περιμένων
1069 524 1155 589 τὴν
1197 526 1508 591 μετάγνωσιν·
1549 526 1814 589 μέλλοντας
1858 522 1905 573 δὲ

316 608 391 657 καὶ
419 607 758 671 ἁναδυομένους
790 606 961 674 μακρὰ,
989 607 1174 675 κολάζει
1208 607 1378 658 λοιπὸν
1410 609 1485 659 καὶ
1524 608 1688 673 ὑπάγει
1726 610 1906 658 ποιναῖς

316 690 378 742 ὡς
416 688 815 752 κατεσκληκότας.
884 687 971 740 ὧδε
1006 689 1090 752 μὲν
1125 691 1206 741 οὖν
1243 690 1333 758 ἕξει
1368 713 1417 740 τε
1452 691 1475 740 ὁ
1507 690 1653 755 λόγος
1688 690 1797 753 ἡμῖν
1830 690 1906 738 καὶ

317 776 468 822 νοοῖτο
506 771 727 836 γεγονὼς,
765 775 801 822 εἰ
835 771 1009 832 βλέποι
1039 772 1157 839 πρὸς
1184 773 1450 825 Ἰουδαίους·
1492 776 1529 823 εἰ
1557 771 1605 822 δὲ
1633 772 1688 836 δὴ
1717 773 1906 838 φέροιτο

316 852 435 903 κατὰ
461 855 543 917 τῆς
572 853 743 917 Νινευῒ,
772 853 1007 918 νοήσομεν
1033 856 1255 920 ἑτεροίως.

386 933 536 986 Εἶλον
559 934 645 998 μὲν
671 934 763 1002 γὰρ
788 936 1042 1003 Ἀσσύριοι
1069 936 1155 1001 τὴν
1181 941 1275 987 τῶν
1300 937 1538 987 Ἰουδαίων
1565 935 1737 1003 χώραν,
1766 957 1906 985 κατα-

318 1016 530 1071 νεύοντος
566 1021 691 1069 Θεοῦ
734 1017 788 1069 τὸ
828 1023 959 1070 νικᾶν
1001 1024 1174 1082 αυτοῖς,
1214 1020 1359 1069 διοίτοι
1400 1018 1453 1069 τὸ
1492 1020 1736 1071 πλείστοις
1777 1018 1906 1070 ὅσοις

318 1100 560 1168 ἐνέχεσθαι
610 1102 992 1166 πλημμελήμασι
1043 1101 1149 1156 τοὺς
1200 1102 1257 1170 ἐξ
1293 1100 1508 1167 Ἰσραήλ.
1589 1105 1631 1152 οἱ
1682 1101 1730 1151 δὲ
1781 1098 1907 1164 ἦσαν

318 1182 544 1249 ἁνήμεροί
583 1207 631 1234 τε
678 1185 754 1234 καὶ
797 1183 1018 1250 ἀλαζόνες
1064 1187 1138 1235 καὶ
1179 1184 1400 1250 ἄγροικον
1440 1184 1623 1251 ἔχοντες
1661 1188 1907 1237 παντελῶς

315 1264 402 1330 τὴν
442 1266 605 1334 φρένα,
632 1265 896 1332 κατέληγον
932 1266 979 1317 δὲ
1015 1267 1227 1330 οὐδαμῶς
1264 1269 1338 1316 καὶ
1378 1265 1522 1329 αὐτὴν
1558 1265 1642 1330 τὴν
1673 1272 1754 1316 τοῦ
1782 1269 1906 1317 Θεοῦ

317 1347 463 1417 δόξαν
506 1350 756 1416 μονονουχὶ
801 1349 1136 1402 καταπαίοντες
1178 1353 1412 1414 σκληραῖς
1452 1372 1501 1399 τε
1547 1352 1621 1399 καὶ
1659 1348 1906 1413 ἐπαράτοις

317 1440 510 1504 φωναῖς.
581 1433 728 1504 ᾤοντο
764 1434 856 1500 γὰρ
896 1434 966 1485 ὅτι
1003 1434 1269 1499 νενικήκασι
1306 1437 1380 1485 καὶ
1417 1436 1504 1502 οὐχ
1539 1433 1721 1488 ἑκόντος
1748 1436 1904 1497 αὐτοῦ,

317 1519 393 1569 καὶ
436 1519 552 1582 ὁμοῦ
597 1522 691 1571 τοῖς
729 1518 969 1571 Ἰουδαίοις
1008 1517 1094 1580 τὴν
1139 1517 1470 1580 ε’παμύνουσαν
1512 1518 1665 1571 αὐτοῖς
1703 1525 1906 1568 πεπλεο-

318 1601 570 1666 νεκτήκασι
602 1605 746 1668 χεῖρα.
812 1602 886 1650 καὶ
912 1606 1028 1665 γοῦν
1055 1601 1079 1650 ὁ
1106 1600 1354 1667 Ῥαψάκης
1380 1599 1712 1666 παλιμφήμοις
1737 1602 1906 1666 ἐχρῆτο

318 1688 509 1782 φωναῖς,
545 1687 642 1736 τοῖς
681 1685 729 1733 ἐν
765 1686 831 1751 τῷ
865 1683 1003 1749 τείχει
1046 1687 1139 1732 τῶν
1173 1682 1521 1748 Ιεροσολύμων
1557 1684 1704 1733 ἐκεῖνα
1736 1683 1904 1748 λεγων,

316 1764 347 1817 ἃ
390 1765 553 1829 μόναις
597 1789 655 1816 αν
693 1788 863 1831 πρεποι
900 1769 1000 1818 ταῖς
1043 1788 1137 1815 των
1180 1766 1261 1815 οὐκ
1303 1765 1490 1815 εἰδότων
1529 1788 1610 1815 τον
1649 1765 1790 1832 φύσει
1831 1789 1905 1816 και

316 1851 505 1913 ἀληθῶς
544 1848 668 1899 Θεὸν
707 1847 921 1901 ἀνοσιαις
971 1849 1350 1913 ἁθυροστομιαις.
1419 1847 1529 1898 ἀλλ’
1571 1848 1794 1898 ἐκτετικεν
1833 1849 1905 1898 εὐ-

315 1930 398 1984 θὺς
436 1933 517 1995 τῆς
556 1930 827 1996 ἀλαζονείας
868 1928 951 1983 τὰς
994 1931 1137 1983 δίκας.
1198 1930 1328 1994 πλὴν
1370 1929 1589 1998 ᾑρηκότες
1634 1929 1716 1983 τὰς
1761 1932 1808 1981 ἐν
1847 1935 1905 1999 τῇ

317 2013 556 2081 Σαμαρείᾳ
594 2013 755 2066 πόλεις
802 2015 842 2062 οἱ
881 2014 1005 2080 ἀμφὶ
1045 2012 1127 2063 τὸν
1171 2012 1516 2079 Σαλμανασάρ,
1549 2014 1623 2063 καὶ
1662 2013 1819 2078 ἑτέρας
1857 2013 1905 2064 δὲ

316 2096 505 2150 ταύταις
548 2095 1111 2162 προσκατεμπρήσαντες,
1153 2094 1578 2160 κατηλαζονεύοντο
1621 2100 1716 2146 τῶν
1757 2095 1905 2146 ἑαλω-

317 2178 482 2241 κότων,
509 2179 584 2229 καὶ
615 2181 696 2241 τῆς
730 2179 854 2231 θείας
894 2176 1036 2246 δόξης
1074 2178 1495 2244 κατεθρασύνοντο.
1564 2182 1905 2243 παραμυθεῖται

316 2261 372 2326 δὴ
400 2262 480 2312 οὖν
507 2262 532 2311 ὁ
561 2258 823 2328 Προφήτης
858 2261 1090 2314 ἀλύοντας
1124 2259 1231 2313 τοὺς
1264 2259 1436 2324 δήμους
1471 2264 1564 2310 τῶν
1588 2259 1825 2310 Ἰουδαίων
1851 2260 1903 2310 οὐ

314 2345 524 2411 μετρίως,
551 2345 626 2395 καὶ
665 2342 735 2393 ὅτι
771 2341 926 2406 πάντη
965 2365 1013 2393 τε
1054 2344 1128 2393 καὶ
1166 2341 1354 2397 πάντως
1385 2347 1480 2397 τοῖς
1510 2341 1675 2396 αὐτοὺς
1700 2348 1901 2393 πεπολε-

365 2577 398 2606 4.
424 2562 503 2598 ἔσθ’
522 2562 578 2596 ὅτε
595 2566 692 2596 τινῶν
709 2562 847 2596 inverso
865 2562 986 2595 ordine
1007 2561 1051 2595 D.
1289 2571 1323 2606 5.
1347 2561 1475 2605 μακρὰν
1493 2559 1585 2594 Edd.
1799 2560 1831 2594 6.
1858 2562 1903 2597 ὡς

317 2618 539 2654 assumptum
555 2622 595 2643 ex
614 2609 705 2643 BD.
758 2609 882 2643 Statim
900 2609 1096 2652 ἀπεσκληκό
1089 2624 1157 2644 ηας
1177 2609 1222 2642 D.
1273 2610 1290 2641 ὁ
1307 2610 1410 2653 λόγος
1427 2607 1493 2652 ἕξει
1507 2621 1543 2640 τε
1563 2607 1700 2640 inverso
1719 2606 1838 2641 ordine
1854 2608 1900 2642 D.

322 2668 375 2691 10.
402 2658 506 2690 διιὶτοι
525 2656 581 2701 τὸ]
601 2657 654 2690 διὰ
672 2659 731 2690 τοῦ
753 2656 843 2690 Edd.
960 2667 1013 2690 11.
1038 2657 1236 2701 ἐνίσχεσθαι
1258 2656 1466 2689 I).12.
1494 2654 1546 2687 καὶ
1565 2654 1660 2697 prius
1677 2662 1899 2697 assumptum

319 2716 360 2737 ex
380 2703 473 2737 B.D.
521 2703 680 2748 ἀγροίκην
699 2703 791 2737 Edd.
1054 2714 1107 2748 13.
1133 2702 1311 2747 μονονουχὶ
1329 2716 1382 2735 και
1399 2716 1438 2734 αι
1441 2715 1500 2734 του
1519 2701 1598 2742 (sic)
1616 2715 1675 2743 την
1692 2715 1721 2733 τ.
1741 2706 1781 2734 Θ.
1800 2702 1902 2745 δόξαν

318 2751 457 2784 inverso
475 2750 595 2783 ordine
616 2750 661 2783 D.
992 2759 1045 2795 17.
1072 2751 1125 2783 καὶ
1142 2762 1204 2795 pro
1222 2751 1240 2783 ὁ
1260 2749 1304 2782 D.
1369 2747 1540 2792 ἐχρήσατο
1559 2746 1650 2780 Edd.
1670 2747 1787 2780 invitis
1807 2748 1847 2781 B.
1857 2749 1900 2782 Ι)

322 2808 377 2841 19.
401 2795 441 2830 ἂν
457 2796 579 2840 πρέποι
599 2797 643 2829 D.
663 2796 783 2841 πρέπει
803 2796 895 2831 Edd.
1262 2806 1316 2829 20.
1343 2794 1450 2837 ἀληθῆ
1470 2793 1528 2827 lid.
1593 2793 1745 2829 ἀνοσίαις
1762 2806 1831 2827 om.
1852 2795 1899 2829 D.

320 2854 376 2877 21.
401 2843 491 2886 πλὴν
510 2843 555 2876 D.
575 2843 665 2877 Edd.
684 2845 787 2878 πάλιν
808 2843 848 2878 B.
1028 2855 1082 2889 3.
1107 2841 1494 2899 προσκατεμπρήσαντες
1512 2840 1554 2874 Β.
1573 2841 1831 2885 συγκαταπρὴσ.
1853 2842 1898 2876 D.

317 2888 688 2934 προσκαταπρὴσαντες
705 2890 796 2925 Edd.
1237 2898 1290 2934 2.5
1316 2888 1355 2921 οὐ
1371 2902 1464 2932 μετρ.
1483 2890 1548 2922 τῶν
1563 2886 1663 2920 Ἰουδ.
1681 2887 1758 2922 τοὺς
1775 2887 1900 2931 δήμους

318 2937 457 2971 inverso
474 2936 595 2970 ordine
614 2937 658 2971 D.
945 2938 999 2973 26.
1026 2953 1060 2972 τε
1078 2939 1184 2981 πάντη
1202 2948 1265 2982 pro
1281 2935 1386 2979 πάντη
1404 2949 1439 2968 τε
1459 2934 1506 2968 D.
1563 2935 1687 2968 πεπολ.
1704 2935 1817 2970 αὐτοῖς
1835 2947 1898 2980 pro

315 2984 438 3019 αὐτοὺς
455 2997 534 3018 πεπ.
555 2983 601 3016 1).

1926 622 1946 660 5

1931 1041 1977 1065 10

1928 1866 1976 1890 20
