2018 3391
287 177 371 218 222
680 179 728 220 B.
772 177 1049 219 CYRILLI
1088 178 1478 221 ALEXANDR.
1746 178 1858 229 iii.7.

247 311 269 338 c
286 287 439 337 ὁτιοῦν
462 287 653 349 ἑτοίμως
677 286 796 353 ἔχειν
820 290 913 337 τῶν
940 286 1237 352 ἀρεσκόντων
1263 291 1387 357 Θεῷ.
1458 287 1569 356 ἐξῆν
1597 286 1690 353 γὰρ
1715 287 1861 339 οὕτως

284 369 494 419 ἐκκλῖναί
509 375 632 437 φησι
658 368 809 420 πάντα
833 368 919 419 ὅσοι
946 364 1185 437 {diano-oa
1210 371 1278 422 ἐπ’
1308 371 1449 430 αὐτήν.

349 448 469 500 ‘'Ore
509 450 666 500 τοίνυν
702 452 786 513 τῆς
829 452 1006 501 ἑαυτῶν
1046 451 1248 504 διανοίας
1286 450 1369 502 τὸν
1408 455 1530 502 θεῖον
1567 449 1862 513 ἐκπέμπομεν

284 531 452 600 φόβον,
478 530 554 581 ὅτε
579 530 930 597 παραιτούμεθα
955 530 1041 596 τὴν
1066 530 1289 595 παιδείαν,
1317 536 1392 584 καὶ
1419 534 1584 599 ὀλίγου
1617 535 1862 584 παντελῶς

285 614 503 682 ἀξιοῦμεν
527 611 675 679 λόγου
700 613 753 664 τὸ
781 612 894 665 εἶναι
918 616 1077 684 σοφοὶ,
1106 614 1211 666 τότε
1238 615 1295 680 δὴ
1320 615 1507 668 πάντως
1531 618 1678 666 ἐκεῖνα
1699 613 1861 666 πεισό-

283 699 415 757 μεθα,
455 694 574 761 ἅπερ
613 694 670 746 ἂν
706 698 877 762 πρέποι
917 702 1012 751 τοῖς
1051 697 1239 748 εἰωθόσι
1278 702 1602 765 καταφρονεῖν·
1644 695 1748 748 τότε
1787 698 1862 747 καὶ

284 775 503 837 ἐκδικήσει
543 776 677 841 Θεὸς,
717 780 791 829 καὶ
834 777 941 833 τοὺς
978 781 1060 842 τῆς
1102 779 1406 844 ἀνοσιότητος
1447 780 1628 844 αἰτήσει
1665 778 1854 845 λόγους.

284 862 628 923 διαμεμνῆσθαι
700 859 756 921 δὴ
828 861 909 911 οὖν
973 862 1228 924 ἀναγκαῖον
1293 861 1516 927 λέγοντός
1580 885 1717 924 τινος,
1792 861 1863 912 ὅτι

64 931 223 1014 2}fong
285 947 313 970 “
341 940 499 1002 Φόβος
540 942 717 1008 Κυρίου
760 942 879 1009 ζωὴν
919 942 1083 994 ποιεῖ.”
1148 951 1175 973 ‘⁶
1195 943 1355 1002 Φόβος
1400 945 1575 1009 Κυρίου
1626 944 1744 1013 δόξα
1787 945 1862 994 καὶ

64 1107 140 1156 Pst..

64 1160 153 1181 XVIII.
174 1158 221 1181 10·

979 1026 992 1042 X

242 1024 269 1064 d
287 1030 312 1053 ‘⁶
339 1024 603 1091 καύχημα.”
673 1023 775 1075 ε”στι
819 1023 868 1075 δὲ
919 1047 994 1074 και
1034 1032 1061 1053 “
1082 1024 1271 1091 ἁγνὸς,”
1312 1025 1554 1076 τουτέστιν
1599 1023 1862 1091 ἀγνοποιὸς,

288 1114 314 1136 “
340 1107 566 1170 διαμένων
617 1109 678 1160 εἷς
729 1111 872 1157 αἰῶνα
916 1107 1121 1168 αἱῶνος,”
1166 1106 1284 1158 κατὰ
1334 1107 1420 1172 τὴν
1461 1115 1543 1159 τοῦ
1585 1109 1864 1177 ψάλλοντος

286 1188 462 1257 φωνήν.

366 1378 618 1436 Ἐτοιμάζου
644 1379 856 1436 ὅρθρισον,
883 1379 1137 1436 διέφθαρται
1166 1383 1280 1421 Πᾶσα
1308 1381 1330 1421 ἡ
1359 1380 1584 1436 ὲΠιφυᾹλίε
1612 1381 1766 1422 αὐτῶν.

357 1512 548 1577 Ἐπειδὴ
583 1513 676 1580 γὰρ
714 1514 796 1564 οὑκ
840 1513 995 1582 ἐδέξω,
1039 1516 1175 1582 φησὶ,
1214 1513 1299 1578 τὴν
1340 1515 1448 1579 παρ’
1490 1516 1601 1575 ἐμοῦ
1638 1516 1861 1579 παιδείαν,

286 1596 467 1646 ἀπώσω
493 1596 541 1646 δὲ
566 1598 641 1646 καὶ
674 1597 936 1659 μεμίσηκας
963 1598 1036 1646 καὶ
1060 1596 1114 1646 τὸ
1140 1598 1187 1646 ἐν
1215 1595 1354 1666 φόβῳ
1382 1596 1468 1663 ζῆν
1495 1600 1568 1648 καὶ
1596 1599 1862 1661 ἐπιεικείαις,

285 1678 547 1744 εὐτρεπίζου
576 1678 693 1744 πρὸς
728 1677 1001 1742 ἀποδρομὴν
1040 1680 1114 1728 καὶ
1146 1677 1264 1744 πρὸς
1295 1677 1348 1728 τὸ
1379 1679 1466 1743 ἤδη
1496 1683 1674 1742 παθεῖν,
1701 1676 1731 1730 ἃ
1765 1682 1862 1730 δια-

287 1765 454 1826 φυγεῖν
499 1759 619 1829 ἐξὸν,
664 1760 789 1826 εἴπερ
833 1759 963 1824 ἦσθα
1014 1760 1265 1829 φιλάρετος
1308 1763 1382 1811 καὶ
1430 1760 1600 1828 σοφός.
1676 1760 1862 1830 ὀρθριζειν

250 1841 434 1907 ογεμὴν
472 1842 780 1910 προστέταχε,
823 1845 904 1906 τῆς
953 1847 1206 1910 συμφορᾶς
1255 1841 1337 1893 τὸν
1377 1841 1536 1908 καιρὸν
1585 1845 1659 1894 ἐπὶ
1703 1843 1863 1909 θύραις

288 1924 401 1975 ὅντα
439 1926 667 1987 δεικνύων,
695 1927 769 1976 καὶ
801 1923 897 1976 οἷον
934 1929 995 1979 εἷς
1035 1926 1193 1991 αὔριον
1232 1925 1420 1994 ἥξοντα,
1453 1925 1776 1990 παρεσόμενόν
1812 1949 1862 1977 τε

286 2007 487 2071 πάντως,
531 2007 790 2076 ἀρξομένης
833 2008 958 2071 ἠοῦς.
1024 2014 1162 2059 τοῦτο
1213 2007 1260 2058 δὲ
1299 2007 1356 2072 ἦν
1406 2008 1729 2072 ἀποκείροντος
1778 2008 1862 2073 τὴν

288 2090 459 2141 ἐλπίδα
495 2093 577 2154 τῆς
611 2091 865 2153 ἀναβολῆς,
893 2091 968 2140 καὶ
1006 2091 1088 2140 οὐκ
1126 2091 1292 2143 ἐῶντος
1330 2092 1516 2152 ἐννοεῖν,
1544 2092 1606 2144 ὡς
1637 2090 1769 2141 ἔσται
1795 2115 1863 2146 τις

287 2169 500 2240 ἀνοκωχὴ
529 2174 603 2223 καὶ
637 2171 905 2237 ἀνάβλησις
935 2173 1009 2222 καὶ
1043 2170 1220 2237 μακρὸς
1251 2171 1428 2240 μεταξὺ
1454 2171 1660 2223 διελάσει
1687 2173 1860 2241 καιρὸς,

288 2258 350 2308 εἰς
386 2253 602 2319 ἐκγόνους
636 2255 759 2322 τάχα
795 2277 886 2305 που
924 2253 1251 2321 παραπέμπων
1286 2253 1345 2304 τὰ
1381 2253 1438 2322 ἐξ
1469 2255 1627 2320 ὀργῆς,
1698 2256 1864 2307 οὐκοῦν

290 2339 351 2390 ὡς
385 2338 453 2388 ἐπ’
481 2338 720 2406 ἀναγκαίῳ
754 2335 996 2403 πράγματι
1035 2336 1333 2406 προετοιμαζε
1373 2336 1572 2386 σεαυτὸν
1603 2339 1677 2387 καὶ
1717 2337 1863 2409 ἔρθριζε

70 2439 146 2474 613
163 2438 210 2473 Α.
251 2417 406 2484 ειπρὸς
431 2418 716 2485 ἀποδρομήν.
784 2419 956 2486 οἷχήσῃ
990 2417 1084 2484 γὰρ
1119 2422 1180 2471 εἷς
1214 2416 1406 2485 ἐχθροὺς
1438 2417 1757 2485 αἰχμάλωτος,
1788 2423 1861 2472 καὶ

289 2500 375 2565 τὴν
412 2502 696 2567 ἐνεγκοῦσαν
735 2502 882 2569 ἀφεὶς,
918 2500 1100 2567 οἰκτρὸς
1139 2500 1226 2569 ε”σῃ
1266 2499 1375 2566 παρ’
1416 2501 1598 2566 ἑτέροις.
1666 2499 1763 2553 εἶτα
1797 2507 1863 2572 τῷ

340 2681 369 2704 Ι.
395 2670 484 2716 ἔχειν
500 2671 638 2714 ἑτοίμως
654 2670 793 2705 inverso
809 2670 930 2705 ordine
949 2670 990 2705 B.
1120 2669 1153 2705 6.
1178 2669 1287 2713 πρέπῃ
1307 2668 1398 2703 Edd.
1544 2679 1596 2713 13.
1624 2668 1785 2715 [ὅρθριζε,
1805 2671 1863 2712 62,

294 2727 369 2762 147.
382 2717 425 2751 cf.
436 2716 554 2763 infra]
606 2717 806 2762 διέφθαρται
821 2717 902 2752 B.F.
918 2718 1032 2759 (Alex,
1050 2716 1153 2761 XII.)
1164 2717 1330 2762 ἔφθαρται
1345 2714 1437 2749 Edd.
1451 2715 1546 2759 (Vat.
1559 2717 1593 2758 N)
1710 2717 1762 2751 16.
1779 2717 1862 2752 ἀπο-

290 2763 416 2807 δρομὴν
434 2764 525 2798 B.D.
543 2764 732 2809 ἀναδρομὴν
749 2763 840 2798 Edd.
904 2765 965 2808 ἤδη
983 2775 1052 2797 om.
1072 2764 1118 2797 D.
1384 2771 1435 2806 17.
1460 2760 1553 2804 εἴπερ
1571 2760 1661 2804 ἦσθα
1677 2764 1863 2808 φιλάρετος

290 2811 343 2843 καὶ
361 2812 472 2855 σοφός
492 2811 533 2845 Β.
552 2811 580 2845 εἷ
597 2811 788 2855 ὑπήκουσας
806 2811 852 2844 D.
871 2810 964 2854 εἴπερ
981 2810 1071 2853 ἦσθα
1088 2811 1272 2856 φιλάρετος
1296 2809 1348 2842 καὶ
1374 2810 1493 2853 σοφῶς
1514 2808 1669 2852 ἁρπάζων
1686 2810 1862 2855 ἐθελοντής

291 2855 382 2890 Edd.
443 2857 572 2891 Nonne
599 2858 645 2891 D.
670 2858 771 2891 lectio
795 2858 924 2902 glossa,
950 2857 993 2891 ad
1019 2856 1211 2891 difficiliora
1234 2854 1403 2889 levanda?
1453 2855 1490 2888 Si
1515 2855 1561 2888 ita
1587 2855 1642 2895 sit,
1668 2856 1860 2891 editionum

290 2908 445 2936 veterum
472 2904 583 2945 lectio,
610 2905 665 2939 vel
694 2905 816 2938 saltem
842 2903 972 2949 aliquid
998 2904 1027 2937 ei
1052 2904 1175 2945 simile,
1200 2902 1342 2948 antiqua
1367 2901 1480 2941 fuerit,
1508 2907 1541 2934 et
1566 2908 1645 2935 ante
1669 2904 1788 2937 oculos
1813 2905 1859 2938 D.

290 2948 480 2992 scriptoris.
673 2961 727 2985 20.
744 2951 779 2984 δέ
798 2957 1019 2996 assumptum
1036 2962 1077 2984 ex
1096 2950 1137 2984 B.
1342 2959 1395 2993 25.
1422 2947 1545 2992 οῖχὴσῃ
1563 2947 1597 2982 b.
1616 2948 1749 2995 οἰχήσει
1769 2950 1860 2986 Edd.

292 2993 346 3029 26.
373 2995 501 3040 οἰκτρὸς
519 2998 661 3032 accessit
678 3009 719 3032 ex
739 2996 779 3031 B.

1885 1045 1933 1070 10

1885 2028 1934 2052 20
