2018 3387
118 177 158 216 ii.
183 178 221 217 6.
493 178 560 218 IN
609 176 1050 218 MALACHIAM.
1112 175 1332 215 TOM.1.
1629 174 1711 212 577

116 284 186 336 ὅτι
214 284 263 336 δὲ
289 289 507 352 Χριστοῦ
536 287 658 353 νόμος
687 284 744 348 ἦν
772 287 847 335 καὶ
874 286 898 334 ο
924 284 1075 335 πάλαι
1100 289 1196 338 τοῖς
1223 283 1431 350 ἀρχαίοις
1459 280 1535 331 διὰ
1564 283 1711 330 Μωυ-

116 367 239 422 σέως
286 367 752 438 κεχρησμῳδημένος,
795 368 1038 418 ἀναπείσει
1090 367 1247 431 λέγων
1289 363 1427 417 αὐτὸς
1472 364 1497 414 ὁ
1543 362 1711 427 Σωτήρ

118 456 144 478 “
176 448 261 513 Μὴ
307 450 532 514 νομίσητε
585 449 655 500 ὅτι
699 447 851 513 ἦλθον
894 454 1164 498 καταλῦσαι
1208 445 1290 497 τὸν
1338 446 1481 507 νόμον
1526 443 1555 510 ὴ
1604 441 1712 496 τοῦς

117 538 144 561 “
166 530 434 598 προφήτας·
478 533 561 582 οὐκ
597 530 748 594 ἦλθον
780 535 1062 591 καταλῦσαι,
1090 528 1221 580 ἀλλὰ
1257 533 1531 593 πληρῶσαι.
1588 524 1713 589 ἀμὴν

74 625 96 663 5
118 620 145 642 “
169 613 262 679 γὰρ
288 612 414 678 λέγω
443 615 563 677 ὑμῖν,
590 613 674 666 ἕως
701 611 758 663 ἂν
783 611 1004 679 παρέλθῃ
1033 613 1058 662 ὁ
1091 610 1285 677 οὐρανὸς
1322 612 1396 660 καὶ
1432 610 1459 673 ἡ
1496 611 1572 675 γῆ,
1599 612 1713 658 ἰῶτα

118 702 144 724 “
171 694 220 746 ἓν
253 694 282 760 ἦ
321 695 405 757 μία
445 696 605 761 κεραία
645 695 699 745 οῦ
737 692 802 758 μὴ
840 693 1061 762 παρέλθῃ
1097 693 1190 745 ἀπὸ
1226 699 1309 744 τοῦ
1346 693 1504 756 νόμου,
1535 691 1619 744 ἕως
1655 689 1713 740 ἂν

116 784 143 805 “
168 775 324 828 πάντα
362 776 597 843 γένηται.”

112 971 187 1013 Ἐν
227 970 376 1030 εἰρύνῌ
417 974 687 1015 κατευθύνων
726 973 941 1030 &wop-{bom
984 972 1067 1021 μετ’
1112 972 1231 1022 ἐμοῦ,
1272 971 1338 1011 καὶ
1384 970 1571 1010 Πολλοὺς
1616 968 1714 1009 ὲΠὲ-

186 1071 369 1112 στρεψεν
408 1057 494 1098 ἀπὸ
533 1056 716 1098 ἀδικίας.

53 1204 100 1229 10
194 1180 265 1232 Τὸ
310 1180 554 1247 εἰρηνεύειν
591 1182 711 1248 πρὸς
751 1181 889 1244 Θεὸν,
929 1183 977 1232 τί
1018 1179 1075 1232 ἂν
1116 1181 1273 1247 ἕτερον
1313 1184 1465 1230 νοοῖτο
1507 1177 1626 1243 πρός
1667 1200 1716 1227 τε

119 1262 251 1325 ἡμῶν
293 1264 447 1313 αὐτῶν
490 1267 564 1314 καὶ
607 1265 790 1329 ἑτέρων,
830 1264 959 1329 οἵπερ
1001 1261 1058 1313 ἂν
1097 1261 1185 1313 εἶεν
1225 1267 1319 1312 τῶν
1361 1260 1495 1312 θείων
1538 1260 1716 1325 λογίων

120 1344 443 1409 ἐπιστήμονες,
472 1344 499 1410 ἢ
537 1345 591 1396 τὸ
628 1350 818 1413 φρονεῖν
842 1345 1037 1396 ἑλέσθαι
1069 1347 1144 1395 καὶ
1171 1347 1286 1410 δρᾶν
1312 1342 1342 1394 ἂ
1365 1343 1610 1404 βούλεται,
1640 1343 1715 1392 καὶ

121 1426 241 1478 κατὰ
265 1427 442 1492 μηδένα
467 1426 644 1493 τρόπον
670 1427 983 1493 προσκρούειν
1009 1428 1147 1496 αὐτῷ,
1170 1429 1429 1492 κατορθοῦν
1450 1423 1498 1476 δὲ
1525 1429 1717 1488 μᾶλλον

121 1510 392 1575 ἐπείγεσθαι
438 1508 523 1573 τὴν
569 1511 735 1561 εὐκλεᾶ
779 1509 1022 1561 πολιτείαν
1072 1512 1148 1560 καὶ
1199 1506 1497 1577 ἀξιοίγαστόν
1541 1529 1591 1557 τε
1642 1507 1718 1556 καὶ

55 1590 447 1656 Ι5ἐννομωτάτην
486 1591 637 1659 ζωήνς
689 1594 811 1643 οὕτω
851 1594 925 1642 καὶ
966 1593 990 1641 ὁ
1031 1596 1151 1644 θεῖος
1190 1591 1299 1654 ἡμῖν
1337 1587 1718 1657 προσπεφώνηκε

124 1678 319 1727 Παῦλος
347 1676 730 1728 ((Δικαιωθέντες
757 1675 837 1725 οὖν
862 1675 911 1725 ἐκ
936 1674 1157 1736 πίστεως,
1183 1673 1368 1736 εἰρήνην
1395 1672 1573 1738 ἔχωμεν
1598 1670 1718 1737 πρὸς

123 1763 149 1786 “
177 1756 346 1808 Θεόν.”
402 1758 523 1808 οὕτω
550 1756 634 1820 μὲν
659 1756 754 1823 γὰρ
780 1756 863 1807 τὸν
890 1755 1034 1825 φύσει
1058 1778 1107 1806 τε
1136 1757 1210 1805 καὶ
1241 1757 1431 1818 ἀληθῶς
1459 1753 1719 1816 Δεσπότην

123 1838 291 1892 εἰδότες
337 1843 555 1903 τιμῶμεν.
615 1839 901 1891 ἀνάπτοντες
944 1837 992 1888 δὲ
1037 1840 1095 1905 τῇ
1142 1836 1290 1902 κτίσει
1333 1835 1387 1886 τὸ
1432 1836 1599 1896 σέβας,
1643 1836 1717 1884 καὶ

124 1920 512 1985 κατακρατούσης
550 1926 645 1972 τῶν
683 1921 918 1985 ἡμετέρων
956 1921 1145 1970 ἐννοιῶν
1180 1922 1260 1982 τῆς
1300 1916 1516 1982 βεβήλου
1555 1940 1604 1967 τε
1643 1918 1719 1967 καὶ

57 2028 105 2052 20
123 2003 334 2068 ῥυπαροῖς
385 2003 629 2067 ἁμαρτίας,
674 2001 1030 2066 ἀνθεστήκαμεν
1083 2005 1149 2070 τῷ
1197 1998 1442 2067 Δεσπότῃ,
1493 2001 1568 2049 καὶ
1620 1997 1719 2048 οἷον

124 2083 504 2146 ἀντανιστάμεθα
553 2084 672 2150 πρὸς
723 2084 880 2152 μάχην
931 2084 1071 2153 αὐτῷ,
1117 2082 1333 2147 σκληρὸν
1378 2081 1585 2146 αἴροντες
1636 2079 1718 2130 τὸν

125 2167 310 2233 αὐχένα,
351 2170 425 2217 καὶ
465 2166 519 2217 τὸ
559 2166 745 2220 ἀπειθὲς
790 2168 864 2216 καὶ
908 2165 1133 2229 δυσήνιον
1173 2169 1459 2228 μελετῶντες
1505 2163 1584 2214 ἔτι.
1643 2163 1718 2212 καὶ

124 2248 419 2299 πιστώσεται
444 2248 599 2314 λέγων
625 2254 707 2299 τοῦ
736 2251 957 2312 Σωτῆρος
996 2249 1020 2298 ὁ
1054 2246 1267 2311 μαθητής
1291 2253 1319 2275 “
1338 2247 1440 2297 Οὐκ
1470 2244 1621 2295 οἴδατε
1649 2243 1719 2294 ὅτι

127 2330 209 2392 “ἡ
248 2331 387 2398 φιλία
421 2336 503 2380 τοῦ
540 2330 722 2393 κόσμου
757 2329 903 2397 ἐχθρὰ
938 2335 1021 2381 τοῦ
1056 2333 1182 2380 Θεοῦ
1220 2330 1381 2389 ἐστιν;
1426 2326 1475 2380 ’ὸς
1501 2326 1580 2376 ἐὰν
1606 2331 1720 2386 βου-

60 2418 155 2476 25“
182 2415 307 2479 ληθῇ
353 2413 494 2479 φίλος
539 2411 652 2462 εἶναι
697 2418 780 2462 τοῦ
832 2411 1030 2474 κόσμου,
1076 2410 1243 2479 ἐχθρὸς
1289 2415 1371 2460 τοῦ
1418 2413 1542 2459 Θεοῦ
1590 2408 1720 2458 καθί-

128 2500 155 2523 “
181 2495 400 2543 σταται.”
454 2492 832 2561 ἐπιστρέψαντας
869 2493 917 2544 δὲ
953 2493 1071 2559 πρὸς
1104 2492 1187 2543 τὸν
1215 2497 1309 2542 τῶν
1341 2491 1468 2542 ὅλων
1493 2489 1617 2540 Θεὸν
1645 2489 1720 2540 διὰ

128 2578 211 2638 τῆς
243 2577 463 2635 πίστεως,
494 2577 567 2624 καὶ
605 2577 687 2638 τῆς
723 2575 952 2640 ἁμαρτίας
986 2574 1288 2642 ἀνῃρημένης,
1323 2573 1376 2623 τὸ
1413 2577 1719 2631 μεσολαβοῦν

130 2656 275 2720 οὐδὲν,
319 2656 418 2708 οὐδ’
465 2655 522 2707 ἂν
562 2656 798 2725 ἀπείρξειέ
837 2679 905 2709 τις
949 2659 1032 2719 τῆς
1076 2655 1194 2722 πρὸς
1236 2653 1377 2706 αὑτὸν
1419 2653 1715 2717 οἰκειότητος,

182 2813 211 2836 1.
237 2801 470 2847 ἀρχαιοτέροις
489 2801 581 2836 Edd.
815 2810 848 2845 5.
873 2801 939 2845 γὰρ
959 2811 1029 2834 om.
1051 2800 1093 2834 Β.
1324 2799 1356 2833 8.
1384 2796 1615 2842 ἐπέστρεψεν]
1636 2797 1717 2831 ἀπέ-

132 2850 287 2893 στρεψεν
311 2848 347 2882 F.
374 2848 469 2882 Aub.
495 2847 557 2892 (22
579 2847 643 2892 al.)
670 2847 714 2881 cf.
741 2847 830 2881 infra
856 2847 978 2880 scholii
1004 2846 1180 2891 sequentis
1206 2845 1272 2879 sub
1297 2845 1407 2879 initio.
1460 2845 1585 2878 Statim
1611 2845 1648 2887 ἐξ
1677 2844 1718 2878 Β.

133 2895 227 2938 (sol.)
248 2894 307 2928 sed
327 2895 371 2929 cf.
389 2895 491 2928 infra.
639 2894 691 2928 16.
717 2896 840 2939 ἔχομεν
858 2894 960 2927 Pont.
1013 2892 1120 2930 Quod
1137 2892 1220 2937 legit
1241 2892 1293 2930 B„
1313 2892 1440 2925 nescio.
1574 2902 1624 2935 17.
1652 2892 1718 2935 γὰρ

132 2948 166 2974 et
183 2955 217 2974 τε
237 2948 417 2984 assumpta
434 2954 475 2975 ex
497 2941 538 2975 Β.
686 2942 738 2975 18.
766 2940 820 2985 δὲ]
845 2945 881 2981 -Js-
903 2941 956 2974 καὶ
976 2939 1067 2973 Edd.
1204 2949 1258 2972 20.
1285 2938 1452 2983 ῥυπαρΐις]
1471 2938 1642 2981 βδελυρᾶς
1659 2938 1718 2971 iid.

135 2999 189 3029 24.
216 2988 268 3020 καὶ
287 2986 322 3022 ὃς
340 2987 398 3021 iid.
589 2987 643 3021 26.
670 2988 942 3033 ἐπιστρέψαντες
960 2986 1020 3020 iid.

192 3054 283 3083 VOL.
307 3055 353 3081 H.
915 3056 942 3093 4
964 3054 988 3080 E

1730 379 1751 404 C

1774 438 1937 469 &Mattlh

1779 494 1805 513 v.
1821 492 1867 521 17,
1887 485 1934 513 ιδ.

1733 1362 1755 1386 a
1787 1353 1872 1387 838
1887 1351 1939 1386 A.

1779 1677 1876 1707 Rom.
1897 1687 1928 1706 v.

1736 2086 1761 2125 b
