2049 3366
147 202 295 226 PASTOR
303 204 355 226 ES-

199 312 364 359 maligna
397 312 522 347 omnia
560 318 824 347 consmnturus
859 311 908 346 sit

203 379 275 413 189
303 390 324 412 a
339 377 389 422 (13
427 376 633 413 Samariam
665 376 907 412 desolandam

198 441 248 476 ait
272 444 345 477 189
368 454 387 477 e
406 454 414 486 3
449 441 496 477 ad
516 442 797 477 conversionem
820 441 905 476 hor-

197 512 297 542 tatur
332 509 404 542 190
433 506 483 552 b3
524 507 657 547 Deum,
690 519 763 541 non
794 506 907 551 Assy—

197 571 285 611 rios,
322 571 533 618 adjutorem
569 571 648 606 sore
682 571 733 606 ait
766 572 834 606 191
869 570 904 610 d,

196 635 373 682 orphanis
409 636 567 671 amicum
606 637 678 671 192
710 648 742 676 a,
775 647 907 682 aegro—

195 700 361 735 tantibus
392 706 602 736 sanatorem
638 702 711 736 192
735 700 778 744 (15
820 712 907 735 con-
941 692 942 732 l

196 777 326 800 versus
358 765 488 806 Israel,
520 765 581 810 ait,
613 765 761 800 florebit
791 770 832 799 ut
862 764 903 799 li-
940 759 942 767 ’

195 829 296 871 lium,
310 835 351 865 ut
374 830 549 873 Libanus,
568 835 607 865 ut
628 829 723 865 oliva
742 832 815 865 193
831 842 851 864 a
865 828 903 873 d;

195 900 232 930 et
270 900 310 930 ut
344 895 463 935 vinea,
497 894 712 930 memoriale
751 893 829 940 ejus
868 893 902 928 in
939 936 940 941 1

195 958 347 995 Christo
387 962 460 996 194
494 972 539 1005 e;
585 960 646 1006 qui
682 959 902 999 humiliavit,
938 951 940 990 ἶ

196 1023 395 1065 Dominus,
414 1024 654 1060 comfortabit
674 1037 759 1060 eum
777 1026 851 1060 195
866 1036 901 1069 c;

193 1101 317 1124 eoram
333 1089 414 1124 Deo
431 1089 637 1130 ambulans,
652 1089 746 1125 feret
761 1089 903 1125 fructus
936 1111 938 1127 ⁴

188 1153 356 1201 justitiae
382 1156 455 1190 195
479 1167 519 1195 e;
557 1156 630 1190 196
653 1154 720 1189 ad.

139 1218 272 1260 oseas,
295 1219 377 1254 Rex
400 1219 548 1255 Israelis
573 1219 738 1258 ultimus,
761 1219 807 1254 ab
828 1219 900 1254 As·
935 1243 937 1249 ‚

193 1284 301 1331 syriis
329 1290 460 1332 captus
486 1289 522 1319 et
547 1284 628 1319 neci
650 1283 758 1319 datus
780 1285 802 1319 9
818 1284 842 1318 b
859 1296 900 1327 c;

192 1349 404 1397 Aegyptios
436 1349 569 1384 auxilio
599 1361 748 1393 vocans,
779 1348 899 1383 stulti-

191 1413 264 1449 tiae
285 1414 455 1461 arguitur
478 1415 552 1450 112
571 1426 611 1455 e:
648 1416 721 1449 113
739 1426 779 1457 a;
811 1425 900 1460 qua—
934 1411 936 1451 ξ

190 1478 235 1513 lis
261 1478 384 1518 fuerit,
407 1490 501 1526 quae
529 1478 672 1519 fecerit,
695 1490 788 1525 quae
816 1490 899 1525 pas·

192 1555 253 1578 sus
271 1543 383 1578 fuerit
407 1545 481 1579 186
503 1555 544 1588 c;
577 1545 654 1579 200
675 1555 716 1587 e;
750 1544 823 1579 708
842 1554 873 1578 e.

137 1607 259 1649 Ostia,
280 1608 357 1643 veri
384 1608 525 1655 templi,
548 1607 805 1643 sacerdotibus
832 1606 899 1642 fal-

191 1673 240 1708 sis
260 1672 491 1708 obstruenda
512 1674 588 1708 528
612 1684 642 1707 a.

136 1736 251 1779 Oves,
291 1737 445 1778 Christi,
481 1743 518 1773 et
553 1737 791 1773 circumcisos
828 1736 898 1772 Ju-

190 1803 317 1842 daeos,
340 1808 377 1838 et
398 1802 581 1837 Ethnicos
604 1801 800 1837 includunt
822 1803 897 1836 467

189 1879 233 1911 c;
268 1879 336 1913 pro
364 1866 506 1914 populo
536 1866 775 1914 generaliter,
805 1866 899 1900 sicut

190 1932 304 1967 boves
338 1943 405 1978 pro
444 1930 713 1971 sacerdotibus,
758 1930 898 1965 dictum

192 1998 269 2032 576
290 2008 331 2040 c;
373 1995 580 2036 occisionis,
617 1995 727 2034 cives,
760 2000 823 2029 aut
852 1994 898 2029 ab

189 2061 372 2101 hostibus,
400 2065 463 2095 aut
491 2072 557 2095 sua
582 2059 750 2107 ipsorum
773 2071 897 2100 manu,

191 2138 332 2166 caesos,
362 2125 575 2173 significant
612 2127 686 2160 758
719 2137 739 2159 a
766 2137 815 2170 e;
861 2124 898 2159 in

191 2189 439 2226 Chananitide
457 2202 571 2236 usque
593 2189 639 2224 ad
656 2188 784 2237 Cyrilli
802 2194 896 2224 tem-

189 2267 290 2302 pora,
318 2255 428 2302 juxta
457 2254 579 2302 legem
610 2254 743 2294 Mosis,
772 2266 898 2301 pasce-

188 2321 325 2355 bantur
335 2321 455 2364 760e;
476 2321 546 2355 761
561 2331 596 2363 a;
619 2331 691 2366 quo
707 2331 818 2354 sensu
832 2318 897 2353 ob-

189 2390 403 2420 servaturae
419 2389 544 2419 essent
560 2383 751 2420 Christum
769 2385 844 2419 765
859 2383 896 2419 d.

135 2449 262 2489 Ozias,
283 2449 367 2484 vide
387 2448 550 2484 Azarias.

506 2566 534 2601 P

134 2645 328 2684 Pisonum,
351 2655 440 2682 non,
462 2642 492 2677 si
515 2653 600 2677 cum
625 2640 747 2688 impiis
767 2653 897 2688 pacem

187 2708 326 2748 ineant,
350 2706 449 2743 beati
469 2711 577 2742 erunt
595 2708 670 2742 455
694 2718 712 2741 c
729 2706 764 2741 d.

134 2773 354 2818 Palaestina,
386 2783 478 2819 quos
511 2769 684 2806 habuerit
717 2770 897 2805 terminos

191 2839 267 2874 222
290 2850 323 2873 e.

136 2901 347 2943 Palaestini,
369 2901 600 2948 alienigenae
620 2904 736 2940 erant,
757 2898 897 2934 scilicet

189 2966 456 3015 Cappadocum
477 2964 599 3000 coloni
622 2966 696 3000 348
719 2963 742 2998 b
758 2975 788 2998 c.

690 190 899 226 INDEX
960 191 1207 227 RERUM.

1668 192 1741 226 725

982 313 1111 352 Panes,
1153 312 1308 348 mortuis
1347 311 1460 346 oblati
1501 311 1546 346 ab
1586 310 1744 345 ethnicis

1038 380 1109 413 128
1136 377 1182 421 b;
1224 376 1402 412 Israelitis
1433 375 1742 424 participantibus

1032 442 1146 477 exitio
1166 448 1270 477 erant
1297 443 1369 477 128
1393 453 1424 476 c.

978 507 1099 546 Panis,
1132 519 1205 541 non
1238 518 1376 547 versus,
1408 505 1557 541 Israelis
1587 517 1740 551 corrup-

1031 571 1170 606 tionem
1199 571 1388 617 significat
1418 573 1488 606 111
1514 583 1555 615 e;
1588 570 1739 617 spiritu-

1030 636 1107 675 alis,
1164 636 1361 671 confirmat
1416 635 1529 670 corda
1582 637 1655 670 194
1691 647 1739 679 a;

1032 703 1103 736 351
1129 713 1173 743 a3
1210 701 1323 736 Vivus
1347 706 1384 736 et
1405 700 1583 740 vivificus,
1606 712 1740 747 nempe

1030 765 1205 801 Christus
1234 767 1307 801 211
1332 765 1376 809 b;
1414 767 1485 801 271
1513 765 1556 809 d;
1595 767 1670 802 292
1694 765 1739 809 d;

1029 830 1065 865 in
1094 830 1325 865 Eucharistia
1352 830 1461 865 (latus
1487 832 1563 866 224
1586 842 1627 873 e;
1659 829 1738 876 pol-

1027 895 1128 930 lutus
1173 895 1382 930 Malachiae
1425 901 1607 941 tempore,
1654 894 1737 929 Deo

1028 959 1173 995 oblatus
1214 961 1290 995 824
1330 959 1352 994 b
1383 972 1426 1003 e;

1027 1030 1086 1060 tae
1107 1036 1219 1071 purae
1235 1024 1460 1071 symbolum,
1478 1023 1736 1064 fermentatus,

1476 971 1640 1006 azymus,
1681 958 1733 993 vi-

1025 1089 1191 1136 impurae
1218 1090 1294 1124 825
1316 1088 1360 1133 l›;
1397 1088 1468 1123 alio
1495 1100 1620 1128 sensu,
1649 1101 1736 1136 azy-

1026 1166 1108 1189 mus
1130 1153 1321 1189 Christum
1345 1153 1567 1199 significavit
1590 1155 1667 1189 836
1685 1165 1717 1189 e.

971 1219 1168 1260 Panthera,
1184 1218 1312 1265 judicii
1335 1231 1446 1265 quam
1472 1217 1652 1253 celerrimi
1675 1223 1733 1265 ty-

1025 1296 1094 1331 pus
1121 1286 1170 1319 93
1192 1283 1238 1328 d;
1284 1283 1523 1330 Assyriorum
1558 1282 1734 1318 saevitiae

1024 1349 1145 1396 figura
1169 1350 1243 1384 184
1262 1361 1293 1383 c.

972 1411 1167 1452 Parabola.
1191 1411 1409 1452 Ezechielis
1428 1412 1473 1447 dc
1490 1412 1568 1447 uvis
1590 1412 1732 1447 acerbis

1025 1479 1101 1513 254
1122 1477 1166 1520 b;
1208 1476 1367 1524 quodvis
1401 1476 1438 1511 in
1470 1488 1533 1512 ore
1565 1476 1731 1512 omnium

1023 1542 1218 1589 vulgatum
1240 1541 1422 1590 significat
1445 1543 1520 1577 407
1542 1554 1575 1576 a.

970 1606 1160 1646 Parabola,
1190 1605 1352 1647 Coenae,
1379 1605 1424 1641 de
1451 1605 1629 1641 Gentium
1658 1605 1731 1640 ala-

1023 1671 1165 1711 critate,
1187 1670 1336 1705 Israelis
1356 1669 1501 1710 inertia,
1519 1669 1730 1717 intelligen-

1022 1736 1068 1770 da
1090 1737 1166 1771 633
1183 1747 1212 1770 c.

969 1800 1184 1839 Pambolae,
1225 1812 1245 1834 a
1290 1799 1487 1846 Prophetis
1531 1798 1728 1846 plurimum

1021 1864 1192 1904 usitatae,
1216 1864 1406 1899 doctrinae
1427 1875 1540 1899 causa
1564 1865 1637 1899 199
1659 1863 1695 1898 d.

966 1927 1193 1968 Paracletus,
1223 1940 1398 1975 praesens
1426 1927 1617 1963 Ecclesiae
1642 1941 1731 1963 con-

1021 1993 1160 2028 solator
1181 1995 1257 2028 640
1278 1993 1301 2027 b
1318 2005 1349 2027 e.

967 2058 1144 2098 Pardalis,
1162 2057 1398 2104 Assyriorum
1416 2056 1590 2092 saevitiae
1606 2057 1731 2104 figura

1025 2124 1098 2158 184
1116 2135 1160 2167 03
1192 2121 1327 2157 animal
1349 2121 1581 2156 saltatorium
1605 2124 1681 2158 525
1696 2135 1730 2158 a.

966 2187 1181 2227 Parturitio‚
1211 2186 1418 2224 mulierum.
1442 2185 1619 2221 Israelitis
1647 2186 1729 2234 glo-

1019 2251 1073 2287 ria
1106 2253 1179 2287 138
1208 2263 1251 2295 a3
1297 2263 1364 2298 pro
1395 2250 1480 2285 belli
1510 2256 1546 2285 et
1576 2251 1731 2298 captivi-

1020 2316 1106 2352 tatis
1151 2315 1341 2351 doloribus
1380 2314 1520 2350 dictum
1566 2317 1639 2351 186
1676 2316 1698 2351 b
1720 2327 1729 2360 ;

1020 2380 1231 2428 spiritualis,
1254 2379 1341 2427 quid
1364 2379 1411 2415 sit
1433 2381 1509 2415 566
1532 2393 1566 2415 a.

967 2446 1100 2481 Partus
1127 2444 1297 2492 Virginis
1326 2444 1487 2480 Sanctae
1518 2444 1730 2491 praedictus

1021 2512 1097 2546 436
1119 2522 1138 2545 e
1154 2523 1162 2555 3
1196 2512 1271 2545 437
1291 2521 1323 2544 a.

966 2575 1118 2616 Pascua,
1138 2580 1331 2622 pastorum
1362 2585 1434 2620 quo
1460 2585 1571 2608 sensu
1598 2573 1729 2620 lugen-

1019 2640 1071 2676 fia
1104 2641 1180 2676 252
1214 2651 1257 2683 e;

1020 2716 1200 2752 pauperes
1223 2704 1298 2738 287
1320 2714 1361 2748 e3
1395 2705 1469 2738 333
1492 2714 1524 2738 e.

966 2769 1152 2811 Passeres,
1176 2767 1423 2814 superborum
1444 2773 1555 2814 typus
1577 2769 1652 2802 277
1671 2766 1709 2803 d.

969 2834 1112 2874 Pastor,
1135 2831 1276 2873 Bonus,
1299 2831 1521 2867 describitur
1541 2833 1617 2866 437
1636 2843 1668 2866 c.

967 2897 1153 2938 Pastores‚
1181 2896 1227 2932 de
1255 2895 1496 2944 principibus,
1526 2895 1631 2943 quasi
1661 2909 1730 2944 po-

1020 2962 1145 3011 pulum
1181 2961 1252 2997 huc
1288 2961 1375 2997 illue
1406 2960 1618 3009 agentibus,
1653 2960 1728 2996 dic-

1303 2637 1472 2678 divitum,
1509 2650 1581 2684 quo
1618 2650 1728 2673 sensu
