2007 3366
311 183 367 223 66
700 183 749 223 Β.
793 178 1067 223 CYRILLI
1106 174 1494 218 ALEXANDR.
1740 168 1799 209 iii.
1822 180 1885 221 19.

273 298 340 343 e“
365 291 413 342 δὲ
463 291 698 360 φονευταί.
761 289 816 341 τὸ
865 287 1086 354 ἀργύριον
1136 287 1264 350 ὑμῶν
1309 283 1543 346 ἀδόκιμον,
1593 284 1635 332 οἱ
1683 276 1891 341 κάπηλοί

313 381 341 404 “
365 397 457 425 σου
482 374 713 440 μίσγουσι
747 371 830 423 τὸν
865 368 989 421 οἶνον
1015 370 1160 430 ὕδατι,
1185 371 1226 418 οἱ
1259 365 1480 434 ἄρχοντές
1511 387 1602 415 σου
1628 363 1888 421 ἀπειθοῦσι,

315 464 341 486 “
367 459 575 507 κοινωνοὶ
631 458 860 515 κλεπτῶν,
914 454 1188 517 ἀγαπῶντες
1248 452 1394 515 δῶρα,
1448 447 1689 499 διώκοντες
1749 446 1890 494 ἀντα-

313 545 342 568 “
367 537 571 602 πόδομα,
628 538 849 605 ὀρφανοῖς
906 534 960 585 οὐ
1011 533 1241 599 κρίνοντες
1304 533 1379 582 καὶ
1439 530 1590 597 κρίσει
1639 526 1785 596 χήρας
1836 524 1890 576 οὐ

315 629 342 651 “
367 619 724 688 προσέχοντεςΫ
1910 625 1933 662 5

251 799 297 835 19
396 791 483 832 Οὐκ
510 789 621 832 ἐστὶν
650 786 759 831 ἴασις
786 792 836 846 n?
865 791 1061 845 συντριβῆι
1089 801 1176 837 σου,
1202 785 1468 841 ἑφλέεπμοινεν
1495 783 1518 823 ἡ
1546 781 1684 828 nmis-{⁴
1713 795 1802 822 σου.

97 911 174 945 515
196 910 246 944 A.
277 918 299 942 a
380 894 538 945 ‘'Orav
564 916 608 944 τι
633 893 874 960 συμβαίνῃ
901 895 994 942 τῶν
1019 892 1261 942 ἀπευκτῶν
1291 892 1471 945 παθεῖν,
1500 889 1537 936 εὶ
1563 884 1646 949 μὲν
1672 883 1730 934 ’lot
1755 887 1894 933 τοῦτο

315 976 681 1043 μεμετρημένως,
722 977 798 1026 καὶ
838 975 939 1041 οὐχὶ
980 972 1035 1037 δὴ
1078 971 1265 1024 πάντως
1307 970 1427 1035 πέρα
1466 974 1547 1019 τοῦ
1593 965 1891 1030 καθήκοντος,

315 1064 450 1116 ἐλπὶς
486 1062 681 1113 ὕπεστιν
710 1059 864 1126 ἀγαθὴ
891 1064 985 1112 τοῖς
1016 1061 1082 1127 τῷ
1116 1060 1280 1108 παθεῖν
1308 1051 1698 1119 ὑπενηνεγμένοις,
1726 1050 1795 1101 ὅτι
1820 1051 1894 1100 καὶ

317 1146 597 1213 ἀνασφῆλαι
635 1141 916 1206 δυνήσονται
955 1138 1164 1205 καθάπερ
1198 1139 1253 1208 ἐξ
1287 1137 1550 1204 ἀῤῥωστίας
1577 1134 1650 1185 ἐπὶ
1675 1131 1728 1184 τὸ
1755 1131 1891 1182 δυ’να-
1920 1154 1965 1179 ιο

317 1230 432 1278 σθαι
470 1230 680 1288 διαβιοῦν
711 1226 940 1278 εὐσθενῶς
967 1225 1041 1273 καὶ
1075 1221 1144 1273 ὅτι
1176 1219 1537 1287 μετοιχήσονται
1575 1215 1693 1281 πρὸς
1727 1215 1890 1278 εὐημε-

317 1310 436 1376 ριάν,
463 1307 805 1374 ἀνενεγκόντων
843 1306 996 1359 αὐτοῖς
1033 1308 1127 1355 τῶν
1165 1301 1455 1370 πραγμάτων
1488 1302 1561 1351 ἐπὶ
1599 1298 1652 1349 τὸ
1691 1297 1892 1361 ἄμεινον.

318 1391 503 1444 ἐπειδᾶν
522 1391 570 1442 δὲ
594 1394 656 1445 εἰς
681 1389 821 1458 λῆξιν
841 1390 994 1441 αὐτοῖς
1019 1385 1295 1450 ἀθλιότητος
1321 1382 1516 1451 προήκοι
1541 1381 1599 1432 τὰ
1623 1379 1895 1447 πράγματα,

276 1474 424 1526 ὺτὸτε
464 1472 520 1538 δὴ
558 1472 745 1526 πάντως
781 1469 1128 1538 δυσδιάφυκτος
1170 1469 1197 1532 ἡ
1236 1465 1479 1535 συμφορὰ,
1514 1468 1704 1527 μᾶλλον
1739 1462 1786 1512 δὲ
1821 1463 1896 1511 καὶ

319 1560 564 1610 παντελῶς
598 1553 882 1621 ἀνεξίτητος.
937 1557 1075 1604 τοῦτο
1110 1551 1330 1617 παθούσῃ
1365 1553 1423 1616 τῇ
1451 1546 1623 1609 Νινευῒ,
1650 1546 1800 1613 φησὶν
1827 1543 1896 1594 ὅτι
1920 1562 1966 1600 15

322 1641 397 1690 καὶ
424 1639 677 1705 συνετρίβη
704 1639 779 1688 καὶ
805 1635 1044 1697 ἀπόλωλε,
1071 1637 1144 1685 καὶ
1170 1636 1252 1696 τῆς
1278 1637 1360 1683 τοῦ
1390 1630 1619 1682 δύνασθαι
1653 1627 1898 1692 θεραπείας

321 1727 476 1790 τυχεῖν
514 1718 893 1788 συνανῃρημένης
933 1717 1120 1770 ἐλπίδος
1159 1717 1233 1767 καὶ
1272 1713 1506 1766 οἱονείπως
1544 1711 1720 1764 ἀθλίως
1757 1731 1898 1759 κατα-

322 1803 698 1873 φλεγμαίνοντος
761 1806 843 1853 τοῦ
904 1805 1048 1851 κακοῦ
1108 1800 1184 1850 καὶ
1238 1795 1323 1861 τὴν
1373 1795 1582 1863 ἐσχάτην
1639 1791 1711 1861 ἐφ’
1759 1793 1898 1859 ἑαυτῇ

323 1887 566 1955 ζητοῦντος
603 1885 766 1949 Τομήν.

389 1968 504 2020 “On
531 1968 578 2020 δὲ
603 1970 678 2019 καὶ
709 1969 756 2018 ἐν
780 1966 960 2019 τούτοις
985 1965 1174 2031 γε’γονεν
1199 1963 1227 2027 ἡ
1254 1960 1545 2028 κυριοκτόνος
1569 1956 1899 2025 Ἰερουσαλὴμ,
1921 1983 1970 2009 20

325 2051 510 2118 ἀτρεκὲς
535 2055 691 2102 εἰπεῖν.
757 2047 994 2101 πολλάκις
1025 2045 1111 2111 μὲν
1136 2044 1227 2111 γὰρ
1266 2042 1540 2107 ἐπλήττετο,
1582 2039 1901 2092 καταθεόντων

328 2135 468 2198 αὐτῆς
500 2138 594 2185 τῶν
625 2134 819 2200 ἐχθρῶν,
845 2131 954 2181 ἀλλ’
984 2128 1271 2193 ἠκολούθουν
1298 2129 1343 2176 αἱ
1369 2128 1618 2192 θεραπεῖαι,
1646 2122 1896 2173 κατοικτεί-

288 2239 491 2283 οροντος
539 2219 665 2267 Θεοῦ
714 2216 789 2266 καὶ
840 2211 936 2264 οἷον
986 2208 1447 2274 καταμαλάσσοντος
1505 2204 1591 2270 τὴν
1638 2209 1902 2267 συμβᾶσαν

328 2300 482 2352 αὐτοῖς
508 2299 696 2364 πληγήν.
763 2295 917 2360 ἐπειδὴ
953 2294 1001 2346 δὲ
1032 2291 1430 2361 πεπαρῳνήκασιν
1456 2293 1517 2343 εὶς
1547 2287 1629 2339 τὸν
1655 2291 1748 2337 τῶν
1774 2285 1901 2337 ὅλων

328 2379 598 2445 Δεσπότην,
637 2379 889 2445 συνετρίβη
928 2379 1003 2429 καὶ
1040 2399 1253 2428 πεπτωκε
1293 2376 1367 2425 καὶ
1404 2376 1480 2424 οὐκ.
1518 2369 1575 2434 ἧν
1609 2371 1744 2432 ἴασις,
1784 2367 1902 2420 κατὰ
1922 2388 1969 2427 25

327 2463 412 2527 τὴν
467 2468 549 2514 τοῦ
604 2461 863 2531 Προφήτου
916 2458 1094 2530 φωνὴν,
1145 2456 1443 2522 ἀμάλθακτος
1499 2452 1548 2503 δὲ
1604 2453 1678 2503 καὶ
1734 2451 1762 2514 ἡ
1809 2454 1903 2501 τῶν

327 2544 701 2610 συμβεβηκότων
751 2544 904 2597 αὐτοῖς
954 2540 1272 2605 ἀπομεμένηκε
1323 2533 1595 2606 φλεγμονή.
1666 2532 1904 2598 τοιγάρτοι

380 2688 409 2712 ῐ.
434 2676 540 2722 ὑμῶν]
565 2681 601 2717 -†-
623 2676 717 2710 ἐστὶν
736 2675 782 2710 D.
912 2685 943 2708 2.
969 2670 1164 2717 ἀπειθοῦσι]
1184 2669 1330 2705 ἀπειθεῖς
1349 2666 1439 2702 Edd.
1564 2674 1596 2710 7.
1622 2664 1703 2699 ὅταν
1719 2663 1768 2709 τι]
1788 2664 1903 2697 Πάντα

330 2723 390 2757 iid.
451 2724 601 2767 συμβαίῃ
622 2723 663 2756 Β.
682 2723 792 2757 invito
811 2721 857 2756 D.
908 2722 1014 2764 συμβ.
1034 2725 1113 2764 post
1129 2719 1300 2752 ἀπευκτῶν
1317 2722 1447 2758 transp.
1469 2713 1513 2746 D.
1742 2712 1775 2745 8.
1802 2709 1903 2753 καθῆ-

330 2770 462 2815 κοντος]
485 2776 521 2811 —†-
541 2772 647 2815 λόγου
665 2770 711 2805 D.
832 2795 836 2798 -
919 2779 970 2812 13.
998 2767 1080 2801 ἐπὰν
1097 2766 1131 2800 δέ
1152 2765 1198 2799 D.
1247 2763 1358 2797 αὐτοῖς
1374 2772 1444 2794 om.
1464 2759 1510 2793 D.
1562 2757 1687 2792 Statim
1704 2758 1905 2800 ἀθλιοτάτην

332 2816 423 2850 Edd.
616 2826 667 2861 15.
693 2816 884 2860 ἀνεξίτητος
900 2816 1072 2849 παντελῶς
1089 2813 1226 2847 inverso
1243 2808 1364 2844 ordine
1382 2807 1428 2840 D.
1477 2804 1633 2849 παθούσῃ
1651 2803 1708 2850 τῇ]
1728 2803 1904 2847 παθούσης

331 2864 390 2906 τῆς
408 2861 500 2897 Edd.
673 2864 725 2898 16.
752 2864 805 2897 καὶ
823 2862 975 2907 primum
993 2872 1065 2895 om.
1084 2860 1130 2893 D.
1180 2857 1232 2892 καὶ
1250 2852 1460 2898 secundum]
1485 2857 1521 2893 -1-
1543 2851 1595 2887 ὅτι
1614 2851 1705 2886 Edd.
1725 2851 1835 2885 invito
1854 2850 1902 2884 D.

333 2920 388 2943 20.
415 2909 467 2942 καὶ
484 2921 553 2943 om.
574 2910 619 2944 D.
670 2911 795 2945 Statim
813 2910 887 2954 γὲγ.
906 2908 941 2942 ἐν
957 2906 1086 2942 τούτοις
1103 2906 1240 2940 inverso
1265 2901 1385 2937 ordine
1404 2900 1449 2934 D.
1685 2909 1740 2932 21.
1765 2898 1829 2943 γὰρ
1847 2908 1902 2930 as-

333 2964 514 3000 sumptum
532 2967 572 2990 ex
594 2956 685 2992 13.D.
735 2956 919 2999 ἐπλὴττετο
936 2961 969 2988 et
985 2954 1151 2988 πολλάκις
1167 2952 1255 2986 inter
1272 2961 1308 2984 se
1326 2954 1458 2991 transp.
1479 2946 1525 2980 D.
1702 2955 1757 2979 22.
1782 2942 1900 2988 αὐτῆς]

333 3002 436 3045 αὐτὴν
457 3002 546 3036 Edd.
737 3014 791 3045 24.
818 3000 946 3046 αὐτοῖς]
966 3001 1047 3044 αὐτῇ
1067 2999 1125 3034 iid.
1314 2994 1369 3029 26.
1394 3008 1428 3028 τε
1449 3005 1509 3038 pro
1527 2993 1562 3027 δὲ
1583 2993 1629 3027 D.
