1997 3361
84 182 108 222 i.
137 198 199 236 14.
538 185 604 225 IN
654 186 915 227 NAHUM.
975 185 1126 225 TOM.
1167 185 1196 225 1.
1602 186 1651 223 31

81 298 108 320 “
134 314 220 342 σεν
246 292 409 345 αὐτοὺς
443 294 491 343 ἐν
517 297 582 361 τῷ
616 294 849 363 χειμάῤῥῳ
884 299 978 344 τῶν
1009 295 1195 359 κε’δρων,
1222 295 1294 342 καὶ
1320 292 1569 342 ε’λέπτυνεν
1596 297 1658 344 εἰς

82 380 110 402 “
136 380 265 440 χοῦν,
294 377 368 425 καὶ
403 375 564 442 ἔρριψε
598 375 680 425 τὸν
714 381 828 442 χοῦν
855 377 1007 426 αὐτῶν
1042 380 1104 428 εἰς
1139 374 1220 425 τὸν
1253 374 1407 441 τάφον
1431 379 1523 424 τῶν
1551 377 1659 424 υἱῶν

81 463 109 484 “
134 462 217 507 τοῦ
259 458 423 507 λαοῦ.”
493 457 656 521 συνίης
701 458 801 519 οὖν,
847 458 972 511 ὅπως
1015 459 1113 508 τισὶ
1154 456 1375 506 τέθεινται
1421 457 1547 523 ταφή
1589 479 1658 508 τις

81 536 244 604 ὥσπερ
286 538 346 590 re).
383 537 594 602 χωνευτέι,
637 542 711 590 καὶ
753 538 1105 609 ἐξωλοθρεύθησαν
1145 539 1190 608 ἐξ
1232 542 1344 590 οἴκου
1388 539 1562 604 Κυρίου
1600 538 1659 589 τὰ,

38 640 60 676 5
81 621 273 686 ’γλυπτοὶ
291 643 303 682 ;

157 703 463 754 Πιστώσεται
506 702 554 753 δὲ
595 702 677 754 τὸν
719 705 792 754 ἐπὶ
832 706 947 772 τῷδε
992 702 1139 768 λόγον
1184 706 1258 754 καὶ
1301 703 1434 769 ἑτέρα
1478 702 1658 770 γραφή.

82 784 174 852 ἔφη
215 784 308 851 γὰρ
347 786 492 839 οὕτως
526 788 574 837 ἐν
611 790 668 853 τῇ
703 786 890 853 δευτέρᾳ
924 790 1018 836 τῶν
1055 786 1486 850 Παραλειπομένων
1520 794 1546 815 “
1573 785 1659 836 Ἐν

84 875 110 896 “
136 871 202 936 τῷ
240 866 394 936 ὀγδόῳ
427 867 513 918 ἔτει
550 871 632 931 τῆς
665 869 915 928 βασιλείας
951 869 1135 918 αὐτοῦ·”
1183 871 1329 931 δῆλον
1374 868 1419 918 δὲ
1463 868 1533 918 ὅτι
1576 871 1658 932 τῆς

82 950 286 1001 Ἰωσίου·
347 957 373 979 “
393 951 468 1000 καὶ
512 950 648 1004 αὐτὸς
698 951 762 1000 ἔτι
813 948 1058 1015 παιδάριον
1102 949 1281 1018 ἤρξατο
1331 956 1413 1000 τοῦ
1463 950 1659 1016 ζητῆσαι

18 1049 64 1075 10
85 1041 111 1062 ‘⁶
139 1032 314 1097 Κύριον
347 1031 429 1083 τὸν
463 1032 588 1083 Θεὸν
626 1034 801 1082 Δαυεὶδ
841 1037 923 1082 τοῦ
957 1030 1135 1098 πατρὸς
1179 1033 1336 1083 αὐτοῦ·
1399 1034 1473 1082 καὶ
1510 1034 1558 1082 ἐν
1595 1036 1661 1101 τῷ

84 1122 111 1144 “
137 1115 379 1184 δωδεκάτῳ
412 1114 500 1165 ε”τει
537 1117 618 1178 τῆς
651 1114 901 1174 βασιλείας
926 1115 1067 1164 αὐτοῦ
1095 1113 1274 1182 ἤρξατο
1299 1119 1381 1164 τοῦ
1409 1115 1660 1180 καθαρίσαι

85 1204 112 1227 “
137 1197 219 1248 τὸν
256 1196 437 1247 Ἰούδαν
472 1199 547 1247 καὶ
587 1195 672 1260 τὴν
709 1194 1025 1262 Ἰερουσαλὴμ
1069 1195 1163 1247 ἀπὸ
1205 1200 1299 1246 τῶν
1339 1198 1542 1264 ὑψηλῶν
1586 1199 1660 1247 καὶ

84 1286 112 1308 “
137 1283 231 1330 τῶν
258 1279 448 1329 ἀλσέων
473 1281 547 1329 καὶ
579 1277 672 1329 ἀπὸ
700 1282 793 1328 τῶν
818 1281 1072 1345 χωνευτῶν,
1099 1280 1174 1328 καὶ
1207 1277 1517 1346 κατέσκαψαν
1542 1278 1660 1329 κατὰ

86 1369 112 1391 “
136 1362 398 1427 πρόσωπον
447 1361 588 1411 αὐτοῦ
637 1360 695 1411 τὰ
753 1359 1070 1426 θυσιαστήρια
1128 1365 1220 1410 τῶν
1267 1360 1425 1423 Βάαλ,
1478 1363 1552 1411 καὶ
1602 1360 1662 1410 τὰ

150 1445 161 1459 C
288 1442 300 1460 N
381 1443 394 1460 Χ
446 1445 455 1459 )
491 1445 501 1458 ἱ
573 1444 583 1458 9
631 1447 650 1457 Α
784 1444 797 1461 X
841 1442 863 1460 -Ἰ
1050 1441 1062 1459 Χ
1112 1442 1134 1460 ³!
1320 1444 1333 1460 N
1402 1441 1414 1458 Χ
1619 1442 1630 1457 Χ

19 1455 65 1494 15
87 1451 113 1474 ‘⁶
139 1447 307 1513 υψηλα
340 1467 400 1494 τα
433 1467 492 1494 επ
530 1467 695 1505 αυτων,
723 1466 799 1493 και
833 1446 977 1509 εκοψε
1009 1465 1068 1492 τα
1100 1450 1232 1507 αλση
1260 1466 1335 1493 και
1362 1466 1421 1493 τα
1446 1449 1658 1508 γλυπτα,

85 1533 113 1555 “
140 1529 214 1576 καὶ
251 1525 311 1576 τὰ
351 1525 559 1593 χωνευτά
590 1525 843 1593 συνέτριψε
882 1526 959 1575 καὶ
990 1525 1211 1576 ε’λέπτυνε
1250 1526 1326 1575 καὶ
1367 1525 1558 1592 ἔρριψεν
1590 1526 1662 1576 ἐπὶ

87 1614 113 1636 “
137 1607 398 1673 πρόσωπον
435 1612 528 1659 τῶν
566 1608 821 1672 μνημάτων
854 1612 947 1658 τῶν
991 1606 1308 1672 θυσιαζόντων
1353 1608 1522 1660 αὐτοῖς·
1591 1609 1666 1658 καὶ

86 1697 112 1719 “
137 1691 262 1740 ὀστᾶ
300 1689 454 1756 ἱερέων
489 1690 774 1741 κατέκαυσεν
807 1690 881 1741 ε’πῖ
916 1688 975 1740 τὰ
1015 1689 1346 1755 θυσιαστήρια,
1386 1691 1460 1739 καὶ
1500 1689 1666 1740 ἐκαθά-

85 1778 113 1801 “
139 1795 243 1838 ρισε
284 1771 366 1823 τὸν
402 1772 583 1824 Ἰούδαν
621 1777 696 1823 καὶ
739 1771 824 1836 τὴν
861 1772 1220 1838 Ἱερουσαλήμ.”
1283 1773 1449 1822 οὐκοῦν
1490 1771 1663 1822 διολώ-

19 1870 68 1895 20
87 1863 233 1905 λασιν
263 1855 330 1906 ἐπ’
359 1857 512 1909 αὐτοῖς
549 1855 800 1918 τεμένεσιν,
840 1857 901 1908 ὡς
940 1854 1072 1923 ἔφην,
1113 1856 1188 1905 καὶ
1226 1857 1418 1916 βωμοῖς,
1457 1855 1532 1903 καὶ
1570 1857 1666 1906 τοῖς

87 1942 332 2004 χωνευτοῖς
365 1939 612 2004 μονονουχὶ
642 1936 1006 1998 συνεθάπτοντο,
1033 1935 1153 1986 κατὰ
1184 1935 1266 1986 τὸν
1296 1941 1379 1986 τοῦ
1405 1934 1665 2003 Προφήτου

87 2018 247 2085 λόγον.
297 2019 453 2069 ἰστέον
480 2018 544 2082 δὲ,
567 2019 636 2070 ὅτι
666 2018 785 2070 κατά
809 2043 862 2085 γε
888 2018 995 2071 τοὺς
1021 2016 1215 2086 χρόνους
1232 2017 1439 2083 Ἐζεκίου
1457 2016 1663 2085 προεφή-

87 2123 252 2152 τευσεν
284 2102 308 2151 ὁ
336 2100 521 2164 Ναούμ.
588 2098 685 2151 εἶτα
723 2101 915 2166 γέγονεν
947 2102 996 2151 ἐκ
1033 2099 1117 2164 μὲν
1143 2099 1349 2165 Ἐζεκίου
1376 2102 1664 2162 Μανασσῆς,

89 2182 140 2237 ὃς
176 2184 518 2245 βεβασίλευκεν
556 2182 634 2246 ἐτη
677 2184 812 2233 πέντε
853 2185 928 2233 καὶ
973 2181 1278 2246 πεντήκοντα·
1324 2183 1574 2243 Μανασσῆ
1617 2180 1666 2231 δὲ

23 2282 70 2320 25
91 2265 185 2319 υἱὸς
207 2265 380 2329 Ἀμὼς,
408 2263 458 2319 ὃς
484 2264 562 2328 ε”τη
589 2264 723 2324 μόλις
750 2267 906 2325 διεβίω
940 2264 1041 2327 δύο,
1070 2266 1145 2315 καὶ
1184 2265 1279 2326 μετ’
1310 2264 1478 2314 ἐκεῖνον
1506 2265 1530 2313 ὁ
1557 2263 1660 2314 Ἰω-

89 2349 210 2410 σίας,
236 2348 307 2417 ἐφ’
338 2347 391 2398 οὗ
429 2345 488 2397 τὰ
521 2349 602 2410 τῆς
639 2348 925 2414 προφητείας
959 2345 1283 2413 πεπλήρωται,
1313 2344 1434 2396 καθὰ
1467 2345 1666 2413 δέδειχεν

90 2431 199 2494 ἡμῖν
223 2431 389 2497 ἀρτίως
416 2430 441 2480 ὁ
467 2428 627 2494 λόγος.

141 2580 171 2603 1.
206 2568 326 2604 αὐτοὺς
354 2568 396 2603 Β.
427 2569 507 2602 αὐτὸ
536 2568 626 2602 Edd.
662 2568 738 2613 (74.
768 2568 867 2613 243.)
900 2567 1016 2613 [αὐτὸν
1045 2567 1143 2613 Van]
1205 2571 1270 2601 τῶν
1302 2573 1522 2611 assumptum
1552 2580 1592 2601 ex
1624 2568 1666 2603 B.

93 2627 125 2650 2.
150 2616 258 2650 αὐτῶν
276 2615 369 2650 Β.Ι).
389 2615 509 2660 (245.)
527 2616 628 2649 αὐτοῦ
648 2615 738 2648 Edd.
904 2627 937 2660 3.
964 2616 1004 2650 τὰ
1022 2617 1171 2660 χωνευτὰ
1189 2615 1304 2658 ὥσπερ
1323 2629 1372 2649 τις
1388 2614 1500 2659 ταφὴ;
1528 2615 1666 2649 inverso

91 2662 214 2696 ordine
233 2662 279 2696 D.
434 2671 465 2708 7.
493 2664 539 2708 τῷ
558 2661 700 2708 δευτέρῳ
720 2662 765 2695 D.
922 2663 955 2695 8.
982 2665 1028 2707 τῷ
1047 2674 1117 2695 om.
1138 2662 1183 2695 D.
1233 2663 1289 2704 τῆς
1306 2660 1439 2694 Ἰωσίου
1457 2662 1491 2695 δέ
1510 2661 1666 2704 δηλονότι

91 2709 230 2743 inverso
247 2708 367 2743 ordine
385 2709 431 2743 D.
578 2720 630 2743 10.
650 2709 770 2742 Δαυεὶδ
789 2716 1010 2753 assumptum
1028 2721 1069 2742 ex
1088 2709 1135 2742 D.
1158 2707 1270 2753 [deest
1288 2708 1322 2740 in
1342 2707 1406 2740 XI.
1430 2719 1479 2753 19,
1496 2719 1550 2752 71,
1568 2708 1664 2754 108]

96 2767 149 2800 13.
183 2755 248 2789 ἀπὸ
277 2755 358 2800 τῶν]
390 2760 427 2796 -1-
449 2757 608 2801 γλυπτῶν
634 2757 686 2789 καὶ
712 2754 803 2789 Edd.
866 2755 1086 2798 κατέσκαψαν
1112 2755 1154 2788 Β.
1185 2754 1260 2797 (60,
1287 2754 1342 2796 64,
1366 2765 1441 2797 119,
1465 2755 1539 2797 158,
1565 2755 1666 2800 243.)

93 2801 300 2836 κατέκαυσαν
328 2802 373 2836 D.
404 2801 599 2847 κατέσκαψε
629 2801 721 2836 Edd.
748 2802 824 2846 (19.
843 2801 906 2845 al.)
935 2800 1145 2847 [κατέσπασε
1172 2801 1253 2834 Yat.
1284 2801 1521 2846 κατέστρεψαν
1545 2801 1664 2846 Alex]

97 2860 150 2891 14.
175 2852 240 2883 τῶν
260 2849 352 2882 B.D.
369 2851 428 2882 τοῦ
446 2848 538 2882 Edd.
715 2849 767 2882 18.
793 2848 847 2881 ἐπὶ
864 2849 904 2881 τὰ
922 2847 1147 2891 θυσιαστήρια
1167 2847 1211 2880 D.
1231 2847 1285 2881 ἐπὶ
1302 2847 1340 2881 τὸ
1358 2848 1602 2891 θυσιαστήριον
1621 2849 1664 2882 Β.

93 2895 185 2929 Edd.
344 2906 399 2929 20.
426 2896 469 2930 ὡς
486 2896 573 2940 ἕφην
589 2895 743 2940 τεμένεσι
760 2896 898 2928 inverso
916 2895 1036 2928 ordine
1055 2894 1100 2927 D.
1264 2905 1319 2928 21.
1345 2896 1405 2928 τοῦ
1421 2894 1600 2946 προφήτου
1620 2895 1666 2929 D.

93 2944 150 2985 τῆς
167 2942 374 2986 προφητείας
391 2941 483 2976 Edd.
791 2953 845 2975 22.
870 2956 909 2986 γε
927 2953 995 2974 om.
1019 2941 1063 2974 D.
1112 2940 1258 2982 Ἐζεκίου
1276 2942 1417 2985 χρόνους
1435 2953 1504 2975 lnv.
1523 2941 1599 2975 ord.
1620 2942 1665 2975 D.

96 2999 149 3033 23.
178 2990 337 3033 Μανασῆς
356 2993 389 3024 et
409 2990 551 3033 Μανασῆ
572 2989 617 3023 D.
727 3000 780 3033 25.
808 2987 917 3032 Ἀμὼν
935 2987 1025 3022 Edd.
1045 2988 1161 3022 invitis
1181 2987 1273 3022 BJ).
1324 2989 1341 3021 ὁ
1360 2988 1455 3023 deest
1472 2990 1508 3022 in
1526 2988 1617 3023 Edd.

1677 560 1698 586 0

1723 808 1738 829 2
1761 799 1833 830 Par.

1721 844 1833 875 xxxiv.

1722 895 1795 926 3-5·

1680 1465 1701 1488 a
1730 1455 1816 1490 493
1831 1455 1881 1490 A.

1681 2021 1708 2061 b
