2060 3387
136 183 175 207 x.
202 177 239 220 7.
502 169 574 209 IN
618 168 1038 209 ZACIIARIAM.
1100 168 1251 208 TOM.
1286 167 1365 207 IV.
1645 168 1729 207 439

205 280 347 321 αὐτῶν
390 280 544 331 ὄψεται
590 281 653 322 καὶ
704 282 1064 337 εὐφρανθήσεται,
1116 280 1183 320 καὶ
1229 280 1461 336 χαρήσεται
1506 279 1528 318 ἐι
1577 277 1729 334 καρδία

206 362 348 404 αὐτῶν
386 363 454 404 ἐπὶ
493 366 554 417 τῷ
595 364 744 420 Κυρίῳ.

213 525 325 571 Τῶν
363 519 489 572 οἶνον
527 521 852 572 ἐκπεποκότων
890 521 1087 585 ἐκμελὴς
1127 523 1200 571 ἀεί
1234 544 1334 574 πως
1373 522 1504 570 ἐστὶν
1539 520 1564 569 ὁ
1601 523 1728 580 νοῦς,

140 604 215 653 καὶ
250 604 499 671 φροντίδος
535 603 906 669 καταφρονητής.
958 603 1206 669 προσίεται
1239 602 1332 669 γὰρ
1365 603 1467 668 οὐχὶ
1496 601 1550 652 τὸ
1583 623 1730 651 κατα·
1757 610 1782 650 d

99 689 307 735 5λυπεῖν
359 684 536 748 εἰωθὸς,
579 687 761 742 ,ἀνεῖται
812 684 861 735 δὲ
912 683 1074 750 ὥσπερ
1125 686 1199 734 καὶ
1260 684 1481 749 μερίμνης
1545 682 1736 745 ἀπάσης

142 771 480 832 κατευμεγεθεῖ.
579 771 616 818 εἰ
681 767 836 817 τοίνυν
892 767 1115 831 γένοιντο,
1181 768 1345 832 φησὶν,
1405 767 1467 817 ὡς
1529 766 1738 830 μαχηταὶ

143 853 227 898 τοῦ
267 848 492 917 Ἐφραίμ,
538 848 641 900 τότε
687 848 744 912 δὴ
783 848 887 899 τότε
927 851 1002 899 καὶ
1041 848 1126 912 τὴν
1165 849 1243 898 ἐπί
1277 871 1330 913 γε
1370 848 1545 915 σφίσιν
1584 847 1740 899 αὐτοῖς

144 931 424 999 εἱςδέξονται
489 933 732 995 θυμηδίαν,
784 933 846 984 ὡς
906 930 954 980 δὲ
1012 931 1224 996 λαμπροὶ
1276 931 1351 979 καὶ
1400 929 1630 991 εὐδόκιμοι
1681 932 1740 995 τῇ

145 1017 241 1063 τῶν
281 1013 520 1075 ἐσομένων
565 1015 756 1079 ἀγαθῶν
804 1013 958 1063 ἐλπίδι
1011 1010 1487 1080 κατευφρανθήσοντσιι,
1532 1012 1607 1061 καὶ
1660 1013 1742 1073 τῆς

80 1121 127 1145 ιο
148 1093 383 1163 ἐξαιρέτου
425 1096 664 1148 πολιτείας
704 1094 866 1163 ἕξουσι
908 1093 1125 1159 μιμητὰς,
1166 1092 1276 1147 τοὺς
1318 1093 1373 1161 ἐξ
1406 1093 1558 1143 αὐτῶν
1596 1114 1738 1157 γεγο-

149 1177 287 1230 νότας
337 1176 475 1239 υἱοὺς,
524 1175 864 1239 πνευματικοῦς
910 1174 1144 1240 δηλονότι.
1220 1181 1429 1227 τοιοῦτος
1477 1173 1524 1224 δὲ
1569 1172 1626 1237 ἦν
1669 1174 1744 1224 καὶ

149 1261 174 1310 ὁ
205 1259 460 1313 θεσπέσιος
489 1263 699 1321 Παῦλος,
727 1263 822 1312 τοῖς
856 1259 909 1309 δι’
939 1259 1081 1308 αὐτοῦ
1114 1256 1413 1321 κεκλημένοις
1444 1255 1745 1306 ἐπιστέλλων

149 1364 199 1392 τε
232 1343 307 1392 καὶ
339 1341 493 1407 λέγων
520 1348 547 1370 “
571 1338 676 1391 Κᾶν
702 1341 892 1406 μυρίους
923 1337 1257 1405 παιδαγωγοὺς
1289 1338 1423 1405 ἔχητε
1455 1339 1503 1387 ἐν
1529 1340 1744 1405 Χριστῷ,
1765 1365 1786 1391 e
1808 1346 1920 1421 ἰῐνῡΐζ-

151 1430 176 1453 “
204 1425 315 1474 ἀλλ’
356 1425 410 1475 οὐ
453 1423 668 1478 πολλοῦς
705 1425 927 1490 πατέρας·
995 1425 1043 1474 ἐν
1081 1423 1173 1489 γὰρ
1218 1426 1420 1491 Χριστῷ
1462 1423 1625 1485 Ἰησοῦ
1671 1419 1746 1471 διὰ
1844 1414 1850 1421 ’
1892 1413 1919 1429 ”’

84 1524 129 1563 15
152 1512 179 1535 ‘⁶
204 1511 286 1556 τοῦ
322 1505 598 1572 εὐαγγελίου
633 1505 724 1572 ἐγὼ
758 1507 876 1569 ὑμᾶς
909 1505 1185 1570 ἐγεννησα.”
1239 1506 1404 1555 οὐκοῦν
1430 1502 1490 1554 rb,
1522 1503 1579 1572 ἐξ
1610 1506 1747 1554 αὐτῶν

151 1587 354 1651 ἐσόμενα
397 1587 528 1639 τέκνα
573 1585 764 1658 ἕψονται
811 1594 888 1638 καὶ
937 1585 1306 1657 εὐφρανθήσονται.
1379 1584 1610 1651 γεγονότα
1652 1584 1746 1650 γὰρ

151 1672 199 1721 ἐν
226 1671 434 1734 θεωρίαις
460 1674 560 1725 ταῖς
592 1671 665 1721 ἐπὶ
700 1673 913 1738 Χριστῷ,
940 1670 1016 1720 καὶ
1042 1674 1124 1720 τοῦ
1149 1669 1412 1735 μυστηρίου
1437 1666 1523 1731 τὴν
1551 1667 1749 1730 δύναμιν

152 1750 520 1816 ἐκμεμαθηκότα,
565 1753 641 1802 καὶ
693 1756 793 1805 ταῖς
840 1757 922 1802 τοῦ
970 1750 1247 1814 Πνεύματος
1292 1750 1534 1817 χορηγίαις
1578 1753 1745 1817 πεφω-

154 1833 366 1897 τισμένα,
412 1833 651 1902 πράξουσι
698 1833 876 1901 δεξιῶς,
927 1835 1001 1883 καὶ
1047 1832 1131 1896 τὴν
1171 1834 1242 1883 ἐπ’
1286 1832 1411 1900 αὐτῷ
1456 1835 1522 1899 τῷ
1563 1832 1749 1893 Σωτῆρι

87 1946 136 1971 20
156 1919 356 1984 Χριστῷ
394 1916 623 1980 θυμηδίαν
653 1915 955 1983 εἰσδέξονται,
989 1916 1064 1965 καὶ
1104 1913 1246 1964 αὑτὸν
1278 1913 1559 1977 ποιήσονται
1597 1909 1789 1978 χαράνιι
1830 1928 1971 1964 751Α.

157 2021 205 2049 τε
233 2000 306 2048 καὶ
335 1997 504 2065 τέρψιν
531 1999 604 2047 καὶ
630 1997 924 2062 ἀγαλλιάσιν
950 1999 1112 2064 ψυχῆς
1139 1998 1215 2045 καὶ
1248 1996 1450 2061 καρδίας.
1503 1994 1683 2059 γε’νοιτο
1711 1994 1747 2043 δ’

157 2078 214 2129 ἂν
249 2081 323 2130 καὶ
365 2084 502 2129 τοῦτο
543 2077 707 2147 σαφὴς
745 2077 982 2147 ἀπόδειξις
1020 2083 1103 2128 τοῦ
1142 2077 1223 2143 ζῆν
1262 2077 1456 2127 ἑλέσθαι
1501 2078 1749 2142 θεοφιλῶς.

159 2165 200 2213 οἱ
239 2160 323 2224 μὲν
361 2159 454 2227 γὰρ
492 2165 587 2214 τοῖς
624 2162 673 2210 ἐν
713 2158 881 2229 κόσμῳ
919 2159 1171 2226 πράγμασι
1211 2161 1293 2222 τῆς
1333 2159 1509 2208 ἑαυτῶν
1548 2156 1751 2209 διανοίας

159 2242 468 2305 ἀπονέμοντες
502 2241 588 2306 τὴν
624 2241 790 2309 ῥοπὴν,
825 2243 901 2292 καὶ
937 2241 1196 2293 νενευκότες
1228 2245 1290 2294 εἷς
1321 2238 1380 2289 τὰ
1415 2239 1604 2305 αἰσχίω,
1640 2239 1746 2304 χαί·

92 2345 139 2382 25
159 2347 326 2391 ρουσιν
369 2325 438 2374 ἐπ’
480 2324 651 2386 αὐτοῖς,
694 2325 769 2373 καὶ
812 2325 1041 2386 θυμηδίαν
1080 2328 1320 2373 ποιοῦνται
1363 2321 1417 2371 τὸ
1463 2323 1637 2388 χρῆμα,
1677 2322 1751 2370 καὶ

160 2405 424 2472 γεγήθασιν
448 2406 520 2455 ε’πῖ
548 2403 726 2471 σαρκὸς
752 2405 950 2467 ἡδοναῖς,
979 2407 1053 2455 καὶ
1078 2409 1179 2457 ταῖς
1205 2404 1378 2469 ἑτέραις
1404 2408 1486 2453 τοῦ
1518 2401 1753 2467 παρόντος

159 2488 266 2549 βίου
291 2491 490 2556 τρυφαῖς
516 2488 825 2538 ἐνσπαταλᾶν
848 2486 1071 2548 εἰωθότες,
1098 2486 1263 2550 ὀλίγου
1289 2488 1533 2536 παντελῶς
1561 2483 1751 2551 ἀξιοῦσι
1770 2492 1796 2532 b

161 2570 311 2637 λόγου
336 2569 394 2621 τὰ
419 2567 548 2636 παρὰ
575 2572 697 2637 Θεῷ·
744 2571 784 2619 οἱ
812 2567 859 2619 δὲ
891 2569 947 2636 ἐξ
970 2567 1085 2632 ὅλης
1112 2568 1302 2633 καρδίας
1328 2565 1568 2632 ζητοῦντες
1596 2564 1751 2628 αὐτὸν,

214 2743 243 2767 1.
270 2731 395 2776 ὄψεται
424 2731 477 2766 καὶ
504 2729 777 2777 εὐφρανθήσεται
808 2729 891 2763 C.F.
923 2729 1038 2772 (Alex.
1067 2728 1169 2772 XII.)
1199 2728 1346 2772 ὄψονται
1377 2727 1429 2761 καὶ
1459 2727 1753 2772 εὐφρανθήσονται

166 2778 258 2813 Edd.
284 2779 385 2823 (Vat.
404 2778 455 2822 aa).
520 2777 709 2822 χαρήσεται
733 2777 774 2811 C.
800 2776 876 2821 (22.
896 2775 958 2820 al.)
976 2777 1141 2820 χαριεῖται
1168 2775 1204 2808 F.
1230 2774 1321 2808 Edd.
1349 2773 1518 2819 [χαρεῖται
1545 2773 1656 2818 (ΑᾸΤ.
1678 2773 1752 2818 ΝΠ.

166 2836 198 2869 3.
221 2825 453 2859 ἐκπεποκότων
468 2824 510 2859 Β.
530 2824 632 2859 Pont.
651 2824 816 2858 ἐκπεπωκ.
836 2822 916 2857 C.b.
935 2822 1029 2857 Aub.
1090 2820 1248 2866 ε’κμελὴς]
1266 2822 1381 2865 ἱλαρὸς
1395 2820 1473 2856 C.b.
1611 2832 1642 2862 5.
1667 2820 1753 2854 ἁπα-

167 2881 240 2914 σης·
267 2871 518 2916 κατευμεγέθεις
534 2871 644 2905 τοίνυν
662 2871 743 2913 (Sic)
763 2869 804 2904 C.
1052 2879 1104 2903 11.
1131 2868 1167 2902 δέ
1186 2873 1409 2912 assumptum
1426 2879 1468 2901 ex
1488 2866 1528 2900 C.
1548 2866 1646 2901 deest
1664 2867 1699 2900 in
1719 2866 1753 2901 b.

171 2928 224 2961 13.
250 2917 366 2963 ἔχηται
386 2917 427 2952 C.
492 2918 591 2963 ἔχητε
608 2917 700 2953 παιδ.
720 2918 790 2951 inv.
810 2914 886 2951 ord.
905 2915 939 2950 b.
1177 2914 1230 2949 16.
1257 2914 1405 2959 ὅψονταί
1421 2928 1457 2948 τε
1477 2913 1518 2948 Β.
1538 2913 1655 2948 invitis
1674 2912 1753 2948 C.b.

170 2974 224 2998 21.
250 2963 445 3009 ἀγαλλίαμα
464 2964 505 2999 C.
