2018 3387
121 171 202 210 xiv.
234 185 294 224 ¹5-
488 170 558 210 IN
601 170 674 208 ΖΑ
690 168 949 208 (JllAstlA
965 168 1024 207 M.
1087 167 1239 208 TOM.
1266 165 1342 205 VI.
1622 167 1704 205 533

118 280 294 329 ἑαυτῶν
326 282 502 347 ψυχαῖς
540 281 580 328 οἱ
616 277 916 330 διδάσκοντες
951 299 999 326 τε
1037 279 1111 326 καὶ
1151 276 1257 326 καθ’
1288 274 1469 340 ἑτέρους
1503 271 1706 338 τρόπους

118 363 465 424 εὐδοκιμοῦντες
510 362 557 410 ἐν
597 360 883 422 ἐκκλησίαις.
957 358 1265 424 διαρπάζουσι
1304 356 1397 422 γὰρ
1435 354 1600 421 ὥσπερ
1637 354 1706 414 τὴν

119 441 244 504 ἰσχὺν
304 442 475 492 πάντων
535 441 613 492 τῶν
672 440 808 502 λαῶν,
864 440 1188 505 προσάγοντες
1250 438 1325 490 διὰ
1380 439 1586 491 πίστεως
1641 441 1707 505 τῷ

117 527 317 592 Χριστῷ
355 523 414 573 τὰ
453 524 664 592 ἐξαίρετα
701 526 795 572 τῶν
829 524 992 572 ἐθνῶν.
1048 523 1169 572 οὕτω
1203 520 1296 586 γὰρ
1331 520 1421 589 ἔφη
1456 521 1531 569 καὶ
1567 518 1706 572 αὐτὸς

74 621 96 659 5
119 605 418 669 διηρπακέναι
444 604 503 655 τὰ
528 605 674 668 σκεύη
701 609 783 654 τοῦ
812 608 1026 670 ἰσχυροῦ.
1726 613 1750 654 b
1768 611 1926 661 S3Matth.

193 690 249 736 Εἰ
286 685 334 737 δὲ
370 686 426 750 δή
462 710 529 740 τις
565 685 696 751 λε’γοι
731 684 814 736 τὸν
836 685 1019 735 Ἰούδαν
1043 689 1319 750 συναγαγεῖν
1344 683 1412 743 τὴν
1438 682 1563 746 ἱσ-χῖιν
1592 683 1706 734 πάν-
1768 666 1892 696 xum).

116 792 195 818 των
233 768 310 818 τῶν
353 768 474 819 λαῶν
515 766 721 820 κυκλόθεν
760 770 931 837 χρυσίον
972 772 1050 818 καὶ
1089 765 1281 835 ἀργύριον
1326 769 1401 817 καὶ
1444 770 1704 833 ἱματισμὸν,

116 849 191 900 ἵνα
217 854 395 913 νοῶμεν
422 849 492 901 ὅτι
527 852 603 900 καὶ
629 848 713 912 τὴν
739 850 786 899 ἐν
812 848 979 917 κόσμῳ
1006 849 1184 916 σοφίαν
1212 847 1531 913 συλλέγοντες
1556 870 1703 897 κατα-

117 931 472 996 λαμπρύνονται
511 931 565 982 δι’
598 932 753 994 αὐτῆς,
792 936 886 984 τοῖς
924 933 1006 993 τῆς
1044 930 1282 991 εὐσεβείας
1320 928 1706 995 ἐπαγωνιζόμενοι

50 1030 98 1055 10
118 1011 372 1077 δόγμασιν,
416 1013 513 1079 ε”χοι
551 1011 608 1063 ἂν
647 1014 672 1063 ὁ
712 1018 818 1066 νοῦς
858 1011 940 1063 τὸν
979 1011 1133 1062 εἰκότα
1175 1010 1340 1077 λόγον.
1407 1011 1705 1061 ἐσκύλευσαν

116 1093 209 1159 γάρ
247 1117 361 1145 ποτε
400 1093 508 1148 τοῦς
547 1095 834 1159 Αἰγυπτίους
873 1096 919 1143 αἱ
956 1095 1108 1161 σοφαὶ
1144 1097 1356 1158 γυναῖκες
1391 1097 1484 1142 τῶν
1519 1093 1576 1160 ἐξ
1597 1093 1701 1141 Ἰσ-

115 1174 255 1240 ραὴλ,
309 1177 604 1242 χρησάμεναι
650 1175 822 1240 66παροὶ
870 1175 1076 1240 γείτονος
1128 1177 1203 1225 καὶ
1255 1174 1500 1238 συσκήνου
1550 1174 1704 1224 αὐτῶν
1767 1186 1872 1235 Exod-

118 1264 144 1285 ‘⁴
171 1256 316 1321 σκεύη
343 1263 502 1324 χρυσᾶ
532 1281 581 1308 τε
608 1260 682 1309 καὶ
709 1259 891 1323 ἀργυρᾶ
925 1259 1000 1307 καὶ
1028 1255 1323 1319 ἱματισμόν.”
1375 1257 1540 1306 οὐκοῦν
1567 1258 1629 1308 ὡς
1656 1255 1703 1305 ε”ν
1767 1240 1810 1260 ω’
1832 1240 1882 1261 η’

116 1361 171 1403 γε
207 1344 302 1392 τοῖς
333 1344 575 1403 αἰσθητοῖς
610 1342 685 1390 καὶ
720 1342 781 1393 ὡς
813 1342 861 1390 ἐν
889 1340 1022 1392 ὕλαις
1048 1343 1148 1392 ταῖς
1175 1337 1440 1403 ὁρωμέναις,
1468 1338 1495 1400 ἡ
1521 1341 1615 1387 τῶν
1641 1341 1702 1390 εἷς
1722 1356 1743 1381 G

50 1436 96 1474 ι5
118 1426 227 1470 νοῦν
264 1422 456 1486 ἀγαθῶν
495 1420 774 1487 λαμπρότης
812 1422 1105 1484 σημαίνεται.
1176 1418 1480 1470 διδασκάλων
1517 1417 1565 1469 δὲ
1606 1416 1700 1480 μά-

116 1508 263 1551 λιστα
296 1508 505 1556 πλοῦτος
537 1506 579 1553 οὶ
613 1503 835 1567 μαθηταί.
900 1504 975 1552 καὶ
1007 1507 1123 1567 γοῦν
1156 1501 1180 1551 ὁ
1218 1501 1473 1554 θεσπέσιος
1508 1504 1705 1554 Παῦλος

114 1587 211 1636 τοῖς
255 1584 309 1634 δι’
351 1585 493 1635 αὐτοῦ
534 1584 862 1646 σεσωσμένοις
906 1586 981 1634 καὶ
1022 1581 1363 1635 πεπιστευκόσι
1403 1582 1705 1650 προσεφώνει

114 1665 271 1729 λε’γων
312 1673 339 1695 “
361 1665 437 1729 Νὴ
482 1667 568 1730 τὴν
610 1667 830 1732 ὑμετέραν
871 1667 1119 1733 καύχησιν,
1161 1668 1377 1734 ἀδελφοὶ,
1425 1664 1482 1730 ἢν
1521 1666 1612 1733 ε”χω
1656 1668 1705 1716 ἐν
1765 1675 1877 1747 '200¹‘-

116 1753 142 1775 ‘⁶
169 1750 368 1816 Χριστῷ
399 1748 609 1812 Ἰησοῦ·”
657 1755 683 1778 ‘⁶
702 1748 942 1817 στέφανον
977 1748 1025 1800 δὲ
1064 1750 1139 1799 καὶ
1177 1747 1366 1815 χαράν”
1401 1748 1543 1798 αὐτοῦ
1583 1748 1702 1798 ἰδίαν
1764 1728 1909 1794 Pi'iffiir.

134 1829 144 1843 9
195 1826 205 1841 Ι
398 1829 411 1842 t
1767 1814 1793 1836 Ι.

48 1850 97 1875 20
116 1829 318 1895 ωνομαζε
342 1836 506 1881 παλιν.

1722 2028 1749 2069 d

119 2079 193 2120 Καὶ
219 2081 325 2121 αὕτΗ
357 2080 477 2122 ἔσται
516 2081 539 2121 ἡ
576 2080 738 2123 Πτὼσιε
767 2080 852 2122 τῶν
883 2080 1028 2122 ἵππων
1065 2079 1134 2121 καί
1166 2080 1252 2122 τῶν
1288 2080 1478 2128 ἡμιόνων
1513 2078 1581 2119 καί
1615 2078 1701 2119 τῶν
1727 2097 1772 2135 15

184 2164 390 2212 καμι-ἰλων
427 2164 495 2205 καὶ
532 2164 618 2206 τών
656 2165 769 2207 ὄνων
807 2165 876 2206 καὶ
913 2165 1088 2205 Πάντων
1121 2163 1207 2205 τῶν
1242 2164 1408 2204 κτΗνὼν
1443 2162 1529 2203 τῶν
1563 2162 1701 2204 ὄντων

182 2248 227 2289 ἐν
254 2246 347 2290 ταῖς
373 2245 667 2305 Παρεμβολαῖς
693 2248 877 2290 ἐκείναις
905 2248 1011 2290 κατὰ
1038 2248 1115 2289 τήν
1143 2247 1305 2289 Πτώσιν
1331 2247 1501 2288 ταύτΗν.

189 2405 507 2472 Ὁρισάμενος
543 2406 632 2470 ἤδη
667 2409 749 2470 τῆς
784 2405 1007 2472 τιμωρίας
1041 2404 1148 2458 τοὺς
1183 2404 1403 2471 τρόπους,
1439 2403 1516 2456 οὓς
1548 2402 1703 2469 πάντη

50 2513 98 2551 25
116 2511 165 2539 τε
192 2490 268 2538 καὶ
293 2487 481 2542 πάντως
509 2490 794 2551 ὑπομενοῦσι
818 2487 936 2539 κατὰ
962 2486 1147 2553 καιροὺς
1173 2490 1216 2537 οἱ
1239 2489 1322 2549 τῆς
1354 2486 1489 2550 ἁγίας
1519 2485 1705 2540 πόλεως

117 2567 563 2636 κατεστρατευκότες
601 2567 844 2635 γεγονότες
882 2591 931 2618 τε
970 2570 1159 2618 διωκταὶ
1199 2568 1273 2618 καὶ
1314 2568 1548 2632 ὑβρισταὶ,
1587 2569 1699 2627 ,Βδε-

170 2746 199 2768 1.
221 2734 274 2768 καὶ
292 2733 388 2778 prius
406 2733 590 2772 omissum,
608 2744 716 2766 manu
734 2731 914 2766 recentiori
932 2731 1149 2776 aliquantum
1169 2729 1447 2775 suprascriptum
1465 2729 1507 2764 C.
1596 2740 1628 2764 2.
1650 2729 1703 2764 ἐκ-

119 2780 276 2824 κλησίαις
295 2779 335 2814 C.
353 2780 516 2823 ἐκκλησίᾳ
536 2779 628 2813 Edd.
782 2779 815 2812 6.
842 2779 1046 2822 συναγαγεῖν
1064 2777 1104 2811 C.
1125 2778 1284 2822 συνάγειν
1300 2776 1362 2810 iid.
1517 2784 1548 2820 7.
1575 2778 1703 2810 κυκλώ-

119 2827 177 2861 ow
196 2826 236 2860 C.
287 2825 411 2860 Statim
429 2826 473 2861 ὧς
491 2825 769 2870 suprascriptum
788 2823 816 2858 C
834 2835 943 2858 manu
959 2823 1151 2857 recentiori.
1430 2833 1483 2856 10.
1510 2823 1642 2856 ἐοικότα
1661 2822 1703 2857 C.

124 2883 177 2906 11.
203 2886 285 2906 ποτε
303 2876 384 2916 post
401 2872 511 2916 σοφαὶ
528 2878 571 2905 tr.
592 2871 633 2905 C.
835 2881 888 2914 13.
912 2885 948 2904 τε
966 2876 1188 2914 assumptum
1206 2881 1247 2903 ex
1266 2869 1306 2903 C.
1508 2869 1561 2902 18.
1587 2868 1704 2912 ὑμετέ-

120 2933 183 2963 ραν
202 2917 242 2952 C.
261 2918 355 2952 Aub.
373 2918 467 2961 ἡμετ.
487 2918 590 2951 Pont.
839 2928 893 2961 19.
920 2917 956 2950 δὲ
976 2915 1016 2950 C.
1033 2930 1069 2950 τε
1088 2915 1180 2950 Edd.
1245 2916 1347 2950 αὐτοῦ
1367 2914 1454 2951 B.C.
1472 2914 1592 2951 αὐτοὺς
1610 2914 1703 2951 Edd-

124 2975 178 2999 20.
205 2965 352 3007 ὠνόμαζε
371 2963 412 2999 C.
431 2964 584 3007 ὀνομάζει
600 2962 661 2998 iid.
853 2974 908 3007 23.
934 2961 1072 3008 ταύτην]
1092 2963 1192 3006 αὐτῆς
1210 2961 1251 2997 C.
