1997 3361
92 134 202 176 i.12.
479 139 551 179 IN
594 140 1010 182 ZACJIARIAM.
1072 141 1222 182 ΤΟΜ.
1263 142 1297 181 Ῑ.
1590 142 1672 179 293

90 242 163 290 καὶ
201 241 294 305 μὴν
331 251 407 295 καὶ
444 250 578 313 ψαροὶ
622 252 698 298 καὶ
739 262 935 299 mmmm
972 256 1047 299 na}
1082 254 1246 300 λευκοί.
1311 248 1596 312 σημαίνουσι
1624 248 1672 299 δὲ

89 324 165 372 καὶ
189 326 316 375 αὐτοὶ
342 327 587 390 βασιλεάς,
614 327 642 392 ἢ
676 329 784 392 ε”θνη
821 329 1126 395 φιλοπόλεμά
1158 354 1207 381 τε
1242 334 1315 381 καὶ
1344 331 1668 397 μαχιμώτατα,

89 406 164 454 καὶ
204 408 306 473 οὐχὶ
343 408 398 471 δὴ
432 409 580 474 μόνην
618 410 703 474 τὴν
742 413 1028 476 ε’νεγκοῦσαν
1060 413 1178 480 ἔχειν
1211 413 1500 478 ἠγαπηκότα,
1531 435 1670 462 κατα-

88 488 371 551 σκιδνάμενα
407 491 453 541 δέ
489 492 652 559 ὥσπερ
686 493 877 557 ἁπάσης
910 498 992 558 τῆς
1027 498 1126 559 γῆς,
1159 500 1232 546 καὶ
1275 497 1350 563 ὑφ’
1387 494 1527 545 ἑαυτὰ
1566 518 1669 546 ποι-

46 574 241 620 5εΐσθαι
282 573 609 638 σπουδάζοντα
647 574 730 638 τὴν
772 577 846 626 ὑπ’
888 575 1101 641 οὐρανὸν,
1148 579 1296 627 ὁποῖοι
1335 578 1589 642 γεγόνασιν
1629 580 1671 626 οἱ

90 655 411 713 Βαβυλωνίων
438 661 671 720 βασιλεῖς,
700 657 867 708 Φουλὰ
892 657 976 722 μὲν
1001 664 1199 724 πρῶτος,
1227 659 1275 713 ὃς
1300 658 1392 710 εἷλε
1419 659 1502 712 τὰς
1524 660 1671 724 πέραν

87 741 170 786 τοῦ
193 737 432 801 Ἰορδάνου
466 741 639 806 φυλάς.
707 740 806 793 εἶτα
838 745 933 805 μετ’
962 745 1132 794 ἐκεῖνον
1165 746 1188 794 ὁ
1219 743 1594 810 Σαλαμανασὰρ,
1622 743 1671 797 ὃς

86 817 352 884 πεπόρθηκε
397 821 482 885 τὴν
530 824 809 890 Σαμάρειαν,
855 828 930 875 καὶ
972 827 1126 891 τρίτος
1175 829 1477 893 Σεναχηρεὶμ,
1523 829 1547 877 ὁ
1591 830 1671 890 τῆς

88 903 350 966 Σαμαρείας
386 905 438 953 τὸ
478 907 709 972 λείψανον
741 908 1051 975 καταδῃώσας
1078 909 1266 973 ἀγρίως,
1294 908 1672 974 προσεμπρήσας

20 982 134 1033 10δέ
177 984 365 1039 πολλὰς
408 989 481 1037 καὶ
527 991 608 1051 τῆς
647 990 873 1042 Ἰουδαίας
911 989 1085 1043 πόλεις.
1150 990 1368 1054 τέταρτος
1408 993 1432 1041 ὁ
1473 995 1667 1051 Ναβου-

85 1065 362 1132 χοδονόσορ,
399 1067 447 1121 ὀς
483 1073 556 1119 καὶ
593 1070 736 1133 αὐτὴν
775 1070 869 1121 εἷλε
907 1072 992 1135 τὴν
1025 1072 1353 1136 Ἰερουσαλὴμ,
1385 1077 1458 1123 καὶ
1497 1073 1666 1124 ἀπεκό-

84 1169 224 1208 μισεν
262 1154 322 1202 εὶς
361 1153 695 1217 αἰχμαλωσίαν
726 1152 808 1203 τὸν
833 1153 1048 1219 Ἰσραήλ.
1110 1153 1162 1205 τὸ
1196 1155 1343 1220 γεμὴν
1369 1157 1417 1205 ἐν
1442 1157 1672 1210 ποικίλοις

85 1228 257 1280 εἴδεσιν
283 1232 485 1297 ὁρᾶσθαι
511 1232 616 1287 τοὺς
642 1234 824 1297 ἵππους,
851 1234 1068 1298 σημαίνει
1094 1259 1187 1286 που
1213 1236 1336 1303 τάχα
1362 1240 1444 1300 τῆς
1469 1238 1672 1290 ἑκάστου

84 1311 273 1376 γνώμης
305 1312 359 1363 τὸ
395 1314 636 1382 διάφορον·
705 1318 780 1366 καὶ
815 1316 869 1367 τὸ
901 1319 948 1367 ἐν
982 1318 1135 1371 αὐτοῖς
1166 1318 1454 1385 ἑτερόχροον,
1481 1319 1671 1386 αἴνιγμα

18 1409 64 1446 15
84 1396 164 1456 τῆς
191 1394 392 1446 ἑκάστου
418 1398 621 1450 διανοίας
647 1399 964 1467 παραδέξαιτο
992 1400 1049 1449 ἅν
1075 1423 1163 1463 τις,
1194 1403 1268 1450 καὶ
1301 1401 1434 1463 μάλα
1465 1402 1665 1456 εἰκότως.

84 1475 334 1542 διηπόρηκε
384 1477 467 1539 μὲν
525 1479 605 1529 οὖν
657 1480 681 1529 ὁ
733 1480 997 1550 Προφήτης
1049 1484 1124 1532 καὶ
1175 1482 1485 1552 ἀποκάλυψιν
1535 1487 1664 1535 αἰτεῖ·

82 1557 305 1619 μανθάνει
357 1561 419 1622 δὲ,
471 1560 540 1610 ὅτι
594 1560 707 1613 οὗτοί
753 1568 853 1614 εἰσ-ιν
907 1564 975 1618 οὓς
1025 1565 1349 1633 {avda-ranae
1402 1566 1549 1633 Κύριος
1598 1570 1668 1618 τοῦ

81 1638 351 1709 περιοδεῦσαι
395 1646 560 1693 πᾶσαν
608 1642 676 1703 τὴν
725 1644 820 1710 γῆν,
865 1650 939 1696 καὶ
985 1647 1113 1697 αὐτοὶ
1159 1648 1207 1698 δὲ
1252 1647 1389 1699 τοῦτό
1435 1655 1587 1715 φασιν
1626 1654 1667 1701 οὶ

82 1722 447 1786 ἀπεσταλμένοι,
503 1724 834 1795 περιωδευκέναι
899 1726 984 1791 τὴν
1037 1730 1304 1791 σύμπασαν
1363 1732 1661 1793 διαβεβαιού-

13 1825 63 1850 20
81 1827 229 1866 μενοι,
260 1807 334 1855 καὶ
367 1806 459 1869 μὴν
495 1806 565 1856 ὅτι
604 1810 679 1858 καὶ
717 1809 887 1874 ἠρεμεῖ,
911 1815 1010 1863 ταῖς
1037 1812 1190 1862 αὐτῶν
1215 1814 1508 1882 πλεονεξίαις
1542 1817 1667 1865 ἀντι-

81 1888 241 1936 τείνειν
268 1888 349 1937 οὐκ
376 1888 566 1954 ἔχουσα,
593 1892 669 1939 καὶ
702 1889 784 1941 τὸν
820 1892 894 1942 ὑπ’
923 1894 1077 1946 αὐτοῖς
1113 1894 1383 1959 ἀβούλητον
1414 1895 1513 1958 μὲν,
1539 1896 1668 1961 πλὴν

81 1970 336 2034 ἀναγκαῖον
364 1969 663 2031 ὑπομένουσα
688 1972 840 2038 ζυγόν.

85 2147 158 2189 Καὶ
192 2149 401 2206 ἀπεκρίθΗ
437 2152 458 2193 ὁ
486 2151 662 2198 dim-eme
699 2151 848 2209 Κυρίου
877 2153 944 2194 καὶ
971 2150 1064 2195 εἶπε
1093 2155 1226 2212 Κύριε,
1253 2159 1336 2197 ἕως
1369 2156 1482 2198 τίνος
1520 2157 1567 2198 οὐ
1605 2157 1660 2206 μή

148 2232 341 2274 ἐλεήσειε
377 2234 452 2274 τὴν
495 2235 780 2291 Ἰερουσαλὴμ
820 2237 887 2276 καὶ
928 2237 1005 2278 τὰς
1043 2240 1189 2280 Πόλεις
1238 2245 1311 2280 τῆς
1355 2240 1564 2281 Ἰουδαίας
1615 2242 1664 2282 ἃς

14 2318 62 2356 25
148 2313 368 2372 ὑπερεῖδες
407 2320 529 2358 τοῦτο
564 2318 881 2367 ἑβδομι-ικοοτὸν
919 2321 1042 2373 ἔτος;

132 2447 162 2470 1.
187 2435 320 2481 ψαῤῥοί
338 2437 422 2472 D.b.
722 2451 753 2474 2.
781 2440 890 2486 αὐτοὶ]
916 2446 952 2481 -l-
974 2442 1026 2475 καὶ
1046 2441 1136 2476 Edd.
1153 2443 1270 2477 invitis
1291 2443 1383 2478 B.D.
1432 2446 1614 2484 βασιλείας
1631 2447 1664 2481 b.

82 2481 200 2516 invitis
222 2483 311 2517 B.D.
362 2486 414 2518 καὶ
433 2497 495 2530 pro
513 2485 531 2529 ἢ
551 2486 598 2520 D.
834 2502 866 2530 4.
893 2487 950 2533 ὑφ’
970 2490 1099 2524 ἑαυτοῖς
1118 2489 1162 2523 D.
1388 2491 1420 2524 6.
1448 2494 1561 2526 Φουλὰ
1580 2493 1663 2527 D.b.

81 2529 214 2565 Φούλας
238 2530 325 2565 Edd.
534 2545 567 2578 9.
594 2533 865 2579 προσεμπρὴσας
883 2535 936 2580 δέ]
956 2536 1203 2580 προσέμπρησε
1223 2537 1267 2570 D.
1321 2537 1444 2571 Statim
1462 2541 1594 2575 πολλὰς
1611 2542 1664 2574 καὶ

81 2575 149 2609 hoc
166 2576 288 2610 ordine
306 2578 339 2612 b.
358 2579 410 2612 καὶ
428 2580 561 2615 πολλὰς
580 2580 626 2614 D.
646 2580 738 2614 Edd.
1091 2594 1142 2617 11.
1168 2584 1270 2623 αὐτὴν
1291 2584 1373 2618 D.b.
1392 2584 1484 2619 Edd.
1503 2586 1601 2621 αὐτὸς
1620 2587 1661 2621 Β.

87 2633 139 2656 12.
165 2637 204 2668 γε
223 2623 306 2658 D.b.
324 2639 358 2658 τε
379 2625 470 2659 Edd.
767 2639 817 2672 13.
843 2642 908 2662 που
926 2635 1146 2672 assumptum
1165 2641 1205 2663 ex
1224 2630 1257 2663 b.
1278 2630 1372 2664 deest
1390 2631 1424 2664 in
1445 2632 1490 2666 D.
1539 2634 1596 2676 τῆς
1614 2635 1660 2667 ἐκ.

80 2683 134 2713 γν.
151 2671 190 2702 τὸ
207 2670 372 2715 διάφορον
389 2679 571 2718 assumpta
588 2686 629 2707 ex
651 2673 780 2708 B.D.b.
799 2676 856 2718 τῆς
881 2676 927 2708 ἑκ.
949 2677 1081 2719 γνώμης
1106 2684 1185 2720 post
1210 2675 1344 2722 αἴνιγμα
1369 2684 1500 2722 transp.
1521 2679 1611 2713 Edd.
1631 2689 1663 2714 et

83 2715 137 2749 καὶ
155 2715 300 2751 addunt.
625 2732 677 2762 14.
703 2722 904 2765 ἑτερόχρουν
924 2721 969 2754 D.
1302 2734 1354 2768 15.
1380 2725 1595 2768 παραδέξαιτ’
1615 2727 1661 2761 D.

87 2771 140 2806 17.
166 2765 226 2796 τοῦ
242 2765 459 2808 περιοδεῦσαι
478 2765 600 2811 Κύριος
617 2767 755 2801 inverso
773 2767 894 2802 ordine
914 2768 959 2801 D.
1216 2770 1267 2803 13.
1292 2772 1406 2805 πᾶσαν
1423 2772 1482 2814 τὴν
1498 2774 1560 2817 γῆν
1578 2773 1661 2808 D.b.

83 2808 143 2851 τὴν
159 2811 222 2854 γῆν
237 2809 373 2844 ἅπασαν
392 2812 483 2845 Edd.
533 2816 643 2858 φησιν
662 2814 708 2847 D.
971 2825 1026 2848 22.
1052 2815 1231 2859 ἀναγκαῖον
1250 2816 1296 2850 D.
1317 2817 1408 2850 Edd.
1426 2818 1612 2863 ἀναγκαίως
1628 2820 1662 2855 b.

86 2865 141 2899 23.
166 2858 220 2889 καὶ
238 2858 333 2900 prius
352 2870 421 2892 orn.
442 2859 486 2893 D.
505 2860 577 2904 (95,
601 2861 693 2905 185.)
754 2863 771 2894 ὁ
790 2860 885 2894 deest
901 2861 937 2894 in
957 2861 1047 2895 Edd.
1114 2861 1232 2907 Κύριε]
1256 2867 1292 2903 -ί-
1313 2867 1550 2909 παντοκράτωρ
1571 2866 1662 2901 Edd.

86 2901 192 2943 (A.V.
211 2903 291 2946 ἃς.)
309 2904 425 2938 invitis
446 2906 536 2939 B.D.
708 2918 763 2949 24.
791 2906 945 2950 ἐλεήσεις
965 2908 1000 2941 F.
1020 2907 1111 2942 Edd.
1132 2910 1264 2952 (Alex.)
1283 2910 1427 2954 ἐλεήσῃς
1449 2912 1492 2945 D.
1513 2913 1608 2956 (Yat.
1628 2916 1662 2956 N)

87 2947 130 2981 cf.
149 2949 247 2983 infra.
297 2953 352 2993 τῆς
369 2951 531 2988 Ἰουδαίας
552 2953 586 2988 F.
610 2953 699 2988 Edd.
719 2954 762 2988 cf.
784 2954 881 2988 infra.
900 2953 1009 2988 Ἰούδα
1030 2955 1075 2988 D.
1095 2956 1202 2998 (A.V.
1218 2956 1297 3000 ἃς.)

1686 1506 1706 1528 a
1737 1496 1825 1530 660
1839 1495 1889 1530 Α.

1689 2171 1732 2195 12

1683 2237 1709 2277 b
