1997 3361
73 156 96 196 i.
122 171 181 212 13-
463 160 535 200 IN
578 161 993 201 SOPIIONIAM.
1055 161 1207 201 ΤΟΜ.
1242 161 1275 201 Ι.
1573 160 1646 198 187

73 268 154 318 οὖν
192 269 217 319 ὁ
255 275 490 330 πλοῦτος;
531 270 687 337 σάρκα
713 272 950 337 θεραπεύει
977 272 1123 335 μόνην
1156 273 1230 321 καὶ
1263 267 1488 334 ὑπηρέτης
1519 269 1691 317 ε’στὶνῑ»

72 351 265 402 ἀνοσίου
308 354 382 403 καὶ
424 356 657 418 βδελυροῖς
701 355 880 417 ἡδονῆς,
924 356 998 404 καὶ
1044 352 1199 418 πατὴρ
1247 351 1529 417 ἀλαζονείας,
1575 352 1649 398 καὶ

71 432 222 501 τύφου
263 433 364 501 ῥίζα
409 437 484 486 καὶ
534 435 729 501 γένεσις,
775 439 848 486 καὶ
891 437 1194 502 προσκαίρων
1239 434 1469 502 δοξαρίων
1513 455 1642 497 περι-

71 520 263 566 ποιεῖται
289 514 374 580 τὴν
398 517 598 586 μέθεξιν,
627 517 657 568 ἂ
681 523 834 571 σκιαῖς
861 520 909 568 ἐν
944 519 1033 588 ἴσῳ
1065 516 1347 583 παρελαύνει
1371 514 1476 567 τοὺς
1503 516 1648 580 ἐσχη-

30 609 52 647 5
72 596 222 651 κότας.
286 600 360 649 καὶ
392 597 485 664 γάρ
517 601 648 649 ἐστιν
675 599 846 663 ἀληθὲς
880 600 948 650 ὅτι
982 607 1009 628 “
1029 604 1177 650 Πᾶσα
1207 597 1340 666 σὰρξ
1372 600 1432 650 ὡς
1463 596 1646 663 χόρτος,

73 686 100 709 “
124 681 198 730 καὶ
237 685 372 732 πᾶσα
406 681 524 749 δόξα
559 682 807 747 ἀνθρώπου
843 684 905 735 ὡς
940 682 1078 734 ἄνθος
1116 681 1326 748 χόρτου.”
1391 679 1461 729 ὅτι
1496 679 1649 728 τοίνυν

72 762 293 826 ἀνόνητος
327 767 571 817 παντελῶς
604 769 699 817 τοῖς
737 763 1028 828 ἠσεβηκόσιν
1061 764 1087 827 ἡ
1118 765 1192 814 ἐπὶ
1230 762 1421 830 πλούτῳ
1449 759 1648 824 σπουδὴ,

72 843 280 895 διδάσκει
315 845 483 911 λέγων,
512 847 572 900 ὡς
606 846 729 896 ἔσται
769 845 852 909 μὲν
890 850 985 898 τοῖς
1013 845 1272 897 Χαλδαίοις
1305 850 1362 898 εἰς
1399 840 1650 912 διαρπαγὴν

72 929 94 986 ἦ
128 924 310 996 δύναμις
344 927 492 979 αὐτῶν.
559 930 649 978 εἰσὶ
684 929 776 994 γάρ
809 932 927 978 εἰσιν
958 931 999 978 οἱ
1033 929 1138 993 περὶ
1169 925 1233 976 ὧν
1264 924 1320 976 ἂν
1347 925 1546 990 λέγοιτο,
1575 926 1688 974 καὶο

6 1013 52 1052 Ῐο
71 1008 203 1071 μάλα
241 1008 436 1072 εἰκότως,
464 1009 517 1061 τὸ
556 1012 604 1060 ἐν
642 1014 854 1077 ψαλμοῖς
894 1009 1177 1073 ὑμνούμενον
1206 1016 1231 1038 “
1252 1007 1374 1059 Ἰδοὺ
1405 1007 1650 1073 ἄνθρωπος

74 1097 99 1119 “
128 1089 177 1144 ὃς
208 1092 289 1142 οὐκ
319 1092 447 1142 ἔθετο
482 1091 564 1142 τὸν
591 1091 713 1142 Θεὸν
742 1091 919 1155 βοηθὸν
954 1093 1110 1149 αὐτοῦ,
1140 1091 1249 1141 ἀλλ’
1278 1088 1542 1154 ἐπήλπισεν
1577 1090 1651 1140 ἐπὶ

74 1179 100 1202 “
125 1177 192 1242 τῷ
241 1173 412 1237 πλήθει
455 1180 536 1225 τοῦ
577 1174 786 1225 πλούτου
829 1175 984 1236 αὐτοῦ,
1028 1176 1103 1223 καὶ
1147 1175 1220 1224 ἐπὶ
1271 1176 1327 1238 τῇ
1377 1169 1651 1234 ματαιότητι

73 1262 100 1283 “
126 1257 265 1306 αὐτοῦ
291 1257 651 1320 ἐνεδυναμώθη.”
711 1260 747 1306 εἰ
775 1256 822 1307 δὲ
858 1256 913 1320 δὴ
941 1258 1015 1306 καὶ
1048 1253 1162 1306 οἶκοι
1201 1254 1458 1320 γεγόνασιν
1496 1254 1650 1306 αὐτοῖς

72 1342 346 1392 πολυτελῶς
395 1336 664 1402 ἠσκημένοι,
717 1336 805 1389 εἶεν
866 1337 923 1389 ἂν
974 1339 1056 1389 οὐκ
1107 1339 1274 1388 αὐτῶν·
1341 1357 1645 1401 κατεμπρησ-

7 1432 53 1470 15
75 1417 300 1483 θήσονται
332 1420 438 1486 γάρ·
492 1423 566 1471 καὶ
600 1425 637 1471 εὶ
670 1419 787 1487 πρὸς
825 1422 1004 1474 τούτοις
1039 1420 1105 1471 ε”τι
1140 1419 1395 1485 γεγόνασιν
1433 1416 1652 1485 ἀμπέλων

72 1506 337 1568 μελεδωνοὶ,
357 1506 439 1556 οὐκ
458 1506 587 1556 αὐτοὶ
614 1508 809 1557 πίονται·
846 1506 990 1557 πόθεν
1013 1527 1024 1567 ;
1070 1505 1342 1573 οἰχήσονται
1368 1502 1462 1569 γὰρ
1482 1501 1653 1570 αἰχμά-

72 1593 230 1650 λωτοι,
255 1586 315 1638 τὰ
340 1587 453 1638 οἴκοι
478 1588 688 1652 μεθέντες
727 1590 802 1639 καὶ
840 1586 1016 1641 παντὸς
1054 1586 1351 1653 ἐστερημένοι
1377 1591 1460 1636 τοῦ
1492 1608 1653 1635 κατευ-

73 1670 284 1737 φραίνειν
317 1669 504 1724 εἰδότος.
572 1672 647 1722 καὶ
680 1676 818 1721 τοῦτο
853 1669 1007 1739 σαφὲς
1045 1671 1183 1721 ε’ποιέι
1219 1668 1341 1723 Θεὸς
1380 1667 1455 1718 διὰ
1493 1670 1698 1735 φωνῆςά

73 1751 291 1817 Ἱερεμίου
342 1752 496 1818 λέγων
538 1752 655 1819 πρός
704 1775 808 1803 τινα
851 1756 944 1803 τῶν
989 1754 1037 1802 ἐν
1080 1751 1319 1820 Σαμαρείᾳ
1360 1756 1646 1811 βεβασιλευ-

9 1848 57 1873 20
75 1834 224 1884 κότων
276 1841 302 1863 “
326 1834 656 1914 ’ῼκοδόμησας
706 1838 891 1902 σεαυτῷ
953 1832 1080 1884 οἶκον
1131 1833 1417 1898 σύμμετρον,
1468 1834 1652 1901 ὑπερῷα

76 1925 103 1947 “
127 1920 322 1985 ῥιπιστὰ
373 1919 685 1983 διεσταλμένα
741 1920 899 1985 θυρίσι
964 1921 1038 1969 καὶ
1093 1918 1362 1987 ἐξυλωμένα
1410 1919 1457 1968 ἐν
1506 1918 1652 1986 κέδρῳ

76 2007 103 2029 “
130 2003 204 2052 καὶ
244 2002 524 2069 κεχρισμένα
550 2003 598 2052 ἐν
621 2003 788 2071 μίλτῳ.
852 2001 916 2065 μὴ
943 2000 1268 2063 βασιλεύσεις,
1300 1999 1369 2051 ὅτι
1405 1999 1468 2051 σὺ
1494 2022 1653 2065 παρω-

76 2088 103 2111 “
128 2081 301 2151 ξύνθης
353 2085 401 2133 ε’ν
448 2083 641 2151 Ἀχαᾶβ
692 2087 757 2153 τῷ
806 2083 953 2149 πατρί
1003 2104 1132 2143 σονς
1187 2083 1240 2132 οὐ
1291 2081 1526 2149 φάγονται
1577 2083 1652 2131 καὶ

77 2174 103 2197 “
129 2168 182 2218 οὐ
220 2168 419 2219 πιόνται.
485 2167 676 2230 βέλτιον
709 2167 764 2232 ἧν
791 2191 848 2218 σε
886 2173 1035 2219 ποιεῖν
1066 2172 1207 2233 κρῖμα
1247 2170 1320 2217 καὶ
1354 2165 1653 2229 δικαιοσύνην

79 2256 106 2278 “
132 2248 326 2314 καλήν.”

130 2449 159 2472 Ι.
184 2439 286 2482 μόνην
304 2438 397 2472 D.E.
417 2438 508 2472 Edd.
526 2440 627 2482 μόνον
646 2438 688 2472 Β.
739 2438 791 2471 καὶ
809 2439 952 2472 accessit
970 2450 1010 2471 ex
1030 2437 1170 2471 B.D.E.
1361 2447 1391 2470 2.
1418 2436 1592 2478 ἁλαζονιας
1611 2436 1652 2469 Ε.

80 2496 114 2526 4.
138 2484 358 2528 παρελαύνειν
374 2485 564 2519 Aubertus.
754 2486 786 2518 8.
813 2499 887 2519 εστι
906 2484 947 2517 Ε.
967 2485 1074 2518 invito
1094 2484 1140 2517 D.
1346 2495 1377 2528 9.
1402 2484 1468 2528 γάρ
1486 2482 1588 2527 εἰσιν]
1611 2487 1649 2523 4-

82 2531 135 2564 καὶ
152 2531 245 2565 Aub.
264 2532 328 2566 sol.
377 2533 428 2565 καὶ
447 2533 538 2575 μάλα
556 2532 690 2567 εἰκότως
710 2530 763 2576 [τὸ
785 2530 888 2576 B.E.]
909 2531 943 2565 ἐν
967 2532 1121 2574 ψαλμοῖς
1144 2528 1346 2573 ὑμνούμενον
1372 2542 1412 2562 ex
1432 2529 1472 2563 E.
1491 2541 1652 2574 assump-

82 2584 170 2611 serat
186 2578 279 2612 Aub.
297 2579 335 2612 τὸ
353 2590 422 2612 om.
434 2578 528 2612 Aub.
674 2589 726 2612 12.
744 2580 788 2624 τῷ
806 2578 928 2621 πλήθει
945 2578 990 2610 D.
1004 2577 1094 2610 Edd.
1109 2578 1146 2610 τὸ
1160 2577 1290 2620 πλῆθος
1309 2576 1349 2610 Ε.
1364 2576 1477 2619 (Vat.)
1490 2575 1533 2609 cf.
1549 2587 1654 2620 supra

86 2623 148 2658 168
163 2636 192 2658 a.
242 2624 326 2659 ἐνεδ.
344 2625 398 2659 ἐπὶ
415 2627 453 2668 τῇ
471 2640 548 2669 ματ.
566 2625 666 2658 αὐτοῦ
689 2625 759 2658 inv.
778 2624 852 2659 ord.
870 2624 911 2657 B.
926 2623 1025 2668 (Vat.
1039 2623 1122 2667 Sco.)
1136 2623 1251 2657 invitis
1270 2623 1361 2656 D.E.
1380 2622 1474 2656 Aub.
1494 2623 1553 2667 qui
1570 2622 1653 2656 haec

84 2671 283 2705 καὶ-αὐτοῦ
301 2678 536 2716 assumpserat
554 2684 594 2705 ex
614 2672 655 2706 E.
827 2682 879 2713 14.
905 2685 939 2704 τε
958 2671 1009 2703 καὶ
1027 2670 1220 2713 ησκημένως
1235 2670 1275 2703 E.
1296 2668 1370 2712 ἦσκ.
1389 2680 1459 2702 om.
1480 2669 1525 2702 D.
1576 2683 1654 2703 κατ-

84 2717 379 2762 εμπρησθὴσονται
398 2718 490 2752 D.E.
509 2718 677 2763 ἐμπρησθ.
697 2717 788 2751 Edd.
914 2717 965 2750 16.
990 2718 1131 2750 πίονται·
1157 2716 1259 2750 πόθεν
1271 2715 1300 2760 ;]
1319 2716 1461 2749 πίονται·
1487 2715 1591 2749 πόθεν
1610 2715 1653 2750 Β.

84 2763 221 2798 πίωνται
247 2765 350 2799 πόθεν
378 2765 423 2799 D.
449 2780 580 2799 πιονται
607 2765 712 2799 ποθεν
742 2764 782 2798 Ε.
809 2776 850 2797 ex
880 2763 1008 2808 quibus
1039 2763 1261 2797 correximus.
1287 2761 1428 2796 πίωνταί
1453 2776 1535 2795 ποτε
1561 2761 1653 2796 Edd.

90 2810 143 2844 18.
169 2810 224 2844 De
239 2811 357 2845 Josiae
374 2811 455 2851 filio,
474 2811 566 2845 dicta
583 2818 665 2845 sunt
682 2811 778 2845 haec.
1291 2819 1345 2842 22.
1370 2810 1485 2854 μολτῳ
1503 2808 1592 2853 (sic)
1612 2808 1653 2843 E.

90 2865 143 2898 23.
166 2855 299 2902 Ἀχαὰβ
318 2858 456 2892 B.D.E.
476 2858 617 2903 (Alex.)
634 2857 744 2903 Ἀχὰζ
759 2856 848 2890 Edd.
869 2856 964 2899 (Vat.
983 2855 1193 2899 Frid-Aug.)
1476 2866 1530 2897 24.
1560 2855 1654 2888 Haec

87 2901 374 2947 βέλτιον-καλήν
393 2917 434 2938 ex
454 2905 494 2938 E.
512 2912 745 2949 assumpserat
771 2903 862 2937 Aub.
891 2905 1002 2937 καλεῖν
1028 2903 1107 2945 (sic)
1134 2902 1225 2936 Aul).
1254 2902 1356 2945 καλὴν
1376 2901 1466 2936 D.E.
1486 2909 1525 2936 ut
1551 2913 1655 2946 supra

94 2958 156 2993 173
173 2962 201 2983 θ.
220 2952 270 2983 καὶ
292 2952 388 2984 ἔλεον
405 2963 467 2995 pro
486 2951 589 2994 καλήν
608 2951 648 2985 Β.

807 3007 923 3047 Bbz

1713 1020 1765 1049 Ps.
1781 1018 1812 1049 li.
1834 1029 1864 1058 9.

1715 1846 1809 1876 Hier.

1714 1890 1790 1920 xxii.
1810 1898 1857 1927 14,
