2007 3387
99 435 153 465 Ps.
172 435 215 466 ix.

97 764 128 794 S.
146 764 225 794 Luc.

98 808 164 838 xiv.
189 806 248 837 16—

100 862 149 889 24.

97 939 151 969 Ps.
171 938 234 969 cxl.

98 994 130 1056 ἐ.
148 1026 230 1056 Luc.

98 1070 164 1100 xiv.
187 1070 234 1107 18,

99 1123 151 1144 20.

100 1179 260 1210 S.Matth.

100 1223 178 1254 xxii.
199 1232 227 1262 5.

321 161 404 202 252
715 164 766 203 B.
809 160 1088 202 CYRILLI
1129 159 1511 201 ALEXANDR.
1757 155 1895 207 i-7-9·

320 269 429 320 λίαν
470 270 802 323 διανενευκότες
851 270 925 320 ἐπὶ
974 267 1034 318 τὰ
1076 267 1384 335 γεωδέστερα.
1449 266 1600 319 οἴκους
1642 263 1735 331 γάρ
1775 269 1900 332 φησι

321 350 658 416 κατεσκεύαζον
687 349 1081 413 κοιλοστάθμους.
1149 350 1385 417 τοιγάρτοι
1421 350 1573 418 φησὶν
1599 348 1624 398 ὁ
1650 344 1901 398 θεσπέσιος

321 434 495 484 Δαυείδ
518 435 622 499 περὶ
649 437 743 484 τῶν
769 435 916 485 ἐθνῶν
942 441 968 462 “
986 432 1089 497 Τὴν
1113 433 1358 497 ἐπιθυμίαν
1396 436 1490 482 τῶν
1523 429 1736 495 πενήτων
1773 425 1902 491 εἰσή-

322 523 348 545 “
374 538 551 569 κουσας
581 515 742 583 Κύριε·
784 519 841 584 τῇ
868 515 1114 584 ἑτοιμασίᾳ
1150 517 1231 578 τῆς
1264 513 1453 581 καρδίας
1480 514 1632 564 αὐτῶν
1656 510 1902 578 προσέσχε

321 605 348 628 “
373 596 427 648 τὸ
452 599 530 653 οὖς
556 600 692 649 σου.”
745 596 1023 663 ἑτοιμότεροι
1050 596 1144 663 γὰρ
1170 600 1230 650 εἷς
1256 595 1310 648 τὸ
1335 595 1571 648 πιστεύειν
1597 598 1638 646 οἱ
1663 594 1720 663 ἐξ
1741 595 1899 654 ἐθνῶν,
1921 608 1943 647 5

321 682 506 747 ὀκνηροὶ
540 679 589 731 δὲ
623 681 732 731 λίαν
768 684 809 732 οἱ
848 681 904 749 ἐξ
925 679 1141 746 Ἰσραήλ.
1205 679 1317 733 ἴδοις
1349 680 1392 730 δ’
1421 677 1479 729 ἂν
1518 678 1542 729 ὅ
1581 682 1703 746 φημι
1741 677 1816 726 καὶ
1853 675 1902 724 ἐν

321 765 638 829 εὐαγγελικοῖς
673 763 1062 830 συγγράμμασιν,
1090 762 1192 827 ἤτοι
1229 765 1540 828 παραβολαῖς.
1605 759 1794 826 ἔτρεχον
1818 755 1903 820 μὲν

323 846 415 912 γὰρ
448 850 490 897 οἱ
527 846 924 912 δειπνοκλήτορες,
951 845 1307 911 συναγείροντες
1333 847 1395 898 εἰς
1419 841 1526 896 τοὺς
1549 842 1743 910 γάμους·
1786 843 1828 891 οὶ
1853 837 1902 890 δὲ

321 930 402 979 οὐκ
428 929 602 994 ἤθελον
625 930 791 992 ἐλθεῖν,
818 927 1109 980 ἐπλάττοντο
1136 927 1183 979 δὲ
1209 934 1237 957 “
1252 925 1518 995 προφάσεις
1543 926 1591 976 ἐν
1617 922 1900 989 ἁμαρτίαις.”

322 1012 346 1062 ὁ
391 1010 476 1074 μὲν
518 1010 610 1078 γὰρ
654 1012 863 1080 ἔφασκεν
902 1018 929 1041 “
956 1010 1134 1077 Ἀγρὸν
1178 1010 1445 1077 ἠγόρασα·”
1493 1009 1517 1059 ὁ
1562 1010 1619 1058 δέ
1652 1014 1678 1037 “
1699 1010 1904 1058 Γυναῖκα

323 1101 349 1123 “
377 1094 572 1160 ε”γημα·”
614 1093 794 1164 ᾤχοντο
834 1093 882 1145 δὲ
921 1097 995 1144 καὶ
1034 1094 1177 1160 ἕτεροι
1215 1092 1333 1159 πρὸς·
1365 1091 1450 1156 τὴν
1479 1090 1703 1157 ἐμπορίαν
1732 1089 1901 1139 αὐτῶν.

323 1177 489 1228 οὐκοῦν
525 1177 766 1242 κέκληνται
803 1179 876 1227 καὶ
908 1177 1182 1242 εἰσέδραμον
1214 1180 1276 1230 εἰς
1307 1175 1413 1228 τοὺς
1440 1173 1617 1240 γάμους
1650 1176 1692 1223 οἱ
1723 1173 1772 1222 ἐν
1804 1174 1905 1224 ταῖς

325 1261 460 1322 ὁδοῖς,
478 1263 517 1310 οἱ
537 1258 667 1326 παρὰ
687 1264 782 1313 τοῖς
808 1264 1044 1328 φραγμοῖς
1063 1258 1323 1325 ηὑρημένοι,
1344 1259 1418 1308 καὶ
1445 1255 1699 1323 γεγόνασιν
1716 1255 1906 1318 ἀληθῶς·

100 1347 261 1379 1}>.xx.16.
279 1351 304 1391 d
325 1345 366 1392 οὶ
392 1346 568 1408 πρῶτοι
594 1342 801 1408 ἔσχατοι,
824 1344 897 1392 καὶ
926 1344 965 1391 οῖ
992 1341 1186 1408 ἔσχατοι
1211 1344 1403 1407 πρῶτοι.
1453 1340 1573 1390 οὕτω
1598 1338 1672 1388 καὶ
1698 1336 1907 1405 ε”φασκεν

102 1515 155 1545 Ps.
177 1515 254 1545 xvii.

102 1557 218 1598 44-46·

325 1426 349 1475 ὁ
370 1423 582 1491 Χριστὸς
609 1424 684 1475 διὰ
712 1427 871 1492 φωνῆς
899 1425 1073 1474 Δαυεὶδ
1098 1423 1208 1489 περί
1228 1446 1277 1473 τε
1303 1426 1397 1472 τῶν
1421 1422 1476 1490 ἐξ
1492 1421 1685 1484 αἵματος
1703 1417 1906 1484 Ἰσραὴλ

324 1510 399 1558 καὶ
425 1511 517 1558 τῶν
545 1509 692 1557 ἐθνῶν
718 1514 745 1535 “
767 1506 894 1560 Λαὸς
927 1505 980 1557 ὃν
1005 1507 1087 1555 οὐκ
1112 1505 1259 1571 ε”γνων
1287 1503 1541 1555 ἐδούλευσέ
1559 1525 1649 1566 μοι,
1677 1506 1739 1555 εἰς
1763 1499 1907 1565 ἀκοὴν

326 1597 351 1620 “
378 1591 515 1641 ὠτίου
559 1588 802 1653 ὑπήκουσέ
830 1607 932 1652 μου“
974 1590 1060 1638 υἱοὶ
1105 1587 1349 1653 ἀλλότριοι
1384 1584 1651 1654 ἐψεύσαντο
1689 1607 1780 1647 μοι,
1820 1585 1906 1634 υἱοὶ

325 1680 351 1702 “
377 1671 622 1737 ἀλλότριοι
660 1671 1028 1735 ἐπαλαιώθησαν
1067 1674 1142 1721 καὶ
1180 1671 1424 1738 ἐχώλαναν
1466 1667 1560 1719 ἀπὸ
1598 1672 1693 1718 τῶν
1730 1667 1907 1732 τρίβων

553 1754 562 1769 ,

325 1764 350 1785 “
378 1757 546 1805 αὐτῶν.
566 1755 576 1769 ’

287 1976 443 2026 7Ταὸε
484 1977 597 2023 λέΓει
641 1975 787 2031 Κύριος
828 1974 1145 2030 Παντοκράτωρ
1179 1972 1315 2013 Θέσθε
1354 1970 1431 2011 τὰς
1476 1968 1652 2027 καρδίας
1689 1967 1807 2017 ὑμῶν
1845 1964 1906 2008 εἷο

393 2060 469 2102 τὰς
503 2059 629 2101 ὁδοὺς
663 2058 792 2107 ὑμῶν·
839 2058 1027 2107 ἀναβΗτε
1061 2056 1132 2098 ἐπὶ
1166 2056 1213 2099 τὸ
1249 2055 1351 2112 ὄρος
1390 2054 1459 2095 καὶ
1497 2055 1659 2103 κόψατε
1698 2052 1799 2094 ξύλα
1839 2049 1908 2091 καὶ

395 2142 709 2191 οἰκοδομήσατε
744 2142 816 2183 τὸν
858 2137 989 2191 οἶκον,
1022 2140 1090 2180 καὶ
1134 2139 1358 2181 εὐδοκέιοω
1397 2138 1442 2179 ὲν
1480 2138 1596 2191 αὐτῷ
1631 2134 1694 2176 καὶ
1732 2133 1909 2177 ἔνδοξα--

397 2228 620 2279 σθήσομαι,
664 2222 756 2268 εἶπε
803 2225 966 2282 Κύριος.
1025 2225 1294 2274 ὲηεβλὲψατε
1335 2220 1393 2263 εἷς
1436 2220 1592 2272 Πολλὰ,
1636 2219 1704 2260 καὶ
1740 2219 1908 2269 ὲΓὲνετο

396 2311 528 2358 &Ml-ot·
570 2310 633 2352 καὶ
661 2308 882 2365 εἰοΗνὲχθΗ
910 2307 969 2350 εἰς
997 2308 1068 2350 τὸν
1095 2303 1211 2349 οἶκον
1240 2306 1308 2347 καὶ
1332 2306 1577 2361 ἑξεφύσΗσα
1605 2303 1725 2344 αὐτά.

380 2525 408 2547 1.
434 2513 511 2547 λίαν
528 2519 751 2557 assumptum
769 2523 809 2545 ex
831 2511 876 2545 D.
1051 2521 1081 2543 2.
1109 2508 1289 2551 ἐσκεύαζον
1307 2507 1398 2542 Edd.
1449 2509 1467 2540 ὁ
1485 2506 1669 2541 θεσπέσιος
1686 2511 1907 2548 assumptum

329 2573 370 2594 ex
391 2560 484 2594 B.D.
771 2569 804 2602 3.
831 2557 1034 2600 εἷσὴκουσας
1052 2556 1152 2600 Κύριε
1175 2556 1215 2589 B.
1236 2554 1415 2599 Syr-Hex.
1434 2554 1479 2588 cf.
1499 2552 1625 2598 Glaph.
1648 2563 1708 2586 101
1729 2564 1758 2585 a.
1777 2551 1839 2585 ubi
1856 2558 1909 2585 est

331 2607 512 2641 diversitas
532 2605 640 2640 MSS.
659 2605 839 2649 εἷσὴκουσε
858 2604 981 2647 Κύριος
1002 2604 1045 2637 D.
1068 2603 1156 2637 Edd.
1177 2602 1300 2645 (ΑΝ.)
1579 2609 1611 2644 5.
1639 2613 1704 2633 σου
1724 2597 1765 2632 Β.
1785 2597 1909 2642 (Vat.)

331 2655 433 2688 αὐτοῦ
452 2654 497 2687 D.
514 2653 604 2687 Edd.
618 2652 759 2697 (Alex.)
772 2653 814 2686 cf.
829 2651 956 2696 Glaph.
976 2652 998 2684 1.
1011 2663 1041 2685 c.
1060 2651 1108 2693 (v,
1121 2651 1160 2691 1.)
1178 2660 1221 2694 92
1237 2660 1266 2683 c.
1280 2650 1328 2691 (v.
1340 2648 1378 2691 1.)
1393 2648 1429 2681 in
1449 2646 1671 2681 S.Joannem
1683 2645 1749 2689 603
1763 2644 1796 2678 b.
1809 2645 1857 2688 (v.
1869 2645 1909 2688 1.)

331 2701 363 2735 6.
391 2700 422 2735 δ’
441 2699 498 2746 ἂν]
517 2701 582 2745 γὰρ
602 2700 648 2734 D.
748 2710 800 2733 10.
827 2696 996 2744 ἔφασκεν]
1014 2702 1050 2738 -Ι-
1068 2697 1119 2731 ὅτι
1135 2697 1181 2730 D.
1281 2706 1333 2739 13.
1360 2695 1412 2728 καὶ
1431 2705 1493 2738 pro
1511 2694 1541 2727 οῖ
1559 2692 1618 2726 iid.
1665 2691 1842 2735 ηὑρημένοι
1861 2691 1909 2726 D.

331 2748 461 2792 εὖρισκ.
481 2747 571 2781 Edd.
790 2756 841 2790 15.
868 2744 999 2790 φωνῆς]
1023 2749 1056 2784 ἦ·
1080 2745 1139 2777 τοῦ
1158 2741 1249 2776 Edd.
1268 2742 1376 2775 invito
1396 2741 1443 2774 D.
1669 2738 1721 2772 16.
1750 2738 1846 2772 Haec
1863 2737 1911 2774 εἷς

330 2795 431 2837 ἀκοὴν
448 2795 547 2828 ὠτίου
572 2792 743 2837 ὑπήκουσέ
766 2808 831 2835 μου
856 2799 889 2826 et
914 2793 979 2825 υἱοὶ
1003 2791 1179 2834 ἀλλότριοι
1205 2787 1464 2831 ἐπσλαιὼθησαν
1481 2786 1534 2820 καὶ
1552 2785 1604 2831 ε’χ.
1620 2785 1686 2819 ἀπὸ
1703 2788 1768 2819 τῶν
1784 2785 1911 2830 τρίβων

331 2842 439 2874 αὐτῶν
456 2847 676 2875 accesserunt
689 2852 729 2873 ex
752 2840 843 2873 Β.[).
1104 2847 1156 2880 17.
1182 2850 1222 2880 με
1240 2847 1302 2879 pro
1318 2849 1374 2878 μοι
1394 2834 1440 2868 D.
1707 2843 1761 2866 21.
1788 2832 1842 2866 ἐπὶ
1862 2832 1909 2866 D.

332 2888 452 2931 (Alex.
478 2887 583 2931 XII.)
613 2887 659 2923 εἰς
683 2886 774 2920 Edd.
803 2886 903 2930 (Vat.
927 2885 967 2930 N)
1031 2885 1083 2917 καὶ
1109 2885 1167 2917 alt.
1186 2887 1405 2926 assumptum
1431 2892 1472 2914 ex
1501 2879 1593 2914 Β.[).
1621 2879 1657 2920 (N
1681 2879 1781 2912 Alex.
1807 2878 1909 2921 XII.)

335 2945 388 2977 23.
414 2934 545 2978 ἐγένετο
566 2935 656 2968 ΒΛ).
676 2934 771 2973 (Vat.
790 2937 825 2975 N)
844 2932 997 2976 ἐγένοντο
1018 2930 1107 2965 Edd.
1127 2930 1258 2973 (Alex.)
1471 2937 1525 2968 24.
1552 2925 1729 2971 εἰσηνέχθη
1751 2926 1796 2960 D.
1816 2925 1907 2960 Edd.

334 2981 544 3023 εἷσηνέγκατε
566 2981 606 3014 Β.

1927 1028 1974 1052 10

1930 1980 2003 2005 20*
