2018 3391
130 366 160 395 S.
180 364 254 397 Jac.

131 420 160 440 v.
182 419 231 439 20.

133 789 234 819 Deut.
249 787 291 817 vi.
315 805 336 830 e

136 842 163 871 7,
180 832 221 862 cf.
238 832 281 862 xi.

136 885 184 916 19.

133 963 187 993 Ps.

131 1005 240 1036 cxviii.

135 1057 205 1090 117.

351 182 432 221 194
740 182 787 220 B.
834 179 1109 220 CYRILLI
1161 176 1541 218 ALEXANDR.
1821 170 1862 209 ii.
1885 182 1923 219 4.

351 288 422 340 ὅτι
464 288 512 340 δὲ
556 289 639 340 οὐκ
681 289 883 351 ἄμισθος
922 289 947 337 ὁ
986 288 1060 337 ἐπὶ
1099 290 1213 355 τῷδε
1251 286 1406 347 πόνος,
1442 286 1667 353 σαφηνιεῖ
1700 280 1855 345 λέγων
1904 278 1928 327 ὁ

350 375 565 438 Χριστοῦ
590 369 801 434 μαθητής
828 367 981 420 “aon
1002 370 1026 419 ὁ
1046 369 1338 437 ἐπιστρέψας
1364 364 1647 434 ἁμαρτωλὸν
1671 365 1719 415 ἐκ
1745 359 1929 424 πλάνης

351 462 378 484 “
406 455 514 505 ὀδοῦ
540 454 697 515 αὐτοῦ,
727 452 878 503 σώσει
912 450 1076 520 ψυχὴν
1112 453 1253 502 αὑτοῦ
1291 452 1339 501 ἐκ
1376 448 1578 501 θανάτου
1616 448 1691 498 καὶ
1726 443 1931 511 καλύψει

352 543 381 565 “
406 539 590 596 πλῆθος
631 535 914 600 ἁμαρτιῶν.”
978 539 1015 585 εἰ
1054 533 1102 585 δὲ
1141 534 1197 597 δή
1238 556 1307 587 τις
1348 532 1486 583 οἴοιτο
1530 529 1584 582 τὸ
1627 524 1932 596 ἀποκρίνεσθαι

352 619 472 672 αὐτα
496 623 805 684 καταδηλοῦν,
832 619 902 671 ὅτι
937 618 1138 683 μελέτην
1173 618 1292 669 αὐτὰ
1326 620 1563 669 ποιεῖσθαι
1588 612 1828 681 προσήκει,
1857 612 1931 661 καὶ
1952 623 1973 660 5

351 704 460 769 τῇδε
501 704 674 754 νοείτω.
738 702 1034 769 προστέταχε
1076 700 1169 767 γὰρ
1201 702 1276 751 καὶ
1314 700 1338 750 ὁ
1376 696 1620 751 Μωυσέως
1655 695 1793 758 νόμος
1827 694 1933 758 περὶ

352 789 446 836 τῶν
477 791 559 836 τοῦ
587 788 710 836 Θεοῦ
746 785 943 850 λογίων,
976 784 1046 835 ὅτι
1078 790 1104 812 “
1125 786 1199 834 καὶ
1238 781 1468 847 λαλήσεις
1507 781 1554 830 ἐν
1591 780 1744 831 αὐτοῖς
1783 773 1930 839 καθή-

355 875 381 897 “
405 891 557 931 μενος,
595 869 670 918 καὶ
708 866 1017 932 πορεύομενος
1054 868 1102 916 ἐν
1141 866 1308 933 ἀγορᾷ,
1340 860 1659 929 κοιταζόμενος
1697 860 1771 910 καὶ
1810 861 1928 909 διαν-

353 957 381 979 ιί
507 948 519 962 Ι
676 948 700 964 ”
806 949 817 962 Ι
1002 948 1012 965 ἵ
1106 950 1119 965 X
1164 948 1174 961 ἶ
1354 948 1363 962 Ι
1547 946 1560 962 Κ
1758 940 1769 955 Ι
1900 941 1909 954 2

407 972 670 1013 ισταμενος.
741 954 926 1018 ψαλλει
965 952 1013 1000 δε
1046 971 1121 999 και
1155 970 1179 998 ο
1213 950 1389 998 Δαυειδ
1423 949 1562 996 “Και
1600 950 1848 1007 μελετησω
1887 962 1936 990 εν

353 1039 381 1062 “
406 1037 501 1086 τοῖς
527 1031 814 1095 δικαιώμασί
836 1055 927 1083 σου
953 1030 1029 1082 διὰ
1053 1027 1267 1084 παντός.”

317 1231 473 1276 4Διότι
503 1229 604 1286 Γάζα
640 1229 934 1286 ὃιΗρΠοισμὲνΗ
971 1229 1103 1279 ἔσται,
1132 1227 1444 1268 καὶἈσκάλων
1482 1222 1541 1265 εἰς
1579 1221 1835 1279 ἀφανισμὸν,
1868 1219 1936 1259 καὶ

416 1314 599 1370 Ἄζωτος
627 1313 889 1370 μεοΗμβρίαο
916 1312 1208 1370 ὲκριφέιοεται,
1238 1310 1304 1351 καὶ
1325 1308 1523 1365 Ἀκαρὼν
1551 1305 1893 1363 ἐκριζωθὲισεται.

430 1432 685 1490 Οἱκονομεῖ
718 1451 761 1478 τι
800 1426 948 1478 πάλιν
984 1427 1007 1477 ὁ
1044 1424 1187 1491 λόγος
1226 1428 1302 1474 καὶ
1340 1420 1728 1489 προαπαγγέλλει
1768 1421 1939 1486 σαφῶς

357 1516 450 1563 τῶν
476 1511 713 1573 ἐσομένων
740 1508 859 1561 κατὰ
897 1508 1080 1575 καιροὺς
1120 1512 1181 1562 εἰς
1210 1505 1515 1573 παράκλησιν
1542 1504 1616 1554 καὶ
1641 1499 1940 1567 παραμυθίαν

358 1600 453 1648 τοῖς
479 1594 535 1662 ἐξ
557 1593 774 1659 Ἰσραήλ.
838 1593 912 1642 καὶ
946 1592 995 1641 τί
1027 1590 1083 1654 δὴ
1114 1595 1265 1651 τοῦτο,
1293 1590 1395 1654 ἐρῶ.
1458 1583 1820 1652 πεπορθημένων
1845 1585 1939 1633 τῶν
1964 1595 2008 1633 15

137 1690 224 1723 595
241 1688 290 1722 A·
322 1676 720 1744 ηἹεροσολύμων,
764 1676 839 1726 καὶ
880 1673 1070 1738 ἁπάσης
1111 1672 1158 1723 δὲ
1200 1675 1282 1736 τῆς
1311 1670 1537 1723 Ἰουδαίας
1576 1666 1940 1730 κατειλημμένης

361 1759 450 1812 ὑπὸ
499 1764 582 1809 τοῦ
633 1755 1079 1824 Ναβουχοδονόσορ,
1131 1759 1177 1806 αἱ
1232 1754 1453 1819 περίοικοι
1502 1756 1595 1802 τῶν
1645 1748 1941 1816 ἀλλοφύλων

359 1842 520 1896 πόλεις
573 1840 856 1906 ἐπεγάνυντο
910 1844 1005 1892 τοῖς
1057 1837 1321 1889 πεπονθόσι
1372 1838 1447 1886 καὶ
1503 1832 1794 1896 κατεμειδίων
1849 1833 1942 1880 τῶν

360 1924 740 1990 πεπορθημένων,
768 1923 901 1973 ἔθυον
934 1920 982 1972 δὲ
1019 1923 1092 1971 καὶ
1131 1924 1226 1973 τοῖς
1266 1918 1393 1972 ἰδίοις
1432 1920 1571 1979 θεοῖς,
1602 1918 1663 1968 ὡς
1701 1913 1755 1965 τὸ
1793 1917 1942 1964 πᾶσιν

361 2006 693 2074 ἁπηχθημένον
732 2002 1066 2056 ἀπολωλεκόσι
1105 2002 1255 2068 γένος·
1298 1998 1581 2063 ἀπετόλμων
1605 1997 1653 2049 δὲ
1687 1996 1853 2062 λε’γειν,
1880 1997 1940 2050 ὡς
1963 2014 2011 2038 20

361 2089 587 2154 ἀνόνητον
629 2089 782 2141 αὐτοῖς
826 2085 880 2137 τὸ
931 2087 1005 2137 ἐπὶ
1049 2089 1156 2154 Θεῷ
1208 2082 1475 2135 πεποιθέναι
1527 2080 1601 2132 διὰ
1651 2077 1942 2146 πραγμάτων

362 2174 514 2223 αὐτῶν
548 2170 898 2241 ἐξελήλεγκται,
932 2167 1079 2238 ᾤοντό
1117 2190 1165 2218 τε
1199 2166 1269 2218 ὅτι
1308 2168 1381 2216 καὶ
1419 2167 1502 2228 τῆς
1541 2164 1717 2214 ἄνωθεν
1754 2163 1937 2212 ἐπικου-

362 2255 465 2321 ρίας
503 2253 836 2318 εὐσθενεστέρα
874 2275 922 2302 τε
959 2253 1035 2301 καὶ
1074 2252 1121 2301 ἐν
1160 2250 1400 2313 ἀμείνοσιν
1439 2248 1466 2311 ἡ
1498 2251 1592 2297 τῶν
1625 2244 1943 2306 Βαβυλωνίων

318 2342 345 2383 b
364 2338 541 2404 ἐγένετο
567 2338 679 2403 χείρ.
742 2340 778 2386 εὶ
806 2334 852 2386 δὲ
888 2332 1037 2398 δήπου
1073 2356 1141 2386 τις
1175 2336 1269 2382 τῶν
1302 2332 1351 2381 ἐκ
1389 2333 1470 2394 τῆς
1495 2328 1720 2381 Ἰουδαίας
1745 2325 1804 2377 τὰ
1830 2325 1943 2376 οἴκοι

363 2423 529 2484 μεθεὶς,
551 2421 625 2470 καὶ
651 2422 733 2482 τῆς
759 2417 1039 2483 ἐνεγκούσης
1064 2412 1349 2481 ἀποδραμὼν
1376 2410 1495 2463 κατὰ
1519 2410 1601 2461 τὸν
1627 2414 1709 2461 τοῦ
1733 2408 1943 2470 πολέμου
1965 2421 2012 2461 25

365 2502 538 2569 καιρὸν,
591 2504 652 2555 ὡς
701 2500 818 2566 πρὸς
870 2497 1068 2565 ὁμόρους
1118 2497 1311 2566 ἀφίκετο
1354 2494 1589 2560 σώζεσθαι
1639 2494 1940 2557 προσδοκῶν,

365 2585 498 2638 οὗτος
524 2583 580 2648 ἧν
606 2587 654 2634 ἐν
681 2584 902 2651 χείροσιν,
930 2580 1177 2647 ὡμοτέροις
1203 2582 1296 2630 τῶν
1323 2575 1641 2635 Βαβυλωνίων
1670 2571 1943 2640 περιτυχὼν,

365 2673 460 2722 τοῖς
495 2668 819 2732 κατοικτείρειν
853 2666 1144 2733 ὀφείλουσιν.
1213 2663 1378 2713 οὐκοῦν
1406 2657 1832 2724 κατεσοβαρεύοντο
1863 2658 1945 2721 τῆς

416 2834 448 2864 4.
474 2819 715 2865 ἀποκρίνεσθαι
732 2818 766 2852 b.
787 2817 878 2852 Edd.
897 2816 1127 2861 ἀποκρίνασθε
1148 2815 1190 2849 Β.
1603 2821 1635 2854 9.
1662 2809 1714 2842 καὶ
1732 2809 1790 2842 alt.
1809 2819 1880 2842 om.
1901 2807 1943 2841 Β.

371 2879 424 2902 12.
450 2869 581 2912 ἀκαρὼν
600 2867 642 2901 Β.
659 2865 829 2910 Ἀκκαρὼν
848 2864 939 2899 Edd.
1285 2871 1337 2905 13.
1363 2859 1528 2901 οἰκονομεῖ
1545 2855 1593 2901 τι]
1614 2856 1832 2900 οἰκονομεῖται
1850 2853 1944 2888 Aub-

369 2915 490 2959 σαφῶς
507 2914 651 2949 accessit
668 2925 709 2947 ex
730 2913 771 2946 B.
1028 2922 1080 2952 14.
1106 2910 1145 2943 τὰ
1165 2908 1308 2952 ἐσόμενα
1328 2905 1417 2940 Edd.
1468 2905 1520 2937 καὶ
1537 2903 1749 2949 παραμυθίαν
1765 2906 1946 2945 assumpta

368 2973 409 2994 ex
432 2961 471 2994 B.
674 2969 726 3003 17.
751 2961 811 2993 τοῦ
829 2958 972 2992 accessit
989 2969 1029 2991 ex
1051 2957 1092 2991 B.
1315 2963 1369 2987 22.
1395 2950 1447 2997 τε]
1468 2951 1503 2985 δέ
1523 2950 1566 2985 Β.
1765 2959 1820 2993 23.
1849 2947 1945 2981 Haec

369 3022 404 3042 τε
423 3008 475 3041 καὶ
493 3007 526 3041 ἐν
543 3007 715 3050 ἀμείνοσιν
733 3011 952 3039 accesserunt
970 3016 1009 3037 ex
1033 3004 1073 3037 B.
