2053 3382
86 391 100 410 ‘2
120 381 204 411 Tim.

83 425 115 454 ii.
138 433 183 455 12.

87 557 100 577 2
121 549 194 578 Cor.

83 591 103 622 i.
128 602 153 631 7.

84 1609 133 1657 C.f
154 1609 240 1640 Hel).

84 1663 115 1681 11.
134 1661 180 1683 10.

82 1943 112 1969 Η.
129 1940 146 1969 J
156 1952 227 1971 0:111.

82 1984 148 2014 xix.
170 1993 216 2014 11.

308 179 392 218 478
701 180 750 220 B.
795 179 1078 219 CYRILLI
1119 180 1507 222 ALEXANDR.
1757 179 1828 220 xii.
1852 190 1891 229 4.

308 286 381 337 διὰ
420 287 725 352 παθημάτων,
765 289 840 338 ἵνα
881 289 1158 357 σύμμορφοι
1199 289 1443 355 γεγονότες
1481 291 1621 360 αὐτῷ,
1661 291 1895 359 συνδοξα-

306 369 462 419 σθεῖἐν
494 391 541 418 τε
577 370 651 418 καὶ
687 369 1146 432 συμβασιλεύσειαν.
1201 375 1237 422 εὶ
1262 370 1356 437 γὰρ
1381 371 1749 440 συμπάσχομεν,
1777 378 1804 402 “
1821 375 1896 422 καὶ

307 458 335 479 “
361 450 846 514 συμβασιλεύσομεῖ
892 452 1031 520 αὐτῷ,
1083 451 1203 502 κατὰ
1251 452 1304 503 τὸ
1350 454 1687 519 γεγραμμένον,
1738 455 1813 505 καὶ
1858 457 1896 503 εἱ

307 539 332 560 “
359 533 567 582 κοινωνοὶ
595 536 689 582 τῶν
714 532 1039 596 παθημάτων”
1067 533 1222 597 ἐσμὲν,
1249 534 1379 585 ἀλλὰ
1407 539 1480 586 καὶ
1507 538 1591 599 τῆς
1621 535 1762 604 δόξης
1790 534 1896 586 ἐσό-

304 617 440 675 μεθα.
497 618 508 662 ἱ
543 612 584 664 οἳ)
621 613 777 664 τοίνυν
816 617 938 682 φησὶ
982 614 1125 683 τίθημι
1171 615 1239 676 τὴν
1277 616 1566 686 εΙιερσυσοιλῖ,τ[.ι
1611 620 1668 672 ὡς
1711 615 1937 687 πρόθυρα5

306 695 595 762 σαλευόμενοι.
655 699 691 746 εἰ
737 695 785 746 δὲ
830 696 980 760 δήπου
1025 702 1165 747 τοῦτο
1204 698 1399 763 γε’νοιτο,
1446 702 1520 749 καὶ
1558 700 1751 766 ταχθείη
1789 701 1894 764 περὶ

267 777 448 839 οαύτην
484 778 511 839 ἡ
552 777 746 847 περιοχὴ,
782 778 1027 829 τουτέστιν
1061 779 1089 843 ἡ
1127 779 1257 846 παρὰ
1295 780 1487 832 πάντων
1519 781 1782 847 πολιορκία,
1819 782 1896 831 καὶ

303 858 417 909 ὅταν
462 857 574 909 εἶναι
624 860 801 928 δόξειεν
845 863 906 914 ὡς
957 860 1072 916 λιθσς
1125 862 1538 929 καταπατούμενος,
1581 861 1687 914 τότε
1731 864 1829 917 mic
1876 869 1894 914 ὁ

304 941 534 1011 ἐμπαιζων
574 942 862 1011 ἐμπαιξεται.
929 942 1190 1008 πέπρακται
1236 943 1286 995 δὲ
1329 950 1481 1007 τοῦτο,
1527 943 1737 1011 καθάπερ
1775 944 1896 1013 ε”φην

303 1023 485 1087 ἀρτίως,
521 1024 568 1073 ἐν
600 1029 695 1077 τοῖς
731 1023 851 1074 κατὰ
883 1025 1069 1091 καιροὺς
1101 1028 1337 1091 διωγμοῖς.
1388 1026 1647 1094 ἐπεφύοντο
1673 1025 1766 1092 γὰρ
1799 1030 1895 1079 τοῖς

305 1105 467 1169 ἁγίοις,
504 1104 622 1156 κατὰ
655 1105 869 1161 πολλοὺς
903 1107 1151 1173 αἱκίζοντες
1183 1107 1398 1174 τρόπους,
1434 1111 1509 1159 καὶ
1541 1107 1664 1175 τάχα
1696 1131 1789 1159 που
1820 1111 1894 1159 καὶ

304 1186 692 1250 ἀποθνήσκουσιν
731 1189 1068 1251 ἐπιμειδιῶντες
1114 1193 1154 1240 οἱ
1193 1191 1407 1244 τάλανες.
1482 1191 1534 1241 οὐ
1570 1190 1663 1256 γὰρ
1701 1189 1892 1257 ᾔδεσαν,

304 1268 422 1319 κατὰ
468 1269 521 1320 τὸ
573 1269 703 1332 εἰκὸς,
754 1270 807 1321 τὸ
858 1272 909 1321 ἐκ
958 1277 1040 1322 τοῦ
1087 1276 1252 1323 παθεῖν
1295 1272 1490 1333 εὐκλεὲς,
1535 1275 1610 1323 καὶ
1662 1272 1732 1323 ὅτι
1775 1271 1894 1338 πρὸς

305 1352 521 1415 εὐθυμίας
561 1353 715 1406 αὐτοῖς
757 1355 840 1416 τῆς
883 1355 1117 1417 διηνεκοῦς
1159 1354 1293 1404 ἔσται
1335 1354 1392 1418 δὴ
1433 1354 1620 1408 πάντως
1663 1356 1688 1405 ὁ
1729 1352 1886 1407 πόνος.

262 1437 289 1478 d
306 1432 435 1499 ἄθρει
472 1432 528 1497 δὴ
561 1434 687 1487 ὅπως
722 1435 775 1485 οὐ
810 1438 892 1499 τῆς
926 1440 1020 1486 τῶν
1053 1437 1200 1486 ἐθνῶν
1236 1436 1400 1503 ἰσχύος
1438 1437 1576 1503 ἔργον
1608 1434 1727 1487 εἶναι’
1755 1440 1891 1505 φησι,

305 1514 359 1566 τὸ
407 1516 903 1580 καταπατηθήσεσθαι
948 1516 1033 1580 τὴν
1071 1518 1382 1581 Ἐκκλησίαν·
1444 1518 1574 1569 ἀλλὰ
1619 1521 1702 1582 τῆς
1751 1519 1893 1568 αὐτοῦ

304 1601 483 1661 βουλῆς
515 1598 733 1666 ἐφιέντος,
767 1601 828 1652 ὡς
859 1599 993 1666 ἔφην,
1028 1598 1102 1650 διὰ
1133 1598 1426 1664 παθημάτων
1457 1604 1754 1651 τελειοῦσθαι
1785 1598 1893 1653 τοὺς

305 1680 443 1732 ἰδίους
481 1679 825 1745 προσκυνητάς.
893 1679 979 1732 &ab
1018 1680 1110 1746 γάρ
1150 1686 1301 1749 φησιν
1340 1681 1429 1747 ἐγὼ
1467 1681 1611 1748 τίθημι
1649 1681 1715 1742 τὴν
1746 1682 1894 1750 Ἰερου-

304 1763 463 1831 σαλὴμ.
496 1767 553 1819 ως
579 1763 763 1833 πρσθυρει
790 1766 1069 1832 σαλευόμενοι
1097 1768 1216 1816 πᾶσι
1245 1769 1333 1820 τοῖς
1359 1769 1490 1821 λαοῖς
1520 1766 1689 1836 κύκλῳ.
1743 1766 1893 1836 τούτῳ

302 1846 643 1912 παραπλήσιον
687 1848 830 1897 ἐκεῖνο
877 1844 1008 1910 οἶμαί
1052 1850 1155 1898 ἐστι
1199 1846 1253 1898 τὸ
1301 1847 1375 1899 διὰ
1420 1851 1502 1912 τῆς
1545 1854 1628 1899 τοῦ
1673 1852 1893 1914 Σωτῆρος

305 1931 465 1996 φωνῆς
497 1929 546 1979 εὖ
580 1928 712 1992 μάλα
743 1933 915 1997 σαφῶς
948 1928 1186 1995 εἰρημένον
1211 1928 1330 1996 πρὸς
1358 1929 1573 1981 Πιλάτου
1600 1937 1626 1959 “
1644 1931 1747 1981 Οὐκ
1776 1928 1893 1998 εἶχες

304 2018 330 2039 “
357 2011 573 2073 οὐδεμίαν
616 2011 839 2079 ἐξουσίαν
889 2013 986 2062 κατ’
1032 2013 1157 2074 ἐμοῦ,
1209 2016 1246 2062 εὶ
1297 2011 1362 2076 μὴ
1411 2010 1468 2075 ἧν
1519 2012 1763 2075 δεδομένον
1811 2035 1891 2063 σοι

304 2099 330 2121 “
357 2094 580 2143 ἄνωθεν·”
628 2092 745 2160 φαίη
780 2094 817 2144 δ’
846 2092 904 2144 ἂν
931 2093 1115 2148 εἰκότως
1149 2095 1175 2157 ἡ
1211 2094 1352 2158 νοητὴ
1387 2094 1533 2145 πάλιν
1559 2093 1890 2161 Ἰερουσαλὴμ,

265 2175 545 2226 οτουτέστιν
581 2176 607 2239 ἡ
634 2177 915 2240 Ἐκκλησία,
942 2180 1008 2245 τῷ
1044 2176 1257 2227 διώκοντι
1295 2175 1462 2245 κόσμῳ
1499 2177 1604 2227 Οὐκ
1637 2174 1754 2243 εἶχες
1788 2177 1888 2227 κατ’

303 2259 414 2320 ἐμοῦ
440 2257 661 2326 ἐξουσίαν
685 2258 916 2321 οὐδεμίαν,
947 2263 983 2309 εἱ
1009 2257 1074 2322 μὴ
1101 2257 1158 2323 ἧν
1185 2258 1429 2322 δεδομένον
1455 2281 1535 2309 σοι
1562 2258 1754 2310 ἄνωθεν.

264 2448 374 2491 4Ἑν
402 2453 452 2506 τᾷ
486 2449 622 2507 ἡμέρα
652 2448 808 2507 ἐκείνῳ,
842 2452 953 2497 λέπει
992 2449 1139 2506 Κύριος
1175 2450 1503 2506 παντοκράτωρ,
1535 2449 1717 2492 Πατάξω
1748 2448 1887 2490 Πάντα

369 2532 499 2573 ἵππον
534 2532 578 2573 ὲν
614 2532 810 2574 ἐκστάσει
846 2532 914 2573 καὶ
948 2532 1021 2574 τὸν
1056 2533 1274 2582 ἀναβάτΗν
1308 2534 1437 2574 αὐτοῦ
1468 2533 1513 2574 ἐν
1545 2532 1885 2588 Παραφρονήσει·

350 2661 380 2684 2.
406 2650 651 2690 βασιλεύσειαν
670 2650 711 2686 C.
778 2652 1038 2697 συμπάσχωμεν
1057 2650 1097 2685 C.
1429 2661 1461 2694 3.
1488 2647 1828 2692 συμβασιλεύσαιμεν
1847 2649 1888 2684 C.

303 2709 335 2741 5.
363 2698 452 2740 φησι
471 2709 539 2731 om.
561 2697 602 2731 C.
756 2697 788 2732 6.
814 2712 880 2732 που
897 2704 1121 2742 assumptum
1139 2708 1180 2731 ex
1200 2697 1241 2731 C.
1308 2697 1361 2730 καὶ
1378 2694 1516 2742 ταχθείη
1536 2695 1577 2729 C.
1595 2694 1775 2739 καταχθείη
1795 2695 1887 2730 Edd.

302 2756 334 2787 9.
361 2744 553 2787 ἐμπαίζετιιι
571 2744 665 2778 Aub.
959 2755 1011 2778 12.
1040 2743 1174 2778 εἵδεσαν
1193 2743 1233 2778 C.
1530 2753 1582 2783 14.
1608 2742 1728 2776 αὐτοὺς
1746 2742 1825 2783 (sic)
1846 2742 1886 2776 C.

306 2801 358 2833 15.
386 2790 425 2833 δὴ
447 2790 539 2824 C.D.
559 2791 595 2824 δέ
614 2790 647 2824 b.
668 2789 760 2825 Edd.
885 2790 937 2825 16.
964 2792 1083 2824 ἑαυτοῦ
1102 2789 1143 2824 C.
1161 2790 1271 2824 invito
1289 2789 1324 2824 b.
1445 2799 1497 2833 17.
1524 2787 1677 2832 ἐφιέντος
1696 2787 1736 2821 C.
1756 2788 1888 2833 ἐφίεται

301 2837 365 2879 γὰρ
386 2836 477 2870 Edd.
601 2849 653 2882 19.
680 2838 788 2871 ἅπασι
807 2837 848 2871 C.
867 2837 931 2882 (cf.
952 2837 1038 2871 Eus.
1057 2849 1077 2871 a
1095 2837 1270 2871 Parsonso
1289 2835 1367 2880 cit.)
1384 2836 1470 2869 πᾶσι
1488 2833 1580 2867 Edd.
1707 2845 1762 2868 21.
1790 2834 1887 2868 Haec

301 2882 336 2914 εὖ
353 2884 446 2924 μάλα
463 2885 585 2928 σαφῶς
602 2890 784 2928 assumpta
800 2896 842 2918 ex
862 2884 903 2918 C.
968 2885 1057 2928 ἔχεις
1075 2883 1115 2917 C.
1285 2893 1340 2916 22.
1367 2879 1436 2915 κατ’
1454 2881 1535 2924 ἐμοῦ
1553 2880 1713 2923 ἐξουσίαν
1729 2881 1888 2925 οὐδεμίαν

300 2928 438 2962 inverso
456 2930 575 2964 ordine
591 2930 631 2964 C.
692 2945 749 2964 σοι
767 2942 942 2975 suprascr.
960 2942 1067 2965 manu
1086 2929 1206 2963 eadem
1221 2928 1261 2963 C.
1546 2937 1600 2971 23.
1620 2926 1647 2960 δ’
1663 2933 1885 2973 assumptum

301 2985 342 3006 ex
363 2974 447 3008 B.C.
641 2987 696 3018 24.
726 2977 842 3012 Habet
859 2975 948 3022 εἶχες
967 2976 1009 3011 C.
1076 2976 1236 3019 ἐξουσίαν
1253 2974 1324 3010 οὐδ.
1343 2973 1411 3008 κατ’
1431 2972 1512 3017 ἐμοῦ
1529 2973 1599 3008 inv.
1618 2973 1693 3009 ord.
1713 2973 1754 3009 C.

1919 1045 1965 1070 10

1914 1862 1962 1887 20
