<?xml version="1.0" encoding="UTF-8"?>
<!DOCTYPE html PUBLIC "-//W3C//DTD XHTML 1.0 Transitional//EN"
    "http://www.w3.org/TR/xhtml1/DTD/xhtml1-transitional.dtd">
<html xmlns="http://www.w3.org/1999/xhtml" xml:lang="en" lang="en">
 <head>
  <title>
</title>
<meta http-equiv="Content-Type" content="text/html;charset=utf-8" />
  <meta name='ocr-system' content='tesseract 3.04.00' />
  <meta name='ocr-capabilities' content='ocr_page ocr_carea ocr_par ocr_line ocrx_word'/>
</head>
<body>
  <div class='ocr_page' id='page_1' title='image "./operacyrilli02cyriuoft/operacyrilli02cyriuoft_0583.png"; bbox 0 0 2018 3387; ppageno 0'>
   <div class='ocr_carea' id='block_1_1' title="bbox 115 184 1699 239">
    <p class='ocr_par' dir='ltr' id='par_1_1' title="bbox 115 184 1699 239">
     <span class='ocr_line' id='line_1_1' title="bbox 115 184 1699 239; baseline -0.011 1"><span class='ocrx_word' id='word_1_1' title='bbox 115 184 155 225; x_wconf 85' lang='lat' dir='ltr'>ii·</span> <span class='ocrx_word' id='word_1_2' title='bbox 180 195 219 239; x_wconf 88' lang='lat'>5·</span> <span class='ocrx_word' id='word_1_3' title='bbox 493 189 565 230; x_wconf 89' lang='lat' dir='ltr'>IN</span> <span class='ocrx_word' id='word_1_4' title='bbox 608 189 1046 231; x_wconf 81' lang='lat' dir='ltr'><strong>MALACIIIAM.</strong></span> <span class='ocrx_word' id='word_1_5' title='bbox 1107 188 1258 230; x_wconf 85' lang='lat' dir='ltr'>TOM.</span> <span class='ocrx_word' id='word_1_6' title='bbox 1292 187 1330 228; x_wconf 84' lang='grc' dir='ltr'>Ι.</span> <span class='ocrx_word' id='word_1_7' title='bbox 1619 184 1699 224; x_wconf 81' lang='lat'>575</span> 
     </span>
    </p>
   </div>
   <div class='ocr_carea' id='block_1_2' title="bbox 1766 293 1903 324">
    <p class='ocr_par' dir='ltr' id='par_1_2' title="bbox 1766 293 1903 324">
     <span class='ocr_line' id='line_1_2' title="bbox 1766 293 1903 324; baseline 0 0"><span class='ocrx_word' id='word_1_8' title='bbox 1766 293 1838 324; x_wconf 69' lang='lat' dir='ltr'>Gal.</span> <span class='ocrx_word' id='word_1_9' title='bbox 1860 293 1903 324; x_wconf 86' lang='lat' dir='ltr'><strong>iii.</strong></span> 
     </span>
    </p>
   </div>
   <div class='ocr_carea' id='block_1_3' title="bbox 115 293 1819 377">
    <p class='ocr_par' dir='ltr' id='par_1_3' title="bbox 115 293 1819 377">
     <span class='ocr_line' id='line_1_3' title="bbox 115 293 1819 377; baseline -0.003 -29"><span class='ocrx_word' id='word_1_10' title='bbox 115 296 235 363; x_wconf 81' lang='grc' dir='ltr'>πρὸς</span> <span class='ocrx_word' id='word_1_11' title='bbox 275 299 491 349; x_wconf 79' lang='grc' dir='ltr'>Μωυσέα</span> <span class='ocrx_word' id='word_1_12' title='bbox 535 299 618 350; x_wconf 84' lang='grc' dir='ltr'>τὸν</span> <span class='ocrx_word' id='word_1_13' title='bbox 657 300 907 366; x_wconf 81' lang='grc' dir='ltr'>ἱερώτατον</span> <span class='ocrx_word' id='word_1_14' title='bbox 952 301 977 350; x_wconf 90' lang='grc' dir='ltr'><strong>ὁ</strong></span> <span class='ocrx_word' id='word_1_15' title='bbox 1022 301 1070 350; x_wconf 88' lang='grc' dir='ltr'>ἐν</span> <span class='ocrx_word' id='word_1_16' title='bbox 1113 297 1365 365; x_wconf 84' lang='grc' dir='ltr'>γράμμασι</span> <span class='ocrx_word' id='word_1_17' title='bbox 1413 293 1566 358; x_wconf 86' lang='grc' dir='ltr'>νόμος,</span> <span class='ocrx_word' id='word_1_18' title='bbox 1606 296 1703 344; x_wconf 87' lang='grc' dir='ltr'>δια-</span> <span class='ocrx_word' id='word_1_19' title='bbox 1770 345 1819 377; x_wconf 32' lang='grc'>19,</span> 
     </span>
    </p>
   </div>
   <div class='ocr_carea' id='block_1_4' title="bbox 57 374 1926 1510">
    <p class='ocr_par' dir='ltr' id='par_1_4' title="bbox 57 374 1915 1507">
     <span class='ocr_line' id='line_1_4' title="bbox 117 374 1705 447; baseline -0.002 -18"><span class='ocrx_word' id='word_1_20' title='bbox 117 382 326 443; x_wconf 75' lang='grc' dir='ltr'>κονηθεῖς</span> <span class='ocrx_word' id='word_1_21' title='bbox 371 381 426 431; x_wconf 87' lang='grc' dir='ltr'>δι’</span> <span class='ocrx_word' id='word_1_22' title='bbox 468 381 700 447; x_wconf 84' lang='grc' dir='ltr'>ἀγγέλων·</span> <span class='ocrx_word' id='word_1_23' title='bbox 764 382 960 433; x_wconf 75' lang='grc' dir='ltr'>τέθειται</span> <span class='ocrx_word' id='word_1_24' title='bbox 1004 380 1051 432; x_wconf 78' lang='grc' dir='ltr'>δὲ</span> <span class='ocrx_word' id='word_1_25' title='bbox 1097 380 1174 432; x_wconf 80' lang='grc' dir='ltr'>διὰ</span> <span class='ocrx_word' id='word_1_26' title='bbox 1216 378 1412 443; x_wconf 79' lang='grc' dir='ltr'>μεσίτου</span> <span class='ocrx_word' id='word_1_27' title='bbox 1458 374 1705 427; x_wconf 88' lang='grc' dir='ltr'>Μωυσέως</span> 
     </span>
     <span class='ocr_line' id='line_1_5' title="bbox 117 456 1707 530; baseline 0 -20"><span class='ocrx_word' id='word_1_28' title='bbox 117 464 215 514; x_wconf 84' lang='grc' dir='ltr'>τοῖς</span> <span class='ocrx_word' id='word_1_29' title='bbox 251 461 306 529; x_wconf 77' lang='grc' dir='ltr'>ἐξ</span> <span class='ocrx_word' id='word_1_30' title='bbox 343 461 537 524; x_wconf 82' lang='grc' dir='ltr'>αἵματος</span> <span class='ocrx_word' id='word_1_31' title='bbox 569 461 785 528; x_wconf 85' lang='grc' dir='ltr'>Ἰσραὴλ,</span> <span class='ocrx_word' id='word_1_32' title='bbox 815 463 1104 527; x_wconf 83' lang='grc' dir='ltr'>ἐπαγγελίαν</span> <span class='ocrx_word' id='word_1_33' title='bbox 1138 462 1258 529; x_wconf 76' lang='grc' dir='ltr'>ἔχων</span> <span class='ocrx_word' id='word_1_34' title='bbox 1294 459 1403 530; x_wconf 66' lang='grc' dir='ltr'>ζωῆς</span> <span class='ocrx_word' id='word_1_35' title='bbox 1444 462 1520 510; x_wconf 66' lang='grc' dir='ltr'>καὶ</span> <span class='ocrx_word' id='word_1_36' title='bbox 1561 456 1707 525; x_wconf 72' lang='grc' dir='ltr'>εἰρήνης</span> 
     </span>
     <span class='ocr_line' id='line_1_6' title="bbox 118 539 1708 610; baseline -0.003 -19"><span class='ocrx_word' id='word_1_37' title='bbox 118 546 215 596; x_wconf 79' lang='grc' dir='ltr'>τοῖς</span> <span class='ocrx_word' id='word_1_38' title='bbox 241 542 459 593; x_wconf 76' lang='grc' dir='ltr'>ἐθέλουσι</span> <span class='ocrx_word' id='word_1_39' title='bbox 484 549 620 605; x_wconf 83' lang='grc' dir='ltr'>βιοῦν</span> <span class='ocrx_word' id='word_1_40' title='bbox 646 546 809 610; x_wconf 82' lang='grc' dir='ltr'>ὀρθῶς,</span> <span class='ocrx_word' id='word_1_41' title='bbox 837 547 913 595; x_wconf 80' lang='grc' dir='ltr'>καὶ</span> <span class='ocrx_word' id='word_1_42' title='bbox 939 544 1114 595; x_wconf 80' lang='grc' dir='ltr'>κανόνα</span> <span class='ocrx_word' id='word_1_43' title='bbox 1143 545 1381 594; x_wconf 83' lang='grc' dir='ltr'>ποιεῖσθαι</span> <span class='ocrx_word' id='word_1_44' title='bbox 1415 543 1498 604; x_wconf 82' lang='grc' dir='ltr'>τῆς</span> <span class='ocrx_word' id='word_1_45' title='bbox 1532 539 1708 588; x_wconf 83' lang='grc' dir='ltr'>ἑαυτῶν</span> 
     </span>
     <span class='ocr_line' id='line_1_7' title="bbox 79 621 872 693; baseline 0.001 -19"><span class='ocrx_word' id='word_1_46' title='bbox 79 631 101 669; x_wconf 94' lang='grc'>5</span> <span class='ocrx_word' id='word_1_47' title='bbox 121 621 238 688; x_wconf 75' lang='grc' dir='ltr'>ζωῆς</span> <span class='ocrx_word' id='word_1_48' title='bbox 263 623 318 674; x_wconf 84' lang='grc' dir='ltr'>τὸ</span> <span class='ocrx_word' id='word_1_49' title='bbox 343 628 409 693; x_wconf 75' lang='grc' dir='ltr'>τῷ</span> <span class='ocrx_word' id='word_1_50' title='bbox 436 624 662 692; x_wconf 82' lang='grc' dir='ltr'>νομοθέτῃ</span> <span class='ocrx_word' id='word_1_51' title='bbox 689 628 872 675; x_wconf 84' lang='grc' dir='ltr'>δοκοῦν.</span> 
     </span>
     <span class='ocr_line' id='line_1_8' title="bbox 184 700 1710 771; baseline -0.001 -16"><span class='ocrx_word' id='word_1_52' title='bbox 184 703 347 755; x_wconf 79' lang='grc' dir='ltr'>’Έοικε</span> <span class='ocrx_word' id='word_1_53' title='bbox 383 705 438 755; x_wconf 87' lang='grc' dir='ltr'>δέ</span> <span class='ocrx_word' id='word_1_54' title='bbox 464 728 509 756; x_wconf 91' lang='grc' dir='ltr'>τι</span> <span class='ocrx_word' id='word_1_55' title='bbox 543 707 618 756; x_wconf 82' lang='grc' dir='ltr'>καὶ</span> <span class='ocrx_word' id='word_1_56' title='bbox 652 710 747 756; x_wconf 82' lang='grc' dir='ltr'>τῶν</span> <span class='ocrx_word' id='word_1_57' title='bbox 782 705 1157 771; x_wconf 77' lang='grc' dir='ltr'>ἀναγκαιοτέρων</span> <span class='ocrx_word' id='word_1_58' title='bbox 1182 709 1246 759; x_wconf 86' lang='grc' dir='ltr'>εἰς</span> <span class='ocrx_word' id='word_1_59' title='bbox 1281 703 1476 770; x_wconf 79' lang='grc' dir='ltr'>θεωρίαν</span> <span class='ocrx_word' id='word_1_60' title='bbox 1503 703 1528 753; x_wconf 86' lang='grc' dir='ltr'>ὁ</span> <span class='ocrx_word' id='word_1_61' title='bbox 1564 700 1710 766; x_wconf 89' lang='grc' dir='ltr'>λόγος</span> 
     </span>
     <span class='ocr_line' id='line_1_9' title="bbox 121 783 1755 853; baseline -0.001 -16"><span class='ocrx_word' id='word_1_62' title='bbox 121 786 230 850; x_wconf 85' lang='grc' dir='ltr'>ἡμῖν</span> <span class='ocrx_word' id='word_1_63' title='bbox 255 791 318 840; x_wconf 88' lang='grc' dir='ltr'>εἰς</span> <span class='ocrx_word' id='word_1_64' title='bbox 342 786 397 838; x_wconf 83' lang='grc' dir='ltr'>τὸ</span> <span class='ocrx_word' id='word_1_65' title='bbox 428 785 581 853; x_wconf 79' lang='grc' dir='ltr'>παρὸν</span> <span class='ocrx_word' id='word_1_66' title='bbox 608 787 977 839; x_wconf 83' lang='grc' dir='ltr'>ὑπαινίττεσθαι.</span> <span class='ocrx_word' id='word_1_67' title='bbox 1032 787 1214 838; x_wconf 84' lang='grc' dir='ltr'>δέδοται</span> <span class='ocrx_word' id='word_1_68' title='bbox 1249 785 1342 852; x_wconf 78' lang='grc' dir='ltr'>γὰρ</span> <span class='ocrx_word' id='word_1_69' title='bbox 1381 787 1405 835; x_wconf 86' lang='grc' dir='ltr'>ὁ</span> <span class='ocrx_word' id='word_1_70' title='bbox 1440 783 1580 847; x_wconf 85' lang='grc' dir='ltr'>νόμος</span> <span class='ocrx_word' id='word_1_71' title='bbox 1614 787 1709 835; x_wconf 81' lang='grc' dir='ltr'>τοῖς</span> <span class='ocrx_word' id='word_1_72' title='bbox 1728 788 1755 828; x_wconf 82' lang='lat' dir='ltr'><strong>d</strong></span> 
     </span>
     <span class='ocr_line' id='line_1_10' title="bbox 121 866 1712 938; baseline -0.002 -20"><span class='ocrx_word' id='word_1_73' title='bbox 121 867 449 935; x_wconf 75' lang='grc' dir='ltr'>ἀρχαιοτέροις,</span> <span class='ocrx_word' id='word_1_74' title='bbox 476 869 623 935; x_wconf 74' lang='grc' dir='ltr'>ἤγουν</span> <span class='ocrx_word' id='word_1_75' title='bbox 653 874 751 923; x_wconf 84' lang='grc' dir='ltr'>τοῖς</span> <span class='ocrx_word' id='word_1_76' title='bbox 785 870 842 938; x_wconf 74' lang='grc' dir='ltr'>ἐξ</span> <span class='ocrx_word' id='word_1_77' title='bbox 876 870 1071 934; x_wconf 80' lang='grc' dir='ltr'>αἵματος</span> <span class='ocrx_word' id='word_1_78' title='bbox 1107 874 1190 920; x_wconf 86' lang='grc' dir='ltr'>τοῦ</span> <span class='ocrx_word' id='word_1_79' title='bbox 1224 866 1442 934; x_wconf 86' lang='grc' dir='ltr'>Ἰσραὴλ,</span> <span class='ocrx_word' id='word_1_80' title='bbox 1469 868 1712 929; x_wconf 86' lang='grc' dir='ltr'>παιδαγω-</span> 
     </span>
     <span class='ocr_line' id='line_1_11' title="bbox 122 947 1715 1021; baseline -0.003 -21"><span class='ocrx_word' id='word_1_81' title='bbox 122 949 230 1015; x_wconf 88' lang='grc' dir='ltr'>γιάν</span> <span class='ocrx_word' id='word_1_82' title='bbox 269 951 503 1020; x_wconf 77' lang='grc' dir='ltr'>εἰσφέρων</span> <span class='ocrx_word' id='word_1_83' title='bbox 541 950 627 1015; x_wconf 85' lang='grc' dir='ltr'>τὴν</span> <span class='ocrx_word' id='word_1_84' title='bbox 664 952 738 1002; x_wconf 78' lang='grc' dir='ltr'>ἐπὶ</span> <span class='ocrx_word' id='word_1_85' title='bbox 777 955 992 1021; x_wconf 75' lang='grc' dir='ltr'>Χριστῷ,</span> <span class='ocrx_word' id='word_1_86' title='bbox 1032 952 1108 1002; x_wconf 76' lang='grc' dir='ltr'>καὶ</span> <span class='ocrx_word' id='word_1_87' title='bbox 1152 949 1306 1001; x_wconf 90' lang='grc' dir='ltr'>εἰκόνα</span> <span class='ocrx_word' id='word_1_88' title='bbox 1343 947 1448 999; x_wconf 82' lang='grc' dir='ltr'>τινὰ</span> <span class='ocrx_word' id='word_1_89' title='bbox 1486 950 1562 997; x_wconf 76' lang='grc' dir='ltr'>καὶ</span> <span class='ocrx_word' id='word_1_90' title='bbox 1602 947 1715 996; x_wconf 83' lang='grc' dir='ltr'>ὑπο-</span> 
     </span>
     <span class='ocr_line' id='line_1_12' title="bbox 57 1026 1715 1100; baseline -0.001 -19"><span class='ocrx_word' id='word_1_91' title='bbox 57 1056 104 1081; x_wconf 84' lang='grc' dir='ltr'>ιο</span> <span class='ocrx_word' id='word_1_92' title='bbox 123 1030 339 1083; x_wconf 86' lang='grc' dir='ltr'>τύπωσιν</span> <span class='ocrx_word' id='word_1_93' title='bbox 364 1034 550 1100; x_wconf 82' lang='grc' dir='ltr'>ἐμφανῆ</span> <span class='ocrx_word' id='word_1_94' title='bbox 577 1037 671 1084; x_wconf 81' lang='grc' dir='ltr'>τῶν</span> <span class='ocrx_word' id='word_1_95' title='bbox 690 1033 1037 1099; x_wconf 82' lang='grc' dir='ltr'>ἀληθεστέρων·</span> <span class='ocrx_word' id='word_1_96' title='bbox 1079 1033 1107 1097; x_wconf 84' lang='grc' dir='ltr'>ἡ</span> <span class='ocrx_word' id='word_1_97' title='bbox 1134 1030 1182 1082; x_wconf 80' lang='grc' dir='ltr'>δὲ</span> <span class='ocrx_word' id='word_1_98' title='bbox 1210 1031 1408 1095; x_wconf 85' lang='grc' dir='ltr'>ἀλήθεια</span> <span class='ocrx_word' id='word_1_99' title='bbox 1435 1031 1459 1080; x_wconf 85' lang='grc' dir='ltr'>ὁ</span> <span class='ocrx_word' id='word_1_100' title='bbox 1486 1026 1715 1094; x_wconf 80' lang='grc' dir='ltr'>Χριστὸς,</span> 
     </span>
     <span class='ocr_line' id='line_1_13' title="bbox 124 1109 1716 1185; baseline -0.001 -21"><span class='ocrx_word' id='word_1_101' title='bbox 124 1113 174 1167; x_wconf 83' lang='grc' dir='ltr'>ὅς</span> <span class='ocrx_word' id='word_1_102' title='bbox 214 1115 318 1165; x_wconf 86' lang='grc' dir='ltr'>ἐστι</span> <span class='ocrx_word' id='word_1_103' title='bbox 364 1113 446 1185; x_wconf 61' lang='grc' dir='ltr'>ζωὴ</span> <span class='ocrx_word' id='word_1_104' title='bbox 496 1120 574 1167; x_wconf 62' lang='grc' dir='ltr'>καὶ</span> <span class='ocrx_word' id='word_1_105' title='bbox 621 1116 757 1182; x_wconf 78' lang='grc' dir='ltr'>εἰρήνη,</span> <span class='ocrx_word' id='word_1_106' title='bbox 797 1115 874 1166; x_wconf 79' lang='grc' dir='ltr'>καὶ</span> <span class='ocrx_word' id='word_1_107' title='bbox 918 1113 1061 1166; x_wconf 82' lang='grc' dir='ltr'>αὐτὸν</span> <span class='ocrx_word' id='word_1_108' title='bbox 1104 1115 1214 1178; x_wconf 85' lang='grc' dir='ltr'>ἡμῖν</span> <span class='ocrx_word' id='word_1_109' title='bbox 1258 1117 1306 1164; x_wconf 79' lang='grc' dir='ltr'>αἱ</span> <span class='ocrx_word' id='word_1_110' title='bbox 1351 1111 1426 1162; x_wconf 79' lang='grc' dir='ltr'>διὰ</span> <span class='ocrx_word' id='word_1_111' title='bbox 1469 1109 1716 1163; x_wconf 80' lang='grc' dir='ltr'>Μωυσέως</span> 
     </span>
     <span class='ocr_line' id='line_1_14' title="bbox 124 1193 1717 1266; baseline -0.002 -21"><span class='ocrx_word' id='word_1_112' title='bbox 124 1195 369 1264; x_wconf 88' lang='grc' dir='ltr'>γράφουσι</span> <span class='ocrx_word' id='word_1_113' title='bbox 413 1198 557 1249; x_wconf 84' lang='grc' dir='ltr'>σκιαί.</span> <span class='ocrx_word' id='word_1_114' title='bbox 624 1196 862 1263; x_wconf 81' lang='grc' dir='ltr'>τοιγάρτοι</span> <span class='ocrx_word' id='word_1_115' title='bbox 909 1198 985 1247; x_wconf 77' lang='grc' dir='ltr'>καὶ</span> <span class='ocrx_word' id='word_1_116' title='bbox 1030 1196 1240 1266; x_wconf 78' lang='grc' dir='ltr'>ε”φασκεν</span> <span class='ocrx_word' id='word_1_117' title='bbox 1279 1193 1520 1247; x_wconf 73' lang='grc' dir='ltr'>Ἰουδαίοις</span> <span class='ocrx_word' id='word_1_118' title='bbox 1562 1214 1717 1258; x_wconf 85' lang='grc' dir='ltr'>προσ-</span> 
     </span>
     <span class='ocr_line' id='line_1_15' title="bbox 124 1274 1926 1359; baseline -0.002 -32"><span class='ocrx_word' id='word_1_119' title='bbox 124 1282 293 1327; x_wconf 82' lang='grc' dir='ltr'>λαλῶν</span> <span class='ocrx_word' id='word_1_120' title='bbox 331 1285 357 1307; x_wconf 85' lang='grc'><strong>“</strong></span> <span class='ocrx_word' id='word_1_121' title='bbox 384 1282 443 1328; x_wconf 91' lang='grc' dir='ltr'>Εἰ</span> <span class='ocrx_word' id='word_1_122' title='bbox 481 1279 744 1329; x_wconf 80' lang='grc' dir='ltr'>ἐπιστεύετε</span> <span class='ocrx_word' id='word_1_123' title='bbox 785 1279 992 1344; x_wconf 83' lang='grc' dir='ltr'>Μωυσῇ,</span> <span class='ocrx_word' id='word_1_124' title='bbox 1031 1276 1297 1328; x_wconf 84' lang='grc' dir='ltr'>ἐπιστεύετε</span> <span class='ocrx_word' id='word_1_125' title='bbox 1343 1275 1400 1326; x_wconf 79' lang='grc' dir='ltr'>ἂν</span> <span class='ocrx_word' id='word_1_126' title='bbox 1438 1274 1553 1338; x_wconf 87' lang='grc' dir='ltr'>ἐμοί·</span> <span class='ocrx_word' id='word_1_127' title='bbox 1609 1295 1714 1338; x_wconf 86' lang='grc' dir='ltr'>περι</span> <span class='ocrx_word' id='word_1_128' title='bbox 1776 1282 1926 1359; x_wconf 42' lang='lat' dir='ltr'>§.Jgan</span> 
     </span>
     <span class='ocr_line' id='line_1_16' title="bbox 127 1337 1847 1428; baseline -0.002 -18.875"><span class='ocrx_word' id='word_1_129' title='bbox 127 1358 273 1424; x_wconf 81' lang='grc' dir='ltr'>“γᾶρ</span> <span class='ocrx_word' id='word_1_130' title='bbox 312 1359 423 1422; x_wconf 88' lang='grc' dir='ltr'>ἐμοῦ</span> <span class='ocrx_word' id='word_1_131' title='bbox 462 1360 630 1414; x_wconf 83' lang='grc' dir='ltr'>ἐκεῖνος</span> <span class='ocrx_word' id='word_1_132' title='bbox 668 1360 923 1428; x_wconf 48' lang='grc' dir='ltr'>εγραψενΪ</span> <span class='ocrx_word' id='word_1_133' title='bbox 975 1357 1118 1410; x_wconf 82' lang='grc' dir='ltr'>αὐτὸν</span> <span class='ocrx_word' id='word_1_134' title='bbox 1152 1358 1323 1422; x_wconf 85' lang='grc' dir='ltr'>ἐδήλου</span> <span class='ocrx_word' id='word_1_135' title='bbox 1357 1354 1654 1425; x_wconf 78' lang='grc' dir='ltr'>σφαζόμενος</span> <span class='ocrx_word' id='word_1_136' title='bbox 1689 1355 1715 1405; x_wconf 84' lang='grc' dir='ltr'>ὁ</span> <span class='ocrx_word' id='word_1_137' title='bbox 1826 1337 1847 1367; x_wconf 73' lang='lat'>4</span> 
     </span>
     <span class='ocr_line' id='line_1_17' title="bbox 60 1436 1882 1510; baseline -0.006 -16"><span class='ocrx_word' id='word_1_138' title='bbox 60 1456 106 1494; x_wconf 87' lang='lat'>15</span> <span class='ocrx_word' id='word_1_139' title='bbox 127 1438 272 1504; x_wconf 83' lang='grc' dir='ltr'>ἀμνος</span> <span class='ocrx_word' id='word_1_140' title='bbox 298 1442 346 1491; x_wconf 85' lang='grc' dir='ltr'>ἐν</span> <span class='ocrx_word' id='word_1_141' title='bbox 371 1443 480 1505; x_wconf 83' lang='grc' dir='ltr'>μηνὶ</span> <span class='ocrx_word' id='word_1_142' title='bbox 514 1445 581 1510; x_wconf 83' lang='grc' dir='ltr'><em>τῶ</em></span> <span class='ocrx_word' id='word_1_143' title='bbox 615 1441 789 1510; x_wconf 85' lang='grc' dir='ltr'>πρώτω</span> <span class='ocrx_word' id='word_1_144' title='bbox 828 1444 886 1509; x_wconf 84' lang='grc' dir='ltr'>τῇ</span> <span class='ocrx_word' id='word_1_145' title='bbox 921 1438 1416 1506; x_wconf 82' lang='grc' dir='ltr'>τεσσαρεσκαιδεκάτῃ</span> <span class='ocrx_word' id='word_1_146' title='bbox 1452 1436 1611 1505; x_wconf 85' lang='grc' dir='ltr'>ἡμερα,</span> <span class='ocrx_word' id='word_1_147' title='bbox 1639 1459 1714 1488; x_wconf 93' lang='grc' dir='ltr'>και</span> <span class='ocrx_word' id='word_1_148' title='bbox 1732 1457 1753 1484; x_wconf 85' lang='lat' dir='ltr'>e</span> <span class='ocrx_word' id='word_1_149' title='bbox 1775 1441 1882 1472; x_wconf 67' lang='lat' dir='ltr'><strong>EXOd·</strong></span> 
     </span>
    </p>
   </div>
   <div class='ocr_carea' id='block_1_5' title="bbox 61 1486 1936 1916">
    <p class='ocr_par' dir='ltr' id='par_1_5' title="bbox 61 1486 1936 1916">
     <span class='ocr_line' id='line_1_18' title="bbox 1775 1486 1893 1516; baseline 0.008 -1"><span class='ocrx_word' id='word_1_150' title='bbox 1775 1486 1832 1516; x_wconf 80' lang='lat' dir='ltr'>Xli.</span> <span class='ocrx_word' id='word_1_151' title='bbox 1852 1495 1893 1516; x_wconf 76' lang='lat'>2-</span> 
     </span>
     <span class='ocr_line' id='line_1_19' title="bbox 127 1521 1827 1592; baseline -0.002 -20"><span class='ocrx_word' id='word_1_152' title='bbox 127 1522 385 1589; x_wconf 77' lang='grc' dir='ltr'>ἀνασώζειν</span> <span class='ocrx_word' id='word_1_153' title='bbox 409 1521 587 1574; x_wconf 78' lang='grc' dir='ltr'>ἐθέλων</span> <span class='ocrx_word' id='word_1_154' title='bbox 614 1527 681 1592; x_wconf 74' lang='grc' dir='ltr'>τῷ</span> <span class='ocrx_word' id='word_1_155' title='bbox 714 1523 873 1586; x_wconf 85' lang='grc' dir='ltr'>αἵματι</span> <span class='ocrx_word' id='word_1_156' title='bbox 907 1544 1016 1575; x_wconf 89' lang='grc' dir='ltr'>τους</span> <span class='ocrx_word' id='word_1_157' title='bbox 1049 1544 1196 1589; x_wconf 86' lang='grc' dir='ltr'>χριειν</span> <span class='ocrx_word' id='word_1_158' title='bbox 1222 1521 1471 1574; x_wconf 82' lang='grc' dir='ltr'>ἐθέλοντας</span> <span class='ocrx_word' id='word_1_159' title='bbox 1504 1541 1588 1572; x_wconf 89' lang='grc' dir='ltr'>τας</span> <span class='ocrx_word' id='word_1_160' title='bbox 1620 1523 1715 1570; x_wconf 80' lang='grc' dir='ltr'>τῶν</span> <span class='ocrx_word' id='word_1_161' title='bbox 1778 1536 1827 1568; x_wconf 81' lang='lat'>13-</span> 
     </span>
     <span class='ocr_line' id='line_1_20' title="bbox 127 1600 1924 1684; baseline -0.001 -30"><span class='ocrx_word' id='word_1_162' title='bbox 127 1603 266 1655; x_wconf 80' lang='grc' dir='ltr'>οἵκων</span> <span class='ocrx_word' id='word_1_163' title='bbox 292 1603 454 1673; x_wconf 83' lang='grc' dir='ltr'>φλιάς·</span> <span class='ocrx_word' id='word_1_164' title='bbox 495 1604 638 1656; x_wconf 82' lang='grc' dir='ltr'>αὑτὸν</span> <span class='ocrx_word' id='word_1_165' title='bbox 663 1604 692 1669; x_wconf 88' lang='grc' dir='ltr'>ἡ</span> <span class='ocrx_word' id='word_1_166' title='bbox 718 1603 920 1667; x_wconf 76' lang='grc' dir='ltr'>δάμαλις</span> <span class='ocrx_word' id='word_1_167' title='bbox 944 1603 973 1668; x_wconf 86' lang='grc' dir='ltr'><strong><em>ἡ</em></strong></span> <span class='ocrx_word' id='word_1_168' title='bbox 1005 1602 1162 1671; x_wconf 85' lang='grc' dir='ltr'>πυρῥά</span> <span class='ocrx_word' id='word_1_169' title='bbox 1186 1625 1237 1654; x_wconf 91' lang='grc' dir='ltr'>τε</span> <span class='ocrx_word' id='word_1_170' title='bbox 1264 1604 1340 1653; x_wconf 83' lang='grc' dir='ltr'>καὶ</span> <span class='ocrx_word' id='word_1_171' title='bbox 1367 1602 1574 1665; x_wconf 76' lang='grc' dir='ltr'>ἄμωμος,</span> <span class='ocrx_word' id='word_1_172' title='bbox 1600 1600 1655 1665; x_wconf 78' lang='grc' dir='ltr'>ἧς</span> <span class='ocrx_word' id='word_1_173' title='bbox 1684 1600 1713 1664; x_wconf 81' lang='grc' dir='ltr'><em>ἦ</em></span> <span class='ocrx_word' id='word_1_174' title='bbox 1774 1603 1893 1684; x_wconf 51' lang='lat' dir='ltr'>{Juln</span> <span class='ocrx_word' id='word_1_175' title='bbox 1897 1654 1924 1684; x_wconf 83' lang='lat' dir='ltr'>it</span> 
     </span>
     <span class='ocr_line' id='line_1_21' title="bbox 126 1677 1936 1751; baseline -0.002 -16"><span class='ocrx_word' id='word_1_176' title='bbox 126 1684 304 1736; x_wconf 81' lang='grc' dir='ltr'>σποδιὰ</span> <span class='ocrx_word' id='word_1_177' title='bbox 340 1686 446 1749; x_wconf 90' lang='grc' dir='ltr'>μεθ’</span> <span class='ocrx_word' id='word_1_178' title='bbox 488 1687 655 1740; x_wconf 80' lang='grc' dir='ltr'>ὕδατος</span> <span class='ocrx_word' id='word_1_179' title='bbox 692 1685 849 1751; x_wconf 74' lang='grc' dir='ltr'>ἡγίαζε</span> <span class='ocrx_word' id='word_1_180' title='bbox 886 1685 994 1739; x_wconf 77' lang='grc' dir='ltr'>τοὺς</span> <span class='ocrx_word' id='word_1_181' title='bbox 1033 1685 1389 1748; x_wconf 84' lang='grc' dir='ltr'>κεκοινωμένους</span> <span class='ocrx_word' id='word_1_182' title='bbox 1428 1691 1455 1713; x_wconf 72' lang='lat'>‘⁶</span> <span class='ocrx_word' id='word_1_183' title='bbox 1470 1681 1589 1748; x_wconf 80' lang='grc' dir='ltr'>πρὸς</span> <span class='ocrx_word' id='word_1_184' title='bbox 1628 1680 1714 1746; x_wconf 84' lang='grc' dir='ltr'>τὴν</span> <span class='ocrx_word' id='word_1_185' title='bbox 1775 1677 1936 1729; x_wconf 67' lang='lat' dir='ltr'><strong>Hei).ix.&#39;</strong></span> 
     </span>
     <span class='ocr_line' id='line_1_22' title="bbox 127 1749 1882 1835; baseline -0.003 -14"><span class='ocrx_word' id='word_1_186' title='bbox 127 1773 155 1796; x_wconf 74' lang='lat'>‘⁵</span> <span class='ocrx_word' id='word_1_187' title='bbox 180 1769 263 1831; x_wconf 77' lang='grc' dir='ltr'>Τῆς</span> <span class='ocrx_word' id='word_1_188' title='bbox 287 1765 465 1833; x_wconf 80' lang='grc' dir='ltr'>σαρκὸς</span> <span class='ocrx_word' id='word_1_189' title='bbox 491 1766 829 1835; x_wconf 87' lang='grc' dir='ltr'>καθαρότητα,”</span> <span class='ocrx_word' id='word_1_190' title='bbox 859 1766 983 1818; x_wconf 80' lang='grc' dir='ltr'>καθὰ</span> <span class='ocrx_word' id='word_1_191' title='bbox 1008 1766 1283 1833; x_wconf 83' lang='grc' dir='ltr'>γέγραπται·</span> <span class='ocrx_word' id='word_1_192' title='bbox 1324 1763 1466 1815; x_wconf 81' lang='grc' dir='ltr'>αὐτὸν</span> <span class='ocrx_word' id='word_1_193' title='bbox 1492 1765 1517 1814; x_wconf 83' lang='grc' dir='ltr'>ὁ</span> <span class='ocrx_word' id='word_1_194' title='bbox 1543 1761 1713 1827; x_wconf 75' lang='grc' dir='ltr'>ἆζυμος</span> <span class='ocrx_word' id='word_1_195' title='bbox 1776 1749 1882 1834; x_wconf 32' lang='lat' dir='ltr'>{fs-md.</span> 
     </span>
     <span class='ocr_line' id='line_1_23' title="bbox 61 1837 1900 1916; baseline -0.003 -19"><span class='ocrx_word' id='word_1_196' title='bbox 61 1870 110 1896; x_wconf 92' lang='lat'>20</span> <span class='ocrx_word' id='word_1_197' title='bbox 129 1848 283 1915; x_wconf 79' lang='grc' dir='ltr'>ἄρτος,</span> <span class='ocrx_word' id='word_1_198' title='bbox 319 1852 367 1899; x_wconf 79' lang='grc' dir='ltr'>αἱ</span> <span class='ocrx_word' id='word_1_199' title='bbox 404 1849 637 1916; x_wconf 85' lang='grc' dir='ltr'>τρυγόνες,</span> <span class='ocrx_word' id='word_1_200' title='bbox 672 1852 713 1900; x_wconf 80' lang='grc' dir='ltr'>οἱ</span> <span class='ocrx_word' id='word_1_201' title='bbox 753 1851 929 1900; x_wconf 84' lang='grc' dir='ltr'>νεοττοὶ</span> <span class='ocrx_word' id='word_1_202' title='bbox 966 1852 1061 1899; x_wconf 84' lang='grc' dir='ltr'>τῶν</span> <span class='ocrx_word' id='word_1_203' title='bbox 1098 1850 1403 1913; x_wconf 79' lang='grc' dir='ltr'>περιστερῶν,</span> <span class='ocrx_word' id='word_1_204' title='bbox 1437 1846 1513 1896; x_wconf 81' lang='grc' dir='ltr'>καὶ</span> <span class='ocrx_word' id='word_1_205' title='bbox 1552 1843 1711 1912; x_wconf 80' lang='grc' dir='ltr'>ἁπαξ-</span> <span class='ocrx_word' id='word_1_206' title='bbox 1775 1837 1900 1902; x_wconf 42' lang='grc' dir='ltr'>ἷζῆιῗ</span> 
     </span>
    </p>
   </div>
   <div class='ocr_carea' id='block_1_6' title="bbox 129 1926 1905 1996">
    <p class='ocr_par' dir='ltr' id='par_1_6' title="bbox 129 1926 1905 1996">
     <span class='ocr_line' id='line_1_24' title="bbox 129 1926 1905 1996; baseline -0.006 -15"><span class='ocrx_word' id='word_1_207' title='bbox 129 1934 296 1983; x_wconf 82' lang='grc' dir='ltr'>απλῶς</span> <span class='ocrx_word' id='word_1_208' title='bbox 347 1930 562 1993; x_wconf 74' lang='grc' dir='ltr'>ἔμπλεως</span> <span class='ocrx_word' id='word_1_209' title='bbox 610 1929 669 1993; x_wconf 81' lang='grc' dir='ltr'>ἧν</span> <span class='ocrx_word' id='word_1_210' title='bbox 717 1931 742 1980; x_wconf 83' lang='grc' dir='ltr'>ὁ</span> <span class='ocrx_word' id='word_1_211' title='bbox 795 1928 934 1992; x_wconf 88' lang='grc' dir='ltr'>νόμος</span> <span class='ocrx_word' id='word_1_212' title='bbox 983 1931 1066 1992; x_wconf 83' lang='grc' dir='ltr'>τῆς</span> <span class='ocrx_word' id='word_1_213' title='bbox 1121 1930 1196 1979; x_wconf 83' lang='grc' dir='ltr'>ἐπὶ</span> <span class='ocrx_word' id='word_1_214' title='bbox 1244 1930 1444 1996; x_wconf 77' lang='grc' dir='ltr'>Χριστῷ</span> <span class='ocrx_word' id='word_1_215' title='bbox 1501 1926 1711 1991; x_wconf 85' lang='grc' dir='ltr'>θεωρίας.</span> <span class='ocrx_word' id='word_1_216' title='bbox 1776 1926 1905 1990; x_wconf 42' lang='lat' dir='ltr'>gfff·</span> 
     </span>
    </p>
   </div>
   <div class='ocr_carea' id='block_1_7' title="bbox 130 2006 1717 2081">
    <p class='ocr_par' dir='ltr' id='par_1_7' title="bbox 130 2006 1717 2081">
     <span class='ocr_line' id='line_1_25' title="bbox 130 2006 1717 2081; baseline -0.001 -19"><span class='ocrx_word' id='word_1_217' title='bbox 130 2010 315 2065; x_wconf 81' lang='grc' dir='ltr'>εἰκότως</span> <span class='ocrx_word' id='word_1_218' title='bbox 341 2012 422 2062; x_wconf 73' lang='grc' dir='ltr'>οὖν</span> <span class='ocrx_word' id='word_1_219' title='bbox 449 2011 637 2076; x_wconf 90' lang='grc' dir='ltr'>λεγεται</span> <span class='ocrx_word' id='word_1_220' title='bbox 666 2009 861 2071; x_wconf 80' lang='grc' dir='ltr'>Διαθηκη</span> <span class='ocrx_word' id='word_1_221' title='bbox 888 2009 995 2081; x_wconf 65' lang='grc' dir='ltr'>ζωῆς</span> <span class='ocrx_word' id='word_1_222' title='bbox 1032 2032 1109 2061; x_wconf 69' lang='lat' dir='ltr'>nom</span> <span class='ocrx_word' id='word_1_223' title='bbox 1144 2010 1306 2079; x_wconf 76' lang='grc' dir='ltr'>εἰρηνης.</span> <span class='ocrx_word' id='word_1_224' title='bbox 1361 2006 1717 2073; x_wconf 77' lang='grc' dir='ltr'>ζωοποιηθέντες</span> 
     </span>
    </p>
   </div>
   <div class='ocr_carea' id='block_1_8' title="bbox 130 2088 1940 2241">
    <p class='ocr_par' dir='ltr' id='par_1_8' title="bbox 130 2088 1940 2241">
     <span class='ocr_line' id='line_1_26' title="bbox 130 2088 1940 2163; baseline -0.003 -19"><span class='ocrx_word' id='word_1_225' title='bbox 130 2116 223 2159; x_wconf 89' lang='grc' dir='ltr'>γαρ</span> <span class='ocrx_word' id='word_1_226' title='bbox 249 2094 297 2144; x_wconf 87' lang='grc' dir='ltr'>ἐν</span> <span class='ocrx_word' id='word_1_227' title='bbox 322 2094 460 2163; x_wconf 74' lang='grc' dir='ltr'>αὐτῷ,</span> <span class='ocrx_word' id='word_1_228' title='bbox 486 2094 541 2143; x_wconf 87' lang='grc' dir='ltr'>δι’</span> <span class='ocrx_word' id='word_1_229' title='bbox 570 2093 710 2144; x_wconf 81' lang='grc' dir='ltr'>αὑτοῦ</span> <span class='ocrx_word' id='word_1_230' title='bbox 737 2092 793 2157; x_wconf 86' lang='grc' dir='ltr'>δὴ</span> <span class='ocrx_word' id='word_1_231' title='bbox 817 2093 966 2143; x_wconf 86' lang='grc' dir='ltr'>πάλιν</span> <span class='ocrx_word' id='word_1_232' title='bbox 988 2090 1075 2156; x_wconf 88' lang='grc' dir='ltr'>τὴν</span> <span class='ocrx_word' id='word_1_233' title='bbox 1099 2088 1425 2158; x_wconf 89' lang='grc' dir='ltr'>προσαγωγὴν</span> <span class='ocrx_word' id='word_1_234' title='bbox 1451 2088 1718 2157; x_wconf 84' lang='grc' dir='ltr'>ἐσχήκαμεν</span> <span class='ocrx_word' id='word_1_235' title='bbox 1735 2107 1757 2132; x_wconf 79' lang='lat' dir='ltr'>a</span> <span class='ocrx_word' id='word_1_236' title='bbox 1787 2097 1870 2133; x_wconf 87' lang='lat'>837</span> <span class='ocrx_word' id='word_1_237' title='bbox 1888 2096 1940 2132; x_wconf 86' lang='lat' dir='ltr'>A·</span> 
     </span>
     <span class='ocr_line' id='line_1_27' title="bbox 130 2146 1915 2241; baseline -0.001 -17"><span class='ocrx_word' id='word_1_238' title='bbox 130 2173 216 2237; x_wconf 90' lang='grc' dir='ltr'>τὴν</span> <span class='ocrx_word' id='word_1_239' title='bbox 249 2174 368 2241; x_wconf 83' lang='grc' dir='ltr'>πρὸς</span> <span class='ocrx_word' id='word_1_240' title='bbox 402 2173 485 2225; x_wconf 82' lang='grc' dir='ltr'>τὸν</span> <span class='ocrx_word' id='word_1_241' title='bbox 512 2173 637 2226; x_wconf 81' lang='grc' dir='ltr'>Θεον</span> <span class='ocrx_word' id='word_1_242' title='bbox 671 2197 746 2225; x_wconf 89' lang='grc' dir='ltr'>και</span> <span class='ocrx_word' id='word_1_243' title='bbox 785 2173 991 2239; x_wconf 83' lang='grc' dir='ltr'>Πατέρα,</span> <span class='ocrx_word' id='word_1_244' title='bbox 1019 2171 1310 2240; x_wconf 88' lang='grc' dir='ltr'>εἰρηνεύομέν</span> <span class='ocrx_word' id='word_1_245' title='bbox 1339 2194 1389 2222; x_wconf 90' lang='grc' dir='ltr'>τε</span> <span class='ocrx_word' id='word_1_246' title='bbox 1423 2169 1542 2237; x_wconf 82' lang='grc' dir='ltr'>πρὸς</span> <span class='ocrx_word' id='word_1_247' title='bbox 1577 2167 1719 2221; x_wconf 80' lang='grc' dir='ltr'>αὐτὸν</span> <span class='ocrx_word' id='word_1_248' title='bbox 1778 2147 1865 2222; x_wconf 48' lang='lat' dir='ltr'>{Effh</span> <span class='ocrx_word' id='word_1_249' title='bbox 1881 2146 1915 2178; x_wconf 73' lang='lat'>11</span> 
     </span>
    </p>
   </div>
   <div class='ocr_carea' id='block_1_9' title="bbox 64 2256 768 2319">
    <p class='ocr_par' dir='ltr' id='par_1_9' title="bbox 64 2256 768 2319">
     <span class='ocr_line' id='line_1_28' title="bbox 64 2256 768 2319; baseline 0 -10"><span class='ocrx_word' id='word_1_250' title='bbox 64 2270 112 2309; x_wconf 88' lang='lat'>25</span> <span class='ocrx_word' id='word_1_251' title='bbox 133 2256 187 2306; x_wconf 90' lang='grc' dir='ltr'>δι’</span> <span class='ocrx_word' id='word_1_252' title='bbox 218 2256 421 2319; x_wconf 87' lang='grc' dir='ltr'>ὑπακοῆς</span> <span class='ocrx_word' id='word_1_253' title='bbox 448 2257 523 2307; x_wconf 80' lang='grc' dir='ltr'>καὶ</span> <span class='ocrx_word' id='word_1_254' title='bbox 547 2278 768 2309; x_wconf 88' lang='grc' dir='ltr'>πιστεως</span> 
     </span>
    </p>
   </div>
   <div class='ocr_carea' id='block_1_10' title="bbox 139 2492 1718 2550">
    <p class='ocr_par' dir='ltr' id='par_1_10' title="bbox 139 2492 1718 2550">
     <span class='ocr_line' id='line_1_29' title="bbox 139 2492 1718 2550; baseline -0.001 -15"><span class='ocrx_word' id='word_1_255' title='bbox 139 2494 214 2536; x_wconf 77' lang='grc' dir='ltr'>Καὶ</span> <span class='ocrx_word' id='word_1_256' title='bbox 261 2494 406 2536; x_wconf 74' lang='grc' dir='ltr'>ἔδωκα</span> <span class='ocrx_word' id='word_1_257' title='bbox 450 2495 567 2549; x_wconf 81' lang='grc' dir='ltr'>αὐτῷ</span> <span class='ocrx_word' id='word_1_258' title='bbox 615 2495 659 2536; x_wconf 81' lang='grc' dir='ltr'>ὲν</span> <span class='ocrx_word' id='word_1_259' title='bbox 703 2495 828 2550; x_wconf 81' lang='grc' dir='ltr'>φόβῳ</span> <span class='ocrx_word' id='word_1_260' title='bbox 869 2492 1093 2550; x_wconf 77' lang='grc' dir='ltr'>φοβεῖσθαί</span> <span class='ocrx_word' id='word_1_261' title='bbox 1139 2510 1190 2543; x_wconf 78' lang='grc' dir='ltr'>με</span> <span class='ocrx_word' id='word_1_262' title='bbox 1243 2493 1311 2535; x_wconf 80' lang='grc' dir='ltr'>καὶ</span> <span class='ocrx_word' id='word_1_263' title='bbox 1353 2493 1439 2535; x_wconf 81' lang='grc' dir='ltr'>ἀπὸ</span> <span class='ocrx_word' id='word_1_264' title='bbox 1483 2492 1718 2550; x_wconf 78' lang='grc' dir='ltr'>Προσὼῐτου</span> 
     </span>
    </p>
   </div>
   <div class='ocr_carea' id='block_1_11' title="bbox 202 2577 996 2626">
    <p class='ocr_par' dir='ltr' id='par_1_11' title="bbox 202 2577 996 2626">
     <span class='ocr_line' id='line_1_30' title="bbox 202 2577 996 2626; baseline -0.001 -6"><span class='ocrx_word' id='word_1_265' title='bbox 202 2577 413 2626; x_wconf 67' lang='grc' dir='ltr'>ὀνόματός</span> <span class='ocrx_word' id='word_1_266' title='bbox 451 2592 530 2626; x_wconf 81' lang='grc' dir='ltr'>μου</span> <span class='ocrx_word' id='word_1_267' title='bbox 569 2579 821 2620; x_wconf 73' lang='grc' dir='ltr'>στέλλεσθαι</span> <span class='ocrx_word' id='word_1_268' title='bbox 858 2578 996 2620; x_wconf 85' lang='grc' dir='ltr'>αὐτόν.</span> 
     </span>
    </p>
   </div>
   <div class='ocr_carea' id='block_1_12' title="bbox 136 2746 1721 3027">
    <p class='ocr_par' dir='ltr' id='par_1_12' title="bbox 136 2746 1721 3027">
     <span class='ocr_line' id='line_1_31' title="bbox 185 2746 1719 2794; baseline -0.005 -9"><span class='ocrx_word' id='word_1_269' title='bbox 185 2761 217 2785; x_wconf 84' lang='lat'>2.</span> <span class='ocrx_word' id='word_1_270' title='bbox 243 2749 384 2794; x_wconf 77' lang='grc' dir='ltr'>μεσίτου</span> <span class='ocrx_word' id='word_1_271' title='bbox 403 2748 593 2794; x_wconf 85' lang='grc' dir='ltr'>Μωυσέως]</span> <span class='ocrx_word' id='word_1_272' title='bbox 612 2749 754 2792; x_wconf 85' lang='grc' dir='ltr'>μεσίτην</span> <span class='ocrx_word' id='word_1_273' title='bbox 771 2748 900 2783; x_wconf 83' lang='grc' dir='ltr'>Μωσέα</span> <span class='ocrx_word' id='word_1_274' title='bbox 921 2747 1087 2794; x_wconf 77' lang='grc' dir='ltr'>[Μωυσέα</span> <span class='ocrx_word' id='word_1_275' title='bbox 1106 2747 1225 2793; x_wconf 84' lang='lat' dir='ltr'><strong>Pont.]</strong></span> <span class='ocrx_word' id='word_1_276' title='bbox 1247 2746 1339 2781; x_wconf 86' lang='lat' dir='ltr'><strong>Edd.</strong></span> <span class='ocrx_word' id='word_1_277' title='bbox 1529 2756 1562 2790; x_wconf 85' lang='lat'>3.</span> <span class='ocrx_word' id='word_1_278' title='bbox 1586 2759 1719 2791; x_wconf 86' lang='grc' dir='ltr'>παραγ-</span> 
     </span>
     <span class='ocr_line' id='line_1_32' title="bbox 136 2791 1719 2855; baseline -0.003 -24"><span class='ocrx_word' id='word_1_279' title='bbox 136 2797 255 2855; x_wconf 64' lang='grc' dir='ltr'>γελίξιν</span> <span class='ocrx_word' id='word_1_280' title='bbox 271 2796 330 2831; x_wconf 84' lang='lat' dir='ltr'>iid.</span> <span class='ocrx_word' id='word_1_281' title='bbox 547 2796 580 2830; x_wconf 87' lang='lat'>8.</span> <span class='ocrx_word' id='word_1_282' title='bbox 605 2795 759 2840; x_wconf 82' lang='grc' dir='ltr'>ἀρχαίοις</span> <span class='ocrx_word' id='word_1_283' title='bbox 775 2795 835 2830; x_wconf 88' lang='lat' dir='ltr'>iid.</span> <span class='ocrx_word' id='word_1_284' title='bbox 887 2795 1045 2829; x_wconf 87' lang='lat' dir='ltr'>Statim’</span> <span class='ocrx_word' id='word_1_285' title='bbox 1031 2797 1134 2839; x_wconf 79' lang='grc' dir='ltr'>η’γουν</span> <span class='ocrx_word' id='word_1_286' title='bbox 1150 2800 1372 2839; x_wconf 84' lang='lat' dir='ltr'><strong>assumptum</strong></span> <span class='ocrx_word' id='word_1_287' title='bbox 1390 2804 1431 2826; x_wconf 82' lang='lat' dir='ltr'>ex</span> <span class='ocrx_word' id='word_1_288' title='bbox 1451 2791 1493 2825; x_wconf 91' lang='lat' dir='ltr'>B.</span> <span class='ocrx_word' id='word_1_289' title='bbox 1559 2793 1637 2825; x_wconf 84' lang='grc' dir='ltr'>Λευὶ</span> <span class='ocrx_word' id='word_1_290' title='bbox 1655 2803 1719 2836; x_wconf 88' lang='lat' dir='ltr'>pro</span> 
     </span>
     <span class='ocr_line' id='line_1_33' title="bbox 138 2837 1717 2888; baseline -0.004 -11"><span class='ocrx_word' id='word_1_291' title='bbox 138 2846 198 2878; x_wconf 82' lang='grc' dir='ltr'>τοῦ</span> <span class='ocrx_word' id='word_1_292' title='bbox 213 2843 355 2887; x_wconf 86' lang='grc' dir='ltr'>Ἰσραὴλ</span> <span class='ocrx_word' id='word_1_293' title='bbox 372 2842 434 2877; x_wconf 75' lang='grc' dir='ltr'>ἰίᾶ.</span> <span class='ocrx_word' id='word_1_294' title='bbox 682 2853 715 2887; x_wconf 87' lang='lat'>9.</span> <span class='ocrx_word' id='word_1_295' title='bbox 741 2842 800 2886; x_wconf 89' lang='grc' dir='ltr'>τὴν</span> <span class='ocrx_word' id='word_1_296' title='bbox 818 2840 927 2888; x_wconf 75' lang='grc' dir='ltr'>ἐπὶ]’</span> <span class='ocrx_word' id='word_1_297' title='bbox 910 2857 964 2876; x_wconf 88' lang='grc' dir='ltr'>επι</span> <span class='ocrx_word' id='word_1_298' title='bbox 981 2843 1028 2887; x_wconf 81' lang='grc' dir='ltr'>τῷ</span> <span class='ocrx_word' id='word_1_299' title='bbox 1045 2840 1104 2875; x_wconf 82' lang='lat' dir='ltr'>iid.</span> <span class='ocrx_word' id='word_1_300' title='bbox 1355 2850 1407 2873; x_wconf 93' lang='lat'>10.</span> <span class='ocrx_word' id='word_1_301' title='bbox 1433 2838 1451 2882; x_wconf 86' lang='grc' dir='ltr'>ἡ</span> <span class='ocrx_word' id='word_1_302' title='bbox 1471 2839 1505 2872; x_wconf 78' lang='grc' dir='ltr'>δὲ</span> <span class='ocrx_word' id='word_1_303' title='bbox 1523 2837 1663 2881; x_wconf 81' lang='grc' dir='ltr'>ἀλήθεια</span> <span class='ocrx_word' id='word_1_304' title='bbox 1681 2837 1717 2883; x_wconf 79' lang='grc' dir='ltr'>ὁ]</span> 
     </span>
     <span class='ocr_line' id='line_1_34' title="bbox 136 2857 1719 2933; baseline -0.003 -10"><span class='ocrx_word' id='word_1_305' title='bbox 136 2890 204 2933; x_wconf 79' lang='grc' dir='ltr'>ἄλη</span> <span class='ocrx_word' id='word_1_306' title='bbox 208 2890 247 2932; x_wconf 84' lang='grc' dir='ltr'>θὴ</span> <span class='ocrx_word' id='word_1_307' title='bbox 252 2904 266 2925; x_wconf 87' lang='grc' dir='ltr'>ς</span> <span class='ocrx_word' id='word_1_308' title='bbox 267 2857 319 2922; x_wconf 79' lang='grc' dir='ltr'>ρδὲ</span> <span class='ocrx_word' id='word_1_309' title='bbox 337 2888 397 2923; x_wconf 87' lang='lat' dir='ltr'><strong>iid.</strong></span> <span class='ocrx_word' id='word_1_310' title='bbox 545 2899 596 2922; x_wconf 86' lang='lat'>12.</span> <span class='ocrx_word' id='word_1_311' title='bbox 621 2888 776 2932; x_wconf 80' lang='grc' dir='ltr'>ἔφασκον</span> <span class='ocrx_word' id='word_1_312' title='bbox 792 2887 852 2923; x_wconf 88' lang='lat' dir='ltr'>iid.</span> <span class='ocrx_word' id='word_1_313' title='bbox 870 2894 950 2923; x_wconf 85' lang='lat' dir='ltr'>ante</span> <span class='ocrx_word' id='word_1_314' title='bbox 969 2877 1356 2932; x_wconf 72' lang='lat' dir='ltr'>M‘igne.14.5</span> <span class='ocrx_word' id='word_1_315' title='bbox 1374 2890 1597 2930; x_wconf 86' lang='lat' dir='ltr'>assumptum</span> <span class='ocrx_word' id='word_1_316' title='bbox 1615 2896 1657 2918; x_wconf 79' lang='lat' dir='ltr'>ex</span> <span class='ocrx_word' id='word_1_317' title='bbox 1677 2884 1719 2918; x_wconf 86' lang='lat' dir='ltr'>B.</span> 
     </span>
     <span class='ocr_line' id='line_1_35' title="bbox 142 2931 1721 2980; baseline -0.002 -11"><span class='ocrx_word' id='word_1_318' title='bbox 142 2936 196 2969; x_wconf 89' lang='lat'>16.</span> <span class='ocrx_word' id='word_1_319' title='bbox 222 2935 406 2977; x_wconf 80' lang='grc' dir='ltr'>ἀνασώζειν</span> <span class='ocrx_word' id='word_1_320' title='bbox 423 2934 565 2980; x_wconf 80' lang='grc' dir='ltr'>ἐθέλων]</span> <span class='ocrx_word' id='word_1_321' title='bbox 585 2934 765 2977; x_wconf 76' lang='grc' dir='ltr'>ἀνασώζων</span> <span class='ocrx_word' id='word_1_322' title='bbox 784 2935 826 2969; x_wconf 89' lang='grc' dir='ltr'>Β.</span> <span class='ocrx_word' id='word_1_323' title='bbox 1008 2945 1060 2979; x_wconf 86' lang='lat'>19.</span> <span class='ocrx_word' id='word_1_324' title='bbox 1088 2932 1195 2967; x_wconf 84' lang='grc' dir='ltr'>καθὼς</span> <span class='ocrx_word' id='word_1_325' title='bbox 1214 2931 1305 2967; x_wconf 84' lang='lat' dir='ltr'><strong>Edd.</strong></span> <span class='ocrx_word' id='word_1_326' title='bbox 1486 2942 1541 2966; x_wconf 89' lang='lat'>21.</span> <span class='ocrx_word' id='word_1_327' title='bbox 1566 2931 1721 2975; x_wconf 70' lang='grc' dir='ltr'>ἔμπλεως</span> 
     </span>
     <span class='ocr_line' id='line_1_36' title="bbox 139 2978 1227 3027; baseline -0.003 -11"><span class='ocrx_word' id='word_1_328' title='bbox 139 2986 362 3026; x_wconf 77' lang='lat' dir='ltr'><strong>assumptum</strong></span> <span class='ocrx_word' id='word_1_329' title='bbox 380 2993 421 3016; x_wconf 82' lang='lat' dir='ltr'>ex</span> <span class='ocrx_word' id='word_1_330' title='bbox 441 2981 483 3015; x_wconf 88' lang='lat' dir='ltr'>B.</span> <span class='ocrx_word' id='word_1_331' title='bbox 721 2990 775 3027; x_wconf 85' lang='lat'>27.</span> <span class='ocrx_word' id='word_1_332' title='bbox 804 2980 1059 3017; x_wconf 81' lang='grc' dir='ltr'>συστέλλεσθαι</span> <span class='ocrx_word' id='word_1_333' title='bbox 1079 2980 1115 3014; x_wconf 91' lang='lat' dir='ltr'>F.</span> <span class='ocrx_word' id='word_1_334' title='bbox 1136 2978 1227 3013; x_wconf 86' lang='lat' dir='ltr'>Edd.</span> 
     </span>
    </p>
   </div>
  </div>
 </body>
</html>
