2049 3366
135 223 303 246 GALAAD.

139 334 276 375 Florcs,
309 334 521 382 fragilitatis
552 334 750 382 impiorum
781 341 893 382 typus

191 402 266 436 593
289 399 324 435 d.

135 462 320 506 Flumina,
344 476 418 511 quo
439 476 566 504 sensu,
586 470 607 482 “
624 463 789 504 ornnia‚''
808 469 893 498 ante

187 528 354 563 Judaeos
379 529 562 564 exsiccata
589 530 661 565 481
693 541 739 573 ²13
775 540 892 564 exun—

187 592 325 634 dantia,
374 594 628 629 calamitatum
683 599 804 641 typuS,
857 599 893 628 et

187 656 348 693 Satanae
384 661 459 694 482
492 659 542 704 b;
589 664 626 694 et
657 658 825 694 Judaeae
857 663 894 693 et

192 722 380 758 Ecclesiae
401 724 585 759 terminus
607 725 682 759 738
705 736 734 759 a.

134 786 299 829 Fluvius,
318 787 436 829 Pacis,
452 801 587 824 nomen
604 788 741 823 Christi
758 790 832 824 244
848 786 892 832 b;

189 852 234 887 de
264 851 415 888 Christo
450 853 603 894 dictum,
631 853 766 900 quippe
794 851 893 899 quod

187 916 310 965 gratia
330 917 427 966 rigat
448 920 524 953 565
543 918 565 953 b
584 932 591 959 ;
619 918 704 953 item
723 917 768 953 de
787 928 891 951 sanc-

187 981 234 1017 tis
267 984 344 1018 565
378 995 419 1028 c:
464 982 723 1018 “Fluviorum
754 981 892 1022 terra,'’

185 1046 299 1082 modo
343 1047 388 1082 de
432 1047 652 1095 Babylonia,
693 1047 804 1082 modo
848 1045 893 1081 de

185 1110 343 1152 Judaea,
366 1111 610 1159 intelligenda
631 1113 707 1148 565
729 1124 750 1147 a
765 1111 799 1146 d.

134 1175 371 1217 Foeneratio,
395 1176 649 1212 Israelitarum
669 1175 894 1223 reprehensa

189 1242 266 1276 332
299 1241 344 1286 d;
390 1253 560 1283 onerosa,
591 1254 612 1277 a
641 1240 746 1290 Lege
773 1239 893 1275 Mosis

186 1305 386 1341 interdicta
407 1309 483 1343 332
505 1318 537 1342 e.

132 1369 246 1411 Fons,
278 1370 430 1406 luminis
462 1376 498 1407 et
529 1370 686 1418 gratiae,
719 1369 893 1405 Christus

188 1436 238 1471 96
266 1448 309 1477 c;
358 1437 431 1471 142
457 1435 503 1477 d;
550 1438 623 1472 351
651 1447 698 1480 e3
743 1437 819 1471 549
848 1447 890 1477 a3

188 1501 265 1536 746
294 1499 343 1546 b3
379 1502 456 1537 810
484 1512 530 1546 e3
557 1502 632 1536 866
663 1500 747 1545 de3
784 1499 891 1545 vitae,

186 1562 359 1600 Christus
388 1567 465 1601 244
487 1565 532 1607 b;
568 1567 641 1601 341
666 1573 708 1605 a3
745 1566 821 1601 534
842 1564 890 1610 b3

184 1628 302 1671 vivus,
324 1628 397 1664 Dei
417 1628 533 1665 Filius
555 1632 631 1666 292
653 1629 688 1664 d.

130 1692 282 1738 Fontes,
320 1706 499 1741 aquarum
537 1693 889 1741 incorruptibilium,

184 1757 323 1805 scripta
355 1758 623 1806 Apostolorum
664 1757 889 1794 Sanctorum

185 1823 259 1858 271
283 1822 318 1858 d.

130 1886 355 1928 Fornicatio,
378 1886 576 1933 spiritualis
599 1889 647 1923 32
670 1887 715 1929 (1;
748 1888 821 1923 109
843 1886 888 1932 b;

184 1950 255 1986 Dei
283 1950 442 1998 gratiam
470 1951 659 1999 extinguit
685 1953 733 1987 35
759 1951 809 1997 b3
844 1951 889 1987 de

183 2015 268 2050 filiis
297 2014 525 2063 Synagogae
553 2015 652 2052 dicta
673 2018 722 2052 35
744 2028 785 2057 c;
821 2028 888 2063 pro

181 2080 326 2116 nutritu
360 2079 460 2115 malo
490 2079 590 2116 dicta
622 2082 670 2117 35
703 2092 745 2122 e;
787 2080 888 2116 idem

182 2150 239 2181 est
268 2145 370 2192 quod
401 2143 525 2180 Deum
561 2145 730 2181 deserere
764 2147 812 2182 73
845 2157 886 2191 e;

180 2221 248 2257 pro
264 2209 414 2245 licentia
429 2209 614 2245 victorum
632 2209 768 2246 dicitur
785 2213 832 2247 77
851 2222 886 2256 a;

181 2274 336 2315 incesta,
354 2279 391 2310 et
406 2279 563 2310 naturae
579 2274 775 2317 contraria,
792 2274 889 2311 inter

182 2338 374 2374 Israelitas
404 2344 441 2374 et
467 2344 598 2386 postea
626 2338 725 2375 inter
752 2339 885 2375 Corin-

181 2402 295 2444 thios,
328 2402 427 2438 facta
465 2404 540 2439 268
574 2415 615 2445 ος
662 2404 810 2440 Israelis
849 2403 887 2440 in

180 2468 358 2515 Aegypto
389 2467 639 2504 involuntaria
671 2468 752 2511 fuit,
784 2474 886 2516 post-

181 2537 242 2568 tea
261 2532 388 2567 minus
411 2534 487 2568 297
509 2532 580 2570 cd.

127 2596 256 2633 Fortia
294 2602 458 2644 peccata,
499 2602 587 2633 sunt
624 2597 793 2645 grandia,
828 2598 883 2634 in-

180 2661 387 2697 tolerabilia
407 2664 484 2698 304
506 2674 539 2697 a.

126 2725 261 2768 Fovea,
294 2725 427 2761 Crucis
462 2726 583 2774 figura
612 2728 688 2763 679
721 2740 766 2773 a3
811 2740 884 2776 quo

180 2803 292 2827 sensu
320 2790 617 2827 Crucifixoribus
644 2791 732 2840 ipsis
757 2805 778 2828 a
801 2791 884 2829 Deo

178 2860 308 2902 parata
329 2857 405 2892 679
427 2856 450 2891 b
467 2867 498 2891 c.

127 2917 289 2961 Fractio,
348 2932 369 2956 a
429 2925 582 2968 ruptura
639 2920 884 2970 distinguitur

183 2986 258 3019 320
283 2996 313 3020 e.

680 211 888 246 INDEX
952 209 1192 245 RERUM.
1650 214 1725 245 ‹375›

967 332 1118 374 Fracnu,
1151 333 1433 379 persecutionis,
1459 333 1504 369 ab
1531 335 1724 382 Apostolis

1017 410 1176 433 excussa
1198 401 1273 434 572
1296 399 1330 435 d.

964 462 1163 504 Fraenuin,
1215 463 1367 500 militiae
1414 465 1638 513 symbolum,
1686 464 1723 500 in

1016 527 1185 563 Ecclesia
1222 529 1449 576 praedicitur
1487 536 1722 566 cessaturum

1018 595 1094 628 812
1117 593 1140 627 b
1157 605 1185 628 c.

963 657 1106 704 FriguS‚
1124 659 1402 705 postjudiciurn
1419 659 1578 695 cessabit
1596 661 1672 695 800
1690 671 1720 695 a.

962 721 1137 762 Fructus,
1161 722 1313 759 Gratiae
1335 724 1462 771 quales
1482 724 1556 760 sint
1582 726 1653 760 153
1672 724 1694 759 d
1711 738 1721 770 3

1016 786 1145 833 quales
1180 787 1254 823 sint
1285 789 1433 829 erroris,
1464 789 1591 836 quales
1626 789 1721 825 veri-

1015 850 1104 886 tatis
1133 854 1209 887 204
1236 853 1259 888 d
1280 865 1319 898 e;
1355 853 1404 888 ibi
1431 854 1629 895 florebunt,
1657 853 1721 889 ubi

1015 928 1104 951 vcra
1137 916 1303 953 discendi
1341 918 1525 965 cupiditas
1560 922 1636 955 205
1672 932 1721 965 a;

1016 986 1149 1022 terrae,
1199 995 1265 1029 pro
1320 983 1527 1018 cultoribus
1579 983 1721 1019 dictum

1018 1048 1093 1082 208
1110 1059 1151 1091 εις
1178 1047 1338 1083 virtutes
1355 1048 1566 1096 significant
1585 1051 1660 1085 208
1677 1048 1720 1094 d;

1015 1110 1157 1153 vineae,
1179 1124 1246 1159 pro
1272 1125 1360 1148 vera
1386 1113 1557 1148 doctrina
1576 1113 1721 1161 positus

1017 1178 1093 1212 224
1129 1189 1173 1221 c;

1016 1241 1092 1277 vita
1120 1244 1195 1278 352
1218 1242 1265 1287 (1;
1308 1242 1498 1283 bonitatis,
1522 1243 1560 1278 in
1590 1243 1720 1279 Eccle-

1223 1177 1343 1213 bonae
1379 1177 1584 1219 doctrinae,
1623 1179 1723 1214 bona

1016 1305 1070 1341 sia
1122 1306 1318 1342 abundans
1369 1309 1444 1343 352
1485 1320 1532 1353 e;
1591 1308 1720 1355 poeni-

1015 1371 1180 1407 tentibus
1230 1371 1464 1408 abundanter
1515 1372 1722 1420 promissus

1017 1438 1093 1472 860
1110 1436 1144 1472 1).

961 1500 1147 1548 Frugiferi
1168 1501 1205 1536 in
1226 1500 1394 1537 Ecclesia
1416 1503 1492 1538 842
1515 1514 1546 1537 e.

964 1565 1219 1607 Frumentum,
1240 1565 1337 1602 vitae
1364 1572 1475 1615 typus
1498 1569 1546 1603 55
1569 1579 1609 1612 e;
1640 1567 1720 1602 ido-

1012 1629 1057 1665 lis
1086 1630 1254 1666 oblatum
1285 1633 1358 1667 115
1387 1631 1433 1673 1);
1470 1632 1584 1667 robur
1612 1631 1719 1679 spiri-

1013 1695 1114 1730 tuale
1163 1695 1258 1731 solet
1304 1696 1512 1743 exprimere
1556 1698 1629 1733 194
1668 1709 1688 1732 a
1710 1711 1717 1738 ;

1017 1761 1092 1795 744
1114 1772 1136 1795 a
1150 1772 1160 1805 3
1194 1763 1268 1796 745
1291 1773 1321 1796 c.

960 1822 1104 1864 Funda,
1150 1823 1289 1860 Judicii
1334 1824 1463 1860 Divini
1505 1825 1717 1873 symbolum

1020 1891 1094 1924 742
1117 1901 1138 1924 a
1154 1889 1177 1924 d
1194 1901 1204 1934 3
1237 1891 1311 1925 743
1334 1890 1369 1925 b.

958 1953 1220 1990 Fundamenta
1257 1960 1392 1997 terrae,
1427 1967 1494 2003 pro
1527 1955 1717 2004 optimati-

1011 2018 1082 2054 bus
1103 2017 1245 2054 dictum
1267 2021 1342 2055 445
1365 2031 1396 2054 c.

959 2081 1179 2125 Funiculus,
1213 2095 1286 2131 quo
1320 2096 1431 2119 sensu
1460 2084 1718 2132 prosperitatis

1013 2147 1164 2196 signum
1204 2149 1279 2184 666
1315 2148 1360 2194 d3
1410 2148 1515 2196 virga
1553 2149 1718 2185 secunda

1011 2212 1110 2259 apud
1124 2212 1357 2257 Zachariam,
1373 2213 1463 2261 quid
1476 2213 1564 2250 velit
1580 2215 1652 2250 761
1670 2213 1715 2259 b;

1013 2278 1089 2313 767
1113 2289 1144 2313 e.

1318 2385 1353 2420 G

958 2470 1086 2513 Granni,
1112 2484 1177 2507 seu
1205 2471 1346 2513 Gabaa,
1372 2472 1460 2507 urbs
1484 2472 1712 2519 Benjamita-

1009 2548 1107 2578 rum,
1136 2536 1281 2584 polluta
1306 2541 1343 2572 et
1368 2536 1501 2584 punita
1531 2539 1603 2572 135
1630 2537 1654 2572 (1
1673 2550 1714 2583 e;

1010 2601 1113 2636 vicus
1169 2601 1467 2649 Benjamitarum
1524 2603 1601 2637 456
1654 2602 1677 2636 d
1705 2615 1715 2648 3

1009 2665 1154 2707 collem,
1191 2678 1257 2701 seu
1291 2665 1492 2713 speculam,
1528 2666 1715 2714 significat

1010 2732 1084 2766 457
1107 2730 1142 2765 b.

955 2793 1109 2835 Galaad,
1149 2793 1240 2829 urbs
1283 2793 1465 2835 Levitica,
1509 2794 1713 2830 Sacerdotii

1008 2863 1121 2906 typus
1153 2860 1223 2894 101
1254 2870 1299 2904 03
1338 2860 1411 2895 102
1439 2858 1488 2904 b;
1524 2857 1711 2895 Sicimitas

1008 2922 1241 2970 poenitentes
1267 2922 1429 2959 trucidat
1459 2925 1532 2959 103
1561 2923 1607 2965 b;
1643 2936 1711 2971 pro

1007 2987 1213 3024 latronibus
1252 2987 1393 3024 dictum
1436 2990 1508 3025 103
1548 3000 1590 3033 e;
1636 2988 1710 3025 irae
