2007 3366
257 473 279 499 e

73 1126 161 1161 524
177 1126 229 1161 A.
255 1135 277 1161 a

253 1777 280 1818 b

300 174 353 214 78
691 176 740 217 B.
783 174 1063 217 CYRILLI
1113 175 1494 217 ALEXANDR.
1792 172 1816 212 i.
1837 184 1875 224 7.

296 285 372 336 ἐπὶ
405 283 489 337 τὸν
524 289 618 336 τῶν
656 285 977 347 Βαβυλωνίων
1006 285 1246 351 τύραννον,
1280 285 1403 355 τάχα
1442 308 1534 338 που
1571 286 1879 351 Ναβουχοδο-

296 365 457 433 νόσορ,
490 365 540 421 ὃς
578 366 671 419 εἷλε
708 366 795 431 τὴν
827 365 1072 427 Ἰουδαίαν,
1110 370 1185 418 καὶ
1223 367 1364 420 αὐτὸν
1402 368 1450 420 δὲ
1487 367 1570 419 τὸν
1607 370 1731 418 θεῖον
1768 364 1879 416 ναὸν

297 449 646 516 κατεμπρήσας,
690 447 994 516 αἰχμάλωτον
1037 448 1322 513 ἀπεκόμισεν
1365 454 1428 505 εἶς
1477 449 1538 502 τὰ
1586 450 1750 500 ἑαυτοῦ
1798 446 1881 499 τὸν

296 531 495 583 Ἰούδαν.
563 530 703 583 αὐτὸν
738 531 794 596 δὴ
829 532 911 582 οῦν
937 531 1028 597 ἄρα
1054 531 1234 602 φοβερὶν
1260 531 1346 596 μὲν
1379 530 1497 584 εἶναί
1519 537 1642 601 φησι
1669 532 1723 583 δι’
1759 530 1882 593 ὠμό-

295 636 413 678 τητα
450 616 526 664 καὶ
564 612 618 664 rb
657 613 852 680 ἀκρατὲς
887 617 950 668 εἰς
983 613 1130 680 ὀργὰς
1167 616 1243 665 καὶ
1281 615 1336 666 τὸ
1371 616 1600 666 ἀτίθασον
1633 617 1695 668 εἷς
1734 611 1880 682 φρένα

295 698 371 746 καὶ
395 694 450 747 τὸ
475 696 652 763 ἀπηχὲς
676 699 739 750 εἰς
764 697 914 759 δίκας,
945 695 1139 766 ἐπιφανῆ
1177 696 1225 748 δὲ
1259 696 1316 762 δὴ
1354 697 1514 760 πάλιν,
1542 699 1604 752 ὡς
1627 695 1880 766 φιλότιμον

295 781 370 830 καὶ
421 777 722 846 φιλόκομπον
772 782 848 830 καὶ
899 779 1040 848 δόξης
1087 779 1340 844 ἄπληστον
1390 779 1608 847 ἐραστήν·
1660 777 1880 844 ἀλαζόνες

294 860 388 927 γὰρ
417 860 491 912 ἀεί
511 885 561 912 τε
588 863 664 912 καὶ
695 861 1062 931 φιλοδοξότατοι
1097 863 1207 913 λίαν
1233 865 1275 913 οἱ
1310 865 1392 927 τῆς
1420 866 1709 923 Βαβυλῶνος
1734 865 1881 922 βεβα-

293 943 579 998 σιλευκότες.
648 945 802 1009 ἐπειδὴ
841 944 891 996 δὲ
924 948 1007 1009 τῆς
1045 949 1108 999 εἷς
1144 949 1241 996 πᾶν
1272 946 1425 996 ὁτιοῦν
1459 948 1653 1009 βουλῆς,
1678 946 1751 995 ναὶ
1789 943 1883 1007 μὴν

293 1028 368 1077 καὶ
409 1027 761 1094 ἐγχειρημάτων
797 1026 945 1095 ἦρχον
985 1028 1128 1090 αὐτοὶ,
1167 1026 1221 1079 rb
1264 1031 1430 1079 δοκοῦν
1471 1029 1520 1079 εῦ
1558 1029 1677 1096 ἔχειν
1717 1028 1882 1081 ἁπλῶς

294 1114 389 1164 τοῖς
418 1108 507 1161 ὑπὸ
535 1115 666 1178 χεῖρα
693 1112 1091 1177 ἀποπεραίνεσθαι
1118 1114 1210 1161 δεῖν
1234 1110 1623 1176 προστάττοντες,
1645 1109 1720 1160 διὰ
1745 1109 1882 1161 τοῦτό

295 1197 447 1261 φησιν
477 1193 555 1262 ἘΞ
590 1194 717 1244 αὐτοῦ
759 1193 805 1244 rb
853 1196 992 1262 κρῖμα
1031 1195 1163 1244 αὑτοῦ
1205 1193 1350 1244 ἔσται·
1392 1193 1648 1255 τουτέστιν,
1685 1194 1878 1243 αὐτοκε-

294 1274 513 1330 λεύστοις
552 1277 715 1342 ὁρμαῖς
753 1275 867 1326 ’ίεται
902 1273 1020 1342 πρὸς
1054 1275 1108 1326 τὸ
1144 1281 1311 1338 κινοῦν,
1341 1278 1415 1326 καὶ
1447 1277 1496 1327 ἐκ
1533 1278 1721 1339 πολλῆς
1759 1276 1882 1341 ἄγαν

295 1358 472 1425 ὀφρύος
512 1359 595 1409 οὐκ
633 1357 692 1409 ἂν
725 1361 807 1422 τῆς
842 1358 1009 1425 ἑτέρων
1043 1358 1233 1424 γνώμης
1272 1357 1545 1426 ἀνάσχοιτο,
1576 1357 1662 1408 κᾶν
1688 1362 1725 1409 εἰ
1748 1358 1812 1423 μή
1838 1381 1881 1410 τι

295 1444 390 1491 τῶν
428 1440 739 1507 ἐνδεχομένων
777 1440 998 1506 γενέσθαι
1036 1441 1363 1509 προστάξειεν.
1430 1441 1666 1506 ὑπέροπτα
1704 1441 1797 1508 γὰρ
1823 1441 1882 1492 τὰ

298 1529 505 1591 Περσῶν
530 1526 849 1589 βουλεύματα.
914 1525 1069 1591 ἐπειδὴ
1103 1527 1150 1576 δὲ
1186 1527 1289 1580 ε”θος
1323 1525 1380 1591 ἧν
1404 1527 1552 1577 πάλιν
1577 1528 1733 1582 αὐτοῖς
1757 1550 1877 1594 προ-

297 1609 730 1672 καταμαντεύεσθαι
757 1607 840 1662 τὰς
867 1608 1033 1676 μάχας,
1062 1610 1136 1659 καὶ
1163 1607 1301 1679 μάγῳ
1339 1608 1480 1677 τέχνῃ
1517 1609 1883 1675 προαναμανθά-

298 1713 390 1741 νειν
427 1695 679 1757 πειρᾶσθαι
717 1691 771 1742 τὸ
808 1691 914 1743 ὅποι
951 1691 1056 1742 ποτ’
1091 1689 1147 1742 ἂν
1180 1690 1492 1759 ἐκτελευτήσῃ
1530 1690 1584 1742 τὸ
1617 1693 1665 1742 ἐν
1699 1694 1881 1760 χερσὶν,

298 1772 388 1841 ἔφη
413 1773 572 1836 πάλιν,
601 1773 672 1825 ὅτι
697 1775 742 1826 τὸ
769 1773 938 1843 λῆμμα
965 1775 1096 1825 αὑτοῦ
1129 1774 1174 1844 ἐξ
1206 1775 1334 1825 αὐτοῦ
1361 1773 1648 1842 ἐξελεύσεται.
1712 1774 1883 1842 λῆμμσι

298 1855 346 1906 δὲ
373 1855 584 1922 ὀνομάζει
621 1855 675 1908 rb
709 1856 964 1920 μάντευμα.
1033 1858 1087 1907 οὐ
1120 1856 1212 1922 γὰρ
1250 1856 1306 1925 ἐξ
1341 1855 1520 1922 ἑτέρων,
1546 1858 1710 1925 φησὶν,
1737 1858 1882 1908 ἐθνῶν

296 1935 327 2002 ἢ
361 1942 529 2005 χωρῶν
563 1939 919 2008 μεταπέμψεται
957 1939 1064 1992 τοὺς
1103 1938 1279 1992 εἱδότας
1313 1938 1399 2003 τὴν
1430 1938 1673 2003 μαντικήν·
1717 1939 1808 2006 ἔχει
1834 1939 1883 1991 δὲ

297 2024 488 2082 μᾶλλον
514 2021 924 2085 συμβιοτεύοντας,
948 2020 1265 2089 ψευδομένους
1302 2020 1388 2084 μὲν
1421 2022 1489 2071 ἀεὶ
1525 2023 1600 2071 καὶ
1638 2024 1733 2072 τῶν
1766 2023 1885 2086 ἀλη-

297 2106 395 2153 θῶν
437 2103 615 2157 εἰδότας
659 2104 807 2162 οὐδὲν,
851 2103 982 2168 πλὴν
1025 2104 1098 2155 ἀεί
1143 2127 1244 2157 πως
1283 2103 1655 2170 κατερεθίζοντας
1700 2107 1775 2154 καὶ
1814 2103 1885 2155 ὅτι

297 2183 477 2249 νικήσει
502 2191 859 2255 προαναφωνεῖν
886 2186 1117 2240 εἰωθότας.
1176 2185 1453 2250 ἐσεμνύνετο
1485 2185 1533 2236 δὲ
1566 2188 1642 2236 καὶ
1677 2187 1786 2236 λίαν
1810 2188 1885 2237 ἐπὶ

295 2266 447 2337 τούτῳ
473 2268 500 2332 ἡ
528 2270 849 2330 Βαβυλωνίων
875 2267 1014 2337 ἀρχή.
1069 2271 1144 2320 καὶ
1170 2274 1286 2335 γοῦν
1313 2270 1337 2320 ὁ
1359 2267 1527 2320 Βαλὰκ
1553 2268 1579 2318 ὁ
1609 2271 1883 2330 Μωαβιτῶν

348 2484 378 2508 ῐ.
405 2474 598 2518 Assumpta
616 2473 670 2509 ἐπὶ
687 2486 729 2509 ex
749 2474 795 2509 D.
813 2477 879 2509 τῶν
896 2485 937 2509 ex
958 2473 1000 2509 B.
1209 2485 1240 2509 2.
1268 2474 1345 2508 ναὸν
1365 2473 1458 2508 B.D.
1477 2473 1558 2507 νεὼν
1577 2471 1669 2506 Edd.
1719 2487 1881 2517 κατεμπρ.

298 2535 327 2555 ν.
346 2521 417 2554 inv.
437 2521 513 2556 ord.
533 2522 580 2556 D.
874 2533 907 2566 3.
933 2522 973 2555 τὰ
993 2522 1038 2555 D.
1057 2520 1118 2565 τὴν
1135 2520 1194 2555 iid.
1491 2532 1524 2562 4.
1552 2520 1641 2564 φησι
1659 2526 1883 2564 assumptum

296 2579 338 2601 ex
360 2568 451 2602 B.D.
744 2568 778 2603 6.
804 2568 844 2613 δὴ
859 2580 929 2603 οιῐι.
946 2569 993 2603 D.
1041 2570 1260 2614 φιλόκομπον
1277 2568 1330 2602 καὶ
1346 2568 1530 2612 φιλότιμον
1546 2566 1684 2600 inverso
1701 2566 1822 2601 ordine
1837 2566 1881 2602 B.

298 2614 351 2648 καὶ
370 2616 488 2659 φιλόκ.
507 2626 577 2650 om.
593 2615 730 2660 Migne.
982 2616 1016 2650 8.
1041 2630 1078 2650 τε
1095 2622 1318 2660 assumptum
1335 2626 1376 2648 ex
1396 2613 1444 2648 D.
1703 2628 1736 2657 ι).
1763 2614 1816 2647 ναὶ
1835 2613 1882 2648 l).

298 2661 352 2694 καὶ
373 2661 463 2695 Edd.
735 2673 788 2697 10.
812 2660 908 2707 ἔγχει
925 2662 1082 2707 ῥημάτων
1100 2662 1190 2707 (sic)
1207 2662 1266 2696 iid.
1537 2671 1590 2694 11.
1616 2661 1686 2695 τοῖς
1702 2661 1767 2694 ὑπὸ
1784 2662 1883 2705 χεῖρα

298 2714 378 2751 post
395 2708 464 2741 δεῖν
480 2714 613 2754 transp.
629 2709 674 2743 D.
693 2709 771 2745 τοὺς
788 2721 850 2755 pro
868 2711 937 2744 τοῖς
956 2709 1048 2743 Edd.
1093 2710 1376 2753 προστάσσοντες
1394 2707 1495 2741 Pont.
1513 2708 1770 2752 προτάσσοντες
1783 2707 1880 2742 Aub-

297 2755 502 2797 πράττοντες
521 2755 566 2789 D.
862 2767 915 2791 12.
942 2755 1058 2802 ἔσται]
1078 2755 1293 2801 ἐξελεύσεται
1313 2755 1358 2789 D.
1654 2765 1706 2798 13.
1731 2752 1814 2787 ἵεται
1833 2753 1881 2788 D.

299 2803 410 2834 κινοῦν
430 2801 474 2835 Ι).
496 2802 587 2836 Edd.
606 2803 727 2837 δοκοῦν
747 2802 789 2837 Β.
1174 2814 1226 2845 14.
1252 2802 1436 2847 ἀνάσχοιτο
1453 2802 1586 2845 γνώμης
1603 2801 1673 2834 inv.
1693 2800 1815 2834 ordine
1834 2800 1880 2834 D.

303 2856 355 2890 15.
381 2847 549 2892 ὑ71“ε’ρογκα
570 2849 614 2883 D.
906 2849 958 2883 16.
985 2849 1024 2893 ἧν
1038 2848 1116 2885 ἔθος
1133 2849 1203 2883 inv.
1222 2848 1297 2883 ord.
1318 2848 1365 2883 D.
1413 2849 1516 2883 πάλιν
1533 2853 1757 2891 assumptum
1773 2859 1814 2880 ex
1834 2847 1881 2882 D.

301 2903 354 2938 17.
381 2895 496 2938 μάγων
514 2894 548 2929 b.
843 2897 895 2931 18.
923 2897 1064 2940 ὅποιπερ
1082 2897 1108 2930 τ’
1126 2895 1166 2929 ἂν
1188 2896 1232 2931 D.
1528 2905 1583 2929 20.
1601 2892 1726 2939 φησὶν]
1745 2897 1781 2933 -Ι-
1798 2893 1816 2937 ἢ
1833 2893 1881 2929 Ι).

300 2950 355 2974 21.
373 2940 542 2983 μαντικήν·
570 2943 638 2986 ἕχει
659 2942 751 2976 ΒᾸ).
765 2942 799 2977 b.
817 2945 984 2988 μαντείαν·
1012 2944 1079 2988 ἕξει
1101 2942 1193 2977 Edd.
1575 2951 1630 2983 24.
1648 2940 1725 2975 λίαν
1742 2952 1812 2975 Om.
1833 2941 1880 2974 D·

300 2996 353 3029 25.
380 2986 510 3022 τούτοις
530 2988 574 3023 D.
627 2991 760 3023 Βιιλιιίικ
780 2990 827 3024 l).

1900 630 1923 668 01

1906 1049 1956 1074 10

1901 1875 1954 1902 20
