2028 3356
286 146 368 186 114
676 150 726 191 B.
770 149 1050 191 CYRILLI
1096 149 1484 190 ALEXANDR.
1726 143 1768 184 ii.
1797 140 1863 182 18.

283 254 474 324 ἀπαρχὴ
501 256 691 323 γέγονεν
723 259 747 308 ὅ
785 257 1010 322 μακάριος
1035 257 1290 325 Στέφανος,
1313 262 1408 308 τῶν
1439 255 1586 322 ἁγίων
1617 251 1865 319 μαρτύρων

283 339 573 404 πρωτόλειον
599 339 761 406 ὥσπερ
785 363 828 391 τι
856 342 932 391 καὶ
958 338 1149 407 ἀπαρχὴ
1176 340 1478 406 δεδειγμένος.

220 586 265 621 18
286 588 337 629 Τί
374 587 539 644 ὠφελεῖ
576 591 773 643 Γλυπτὸν,
811 593 876 634 ὅτι
912 593 1100 644 ἔΓλυψαν
1138 593 1267 646 αὐτός
1304 593 1489 634 ἔπλασεν
1518 590 1621 632 αὐτὸ
1656 589 1868 646 χώνευμα,

240 670 266 711 b
353 672 592 727 φαντασίαν
618 675 770 727 ψευδῆ,
796 678 861 718 ὅτι
887 678 1091 719 ΠέΠοιΘεν
1118 678 1140 720 ὁ
1166 678 1334 719 Πλάσαε
1360 676 1429 718 ὲΠί
1461 674 1509 718 τὸ
1536 675 1709 724 Πλασμα
1737 674 1866 715 αὐτοῦ

350 759 424 796 τοῦ
452 760 624 799 Ποιιῗισαι
655 756 817 800 εἴδωλα
847 762 987 817 κωφοὶ.
1889 757 1911 795 5

359 886 423 936 ‘H
451 886 535 950 μὲν
561 888 642 939 οῦν
667 890 797 944 θέσις
819 897 901 942 τοῦ
926 893 1069 959 ῥητοῦ
1100 890 1218 942 κατὰ
1249 890 1414 943 τοῦτόν
1439 892 1541 941 ἐστι
1567 888 1648 941 τὸν
1674 889 1866 956 τρόπον.

285 969 331 1019 τί
371 968 464 1035 γὰρ
507 973 678 1041 ὠφελεῖ
711 978 834 1041 φησι
873 974 918 1026 τὶ
957 976 1157 1041 ’γλυπτον
1196 975 1255 1026 ’ὁτι
1302 973 1520 1042 ἕγλυῲαν
1567 974 1700 1032 αὑτός
1741 973 1790 1024 τί
1823 971 1871 1023 δὲ

285 1054 503 1120 ὠφελεῖὁ
530 1054 728 1110 πλάσας
754 1057 825 1107 ἐπὶ
854 1056 899 1108 τὶ
927 1057 1138 1124 πλάσμα
1163 1059 1292 1108 αὐτοῦ
1319 1058 1379 1108 ’ὁτι
1407 1054 1604 1107 πέποιθεν
1631 1056 1697 1106 ἐπ’
1720 1056 1868 1125 αὐτ-ᾡς

284 1135 353 1188 τίς
389 1134 436 1185 δὲ
471 1135 527 1200 δὴ
564 1138 712 1187 ποίλιν
747 1139 772 1189 ὁ
810 1145 893 1190 τοῦ
936 1139 1194 1207 Προφήτου
1231 1139 1425 1201 σκοπὸς,
1456 1140 1646 1205 ἐροῦμεν
1684 1139 1746 1192 ὡς
1784 1138 1866 1188 ἔνι.

289 1218 449 1283 Κύρου
475 1221 549 1269 καὶ
579 1220 761 1284 Μήδων
781 1221 899 1272 κατὰ
925 1225 1007 1286 τῆς
1032 1227 1125 1273 τῶν
1146 1223 1465 1283 Βαβυλωνίων
1492 1219 1870 1285 ἐμβεβληκότων,
1895 1244 1942 1269 10

288 1302 363 1350 καὶ
401 1306 484 1351 τοῦ
518 1303 728 1366 πολέμου
762 1303 931 1356 λοιπὸν
965 1305 1378 1370 περιηγγελμένου,
1406 1303 1463 1354 τὰ
1503 1304 1656 1357 αὐτοῖς
1687 1303 1870 1368 συνήθη

249 1400 270 1426 C
290 1386 488 1448 δρῶντες
519 1388 560 1434 οἱ
590 1385 734 1451 μα’γοι
768 1385 873 1440 τοῦς
907 1388 1240 1456 ’ψευδωνύμους
1275 1386 1472 1438 ἐκάλουν
1506 1386 1636 1439 θεοὺς
1675 1391 1737 1440 εἷς
1774 1388 1870 1437 ἐπι-

289 1467 479 1532 κουρίαν
510 1469 839 1537 κινδυνευούσῃ
873 1473 930 1536 τῇ
963 1468 1114 1532 πόλει,
1141 1469 1307 1523 θυσίας’
1343 1492 1392 1520 τε
1426 1470 1501 1519 καὶ
1536 1468 1748 1522 σπονδὰς
1776 1473 1872 1522 τοῖς

289 1547 590 1613 ἀναισθήτοις
623 1554 886 1617 προσῆγον,
922 1551 1041 1616 ὅλην
1078 1553 1146 1603 ἐπ’
1193 1553 1345 1605 αὐτοῖς
1389 1557 1472 1602 τοῦ
1510 1551 1748 1617 σώζεσθαι
1786 1550 1872 1616 τὴν

288 1631 458 1682 ἐλπίδα
484 1631 678 1695 θέμενοι.
735 1635 844 1684 ἀλλ’
869 1632 926 1697 ἦν
948 1636 1089 1688 ὕθλος
1117 1636 1191 1684 καὶ
1219 1633 1507 1702 φενακισμὸς
1533 1635 1692 1696 ἐκεῖνα,
1715 1633 1871 1699 ἀπάτη
1895 1656 1942 1693 15

289 1736 339 1764 τε
379 1715 452 1764 καὶ
485 1716 776 1778 κενοβουλία,
809 1718 884 1767 καὶ
923 1717 1077 1782 ἕτερον
1117 1717 1262 1767 οὐδέν·
1306 1717 1406 1781 ἥλω
1445 1715 1537 1782 γὰρ
1576 1718 1650 1767 καὶ
1689 1717 1868 1783 πεπόρ-

290 1801 441 1860 θηται,
481 1799 554 1847 καῖ
594 1803 731 1849 τοῦτο
768 1803 935 1850 παθεῖν
979 1800 1061 1850 οῦκ
1100 1799 1309 1863 οἱηθεῖσά
1347 1821 1474 1851 ποτε.
1541 1802 1739 1868 διαγελᾷ
1775 1823 1871 1850 τοι·

289 1885 467 1945 γαροῦν
495 1880 518 1929 ὁ
544 1883 638 1930 τῶν
661 1880 787 1931 ὅλων
809 1879 930 1935 Θεὸς
956 1886 1049 1932 τῶν
1077 1882 1547 1946 πεπλημμελημένων
1573 1881 1658 1945 τὴν
1683 1881 1874 1951 σκέψιν,

289 1964 365 2012 καὶ
400 1960 485 2025 τὴν
519 1964 591 2013 ἐπὶ
627 1968 722 2016 τοῖς
753 1963 957 2031 ἀψύχοις
997 1966 1181 2016 ἐλπίδα.
1249 1973 1291 2015 τι
1329 1964 1422 2030 γὰρ
1462 1967 1630 2033 ὠφελεῖ
1664 1969 1787 2033 φησι
1822 1964 1875 2016 τὸ

289 2043 505 2109 γλυπτέν,
550 2043 704 2111 ἕτερον
749 2045 881 2097 οὐδὲν
926 2046 1137 2114 ὑπάρχον
1181 2046 1208 2112 ἦ
1256 2047 1490 2115 φαντασία
1528 2042 1699 2115 ψευδὴς
1745 2047 1875 2098 οὐδὲν
1897 2067 1945 2092 20

246 2140 272 2180 d
292 2126 469 2193 ἔχουσα
504 2125 558 2178 τὸ
593 2128 765 2191 ἀληθές
789 2150 799 2189 ;
845 2129 944 2179 θεία
974 2128 1066 2196 γὰρ
1103 2129 1226 2183 ὅλως
1252 2129 1442 2193 δύναμις
1468 2133 1568 2183 πῶς
1595 2128 1652 2180 ἂν
1676 2128 1705 2194 ἦ
1732 2130 1877 2180 πόθεν

292 2206 406 2259 εἶναι
432 2210 700 2261 πιστεύοιτο
727 2215 821 2264 τοῖς
861 2211 917 2280 ἐξ
949 2213 1253 2278 ἀνθρωπίνων
1280 2216 1445 2279 χειρῶν
1470 2218 1871 2278 πεπλαστουργη-

293 2290 480 2354 με’νοιςς
522 2296 690 2342 εἰκαῖον
721 2293 801 2343 οῦν
836 2293 927 2358 ἄρα
959 2293 1012 2344 τὸ
1048 2295 1115 2344 ἐπ’
1146 2295 1299 2347 αὐτοῖς
1326 2293 1608 2356 πεποιθέναι,
1634 2295 1709 2344 καὶ
1735 2317 1876 2345 κατα-

293 2373 535 2437 γέλαστον
569 2376 758 2439 ἀληθῶς
801 2374 853 2426 τὸ
897 2375 1057 2443 χρῆμά
1088 2378 1191 2427 ἐστι
1225 2375 1355 2442 παρά
1392 2398 1447 2441 γε
1484 2380 1580 2430 τοῖς
1620 2377 1877 2443 ε’ῤῥωμένον

294 2455 457 2522 ε”χουσι
485 2462 593 2507 νοῦν
617 2459 692 2507 καὶ
727 2456 812 2521 τὴν
845 2458 994 2526 φρένα
1033 2458 1402 2524 διεγηγερμένην.
1467 2461 1593 2509 δοκεῖ
1615 2458 1668 2508 δέ
1696 2482 1763 2512 τις
1802 2462 1876 2510 καὶ
1897 2480 1945 2518 25

346 2651 374 2674 ῐ.
400 2644 466 2674 τῶν
482 2640 586 2686 ἁγίων
602 2639 781 2685 μαρτύρων
797 2648 978 2686 assumpta
995 2654 1036 2676 ex
1057 2642 1102 2676 D.
1373 2652 1404 2675 2.
1429 2639 1654 2685 πρωτόλειον]
1680 2645 1716 2681 -†-
1737 2643 1880 2685 κόσμιον

296 2686 389 2720 Edd.
607 2699 640 2733 3.
665 2689 821 2722 ἔπλασαν
841 2689 875 2722 F.
897 2689 973 2733 (22.
991 2688 1056 2733 al.)
1120 2689 1288 2733 χωνευτὸν
1307 2687 1353 2721 Ϊ).
1558 2697 1591 2729 5.
1617 2690 1677 2721 τοῦ
1695 2700 1764 2722 om.
1784 2689 1877 2724 Edd.

297 2732 373 2775 (22.
393 2734 456 2778 al.)
786 2735 819 2769 6.
845 2734 903 2770 οῦν
921 2734 1031 2781 θέσις]
1052 2734 1212 2771 σύνθεσις
1230 2735 1276 2769 D.
1325 2735 1408 2769 κατὰ
1427 2734 1472 2768 D.
1493 2733 1546 2767 διὰ
1566 2733 1657 2767 Edd.
1707 2735 1801 2769 ἕσται
1820 2736 1876 2770 iid.

299 2788 330 2822 7.
356 2781 445 2823 φησι
463 2793 532 2815 om.
553 2781 599 2815 D.
892 2783 925 2816 8.
952 2782 1004 2817 ἐπ’
1023 2783 1104 2816 αὐτό
1125 2783 1168 2816 Ι).
1472 2791 1524 2814 10.
1551 2784 1616 2814 τῶν
1635 2782 1875 2829 Βαβυλωνίων]

298 2828 500 2865 Βαβυλῶνος
517 2828 576 2861 iifl.
845 2840 896 2863 11.
926 2829 1022 2863 Haec
1040 2830 1079 2863 τὰ
1097 2830 1208 2864 αὐτοῖς
1226 2827 1352 2871 συνήθη
1371 2828 1513 2871 δρῶντες
1531 2836 1752 2862 accesserunt
1769 2841 1809 2862 ex
1831 2830 1877 2864 D.

297 2883 354 2913 14.
379 2873 438 2915 τὴν
455 2874 577 2908 ἐλπίδα
595 2875 725 2918 θέμενοι
744 2883 776 2909 et
794 2877 846 2909 καὶ
863 2878 1074 2921 φενακισμός
1091 2876 1197 2910 ἐκεῖνα
1215 2875 1280 2909 hoc
1299 2875 1419 2908 ordine
1439 2875 1484 2908 D.
1762 2876 1814 2909 16.
1841 2892 1876 2911 τε

295 2927 519 2963 assumptum
537 2933 577 2955 ex
597 2922 642 2956 D.
792 2923 913 2957 16-20.
941 2923 997 2956 Ab
1015 2922 1130 2967 ἕτερον
1146 2922 1190 2956 ad
1207 2922 1321 2963 ἕτερον
1338 2921 1486 2955 transilit
1506 2920 1551 2954 D.
1698 2932 1752 2965 24.
1773 2921 1877 2968 ἐρῥω-

297 2964 397 3009 μένην
412 2965 502 3000 Edd.
659 2979 712 3014 25.
741 2971 818 3003 νοῦν
835 2970 887 3003 καὶ
906 2976 1085 3015 assumpta
1103 2982 1143 3003 ex
1165 2969 1208 3003 D.
1259 2967 1384 3014 φρένα]
1411 2973 1444 3009 -4-
1468 2968 1520 3002 καὶ
1540 2967 1630 3001 Edd.
