2049 3366
158 209 337 234 LEVITAE.

210 319 286 353 683
308 318 351 361 b:
381 320 500 367 major
520 320 700 356 minorem
722 333 913 370 superans,

210 382 306 417 inter
327 384 483 419 Sanctos
504 384 675 420 Christus
698 387 774 421 867
796 398 826 422 e.

156 445 328 493 Lapides,
351 448 515 495 pretiosi,
538 449 574 484 in
602 457 751 496 pectore
779 451 912 485 summi

210 509 436 553 Sacerdotis,
486 513 572 560 quid
622 514 913 561 significaverint

209 577 258 610 62
281 575 324 619 b;
356 588 375 611 e
402 576 517 612 funda
540 577 655 619 missi,
683 578 769 625 quid
796 579 910 625 signi-

208 639 320 674 ficent
368 643 442 676 742
480 654 521 685 a;
572 645 647 678 743
687 643 731 687 b;
781 643 910 685 sancti,

208 703 462 740 ministrorum
502 712 612 754 typus
653 710 728 743 743
763 707 808 751 d3
853 719 911 742 ro-

206 768 325 810 tundi,
344 770 479 805 mentis
499 770 545 805 ad
566 770 812 806 obediendum
835 784 914 806 ver-

208 833 324 868 satilis
347 836 422 870 743
444 847 485 879 e;
511 847 622 882 quare
643 848 709 882 pro
730 834 913 871 Ministris

208 897 395 934 Ecclesiae
416 898 584 934 dicantur
607 902 681 936 743
703 900 737 936 d.

154 960 278 1008 Lapis,
309 961 346 997 in
377 963 530 1010 pariete,
563 976 635 1010 quo
670 976 779 999 sensu
815 964 914 1011 loqui

208 1025 351 1061 dicatur
399 1029 475 1063 540
524 1040 566 1073 a3
624 1028 777 1069 electus,
801 1054 804 1057 -
826 1029 847 1063 i.
881 1041 910 1065 e.

209 1090 394 1135 Christus,
412 1091 620 1127 haereditas
641 1098 770 1128 nostra
785 1094 859 1128 687
873 1093 911 1138 d;

207 1159 396 1200 stanneus,
445 1155 480 1190 in
530 1169 642 1191 manu
690 1156 911 1197 Zorobabel,

206 1223 317 1266 typus
338 1219 478 1255 Christi
499 1222 575 1256 690
597 1233 637 1265 e;
660 1222 733 1257 691
758 1221 801 1266 b;
824 1233 913 1257 con-

206 1282 383 1323 culcatus,
395 1284 618 1320 Sanctorum
632 1285 911 1333 oppressionem

207 1346 393 1395 significat
415 1351 490 1384 773
513 1361 553 1393 c;
586 1352 661 1385 774
683 1362 704 1385 a
719 1350 754 1385 d.

152 1411 370 1458 Laquearia,
445 1413 574 1460 templi
653 1413 912 1449 describuntur

206 1475 399 1522 splendida
435 1479 507 1513 331
546 1489 586 1521 a3
629 1478 743 1514 exitio
777 1478 912 1514 devota

207 1542 279 1576 331
304 1540 340 1575 b.

154 1603 350 1644 Latrones,
392 1604 437 1639 de
482 1603 726 1641 Samaritanis
771 1606 910 1642 dictum

208 1670 283 1705 105
308 1668 353 1713 d3
388 1670 462 1705 106
489 1669 569 1714 ab3
610 1668 771 1706 Satanae
800 1676 911 1719 typus

210 1734 283 1769 106
304 1745 335 1768 e.

150 1796 382 1838 Lati-unculi,
404 1809 450 1832 ex
477 1797 650 1833 omnibus
674 1797 912 1833 circumcirca

205 1860 419 1908 regionibus
467 1861 504 1896 in
547 1861 751 1896 Samariam
800 1862 911 1897 exciti

206 1927 282 1961 283
305 1936 335 1960 e.

151 1988 346 2029 Laudatio,
386 1988 585 2031 immerita,
626 1989 912 2036 reprehenditur

206 2055 281 2089 505
304 2065 335 2088 e.

150 2117 327 2157 Lazarus,
348 2117 394 2152 de
414 2116 571 2152 mortuis
592 2117 735 2153 excitus
757 2120 830 2154 241
851 2130 881 2153 c.

150 2181 325 2225 Lebetes,
341 2180 379 2215 in
399 2181 522 2216 Domo
543 2180 706 2222 Domini,
728 2182 815 2229 quid
835 2182 909 2230 sig-

204 2245 436 2280 nificaverint
457 2246 533 2281 813
555 2245 578 2280 b
594 2257 626 2280 c.

151 2309 351 2357 Legitima,
373 2321 441 2356 pro
467 2309 596 2344 officiis
617 2309 852 2357 quibuslibet,
874 2315 912 2346 et

204 2372 391 2409 mandatis
419 2373 565 2409 Divinis
596 2375 672 2410 465
701 2373 725 2409 b
745 2385 786 2418 e;
821 2374 910 2410 item

204 2449 272 2484 pro
291 2436 397 2473 festis
417 2436 699 2473 idololatrarum
722 2439 798 2474 466
818 2438 853 2474 b.

150 2501 319 2542 Lemma,
375 2513 441 2549 pro
492 2501 633 2538 visione
689 2502 912 2550 Prophetica

205 2565 343 2601 dictum
367 2567 443 2601 518
467 2577 498 2602 e.

150 2629 241 2671 Leo,
270 2628 353 2665 Deo
382 2629 568 2672 mittente,
595 2629 755 2677 percutit
783 2630 912 2666 inobe-

205 2693 369 2729 dientem
390 2692 618 2742 Prophetam
642 2696 689 2730 14
709 2694 755 2738 b;
777 2694 913 2730 animal

204 2757 383 2805 rapiendo
419 2756 666 2802 notissimum,
700 2757 775 2794 irae
809 2770 908 2806 sym-

204 2821 331 2857 bolum
361 2823 410 2858 93
441 2833 482 2867 c;
524 2821 687 2869 rugiens,
716 2821 804 2857 belli
837 2821 909 2858 cla-

205 2897 328 2921 mores
348 2885 522 2933 exprimit
545 2887 620 2922 165
642 2885 686 2931 d;
707 2885 797 2922 item
817 2886 909 2922 iram

206 2948 381 2986 Divinam
403 2952 479 2986 252
501 2962 541 2995 e;
563 2954 627 2986 aut
646 2950 691 2986 de
711 2950 909 2996 vermibus,
936 3000 937 3003 Ἰ

695 197 903 235 ΙΝΒΕΧ
964 197 1210 234 RERUM.

1668 202 1741 235 707

1038 331 1212 365 agrorum
1268 317 1530 359 vastatoribus,
1583 323 1646 353 aut
1697 319 1743 355 de

1039 383 1201 418 hostium
1234 383 1385 418 saevitia
1417 382 1556 418 dictum
1592 385 1668 419 203
1699 395 1742 428 c;

1037 448 1248 494 priusquam
1262 447 1418 494 praedae
1431 446 1743 494 insiliat,rugiens,

1039 511 1120 546 Deo
1154 511 1274 558 impiis
1309 511 1564 559 praemonenti
1596 524 1744 559 compa-

1038 583 1139 611 ratur
1170 579 1245 612 277
1268 576 1348 619 ad;
1384 576 1541 623 praedae
1572 576 1744 622 reliquias

1038 640 1226 680 descrens,
1250 639 1372 675 Deum
1394 640 1438 675 ab
1459 641 1514 676 ira
1535 645 1743 675 cessantem

1037 705 1211 751 exprimit
1247 707 1323 740 284
1359 705 1445 749 cd3
1488 704 1576 739 item
1611 716 1743 751 gener-

1037 767 1144 804 aliter
1173 768 1362 804 „Iudicium
1394 768 1573 803 Divinum
1605 771 1681 805 306
1702 781 1742 813 c;

1039 832 1186 868 Diaboli
1210 833 1418 881 symbolum
1442 835 1517 869 807
1540 844 1571 868 e.

984 896 1142 938 Leones,
1175 910 1241 944 pro
1275 897 1425 945 regibus
1459 897 1632 944 Assyriae
1667 896 1741 932 dic-

1037 966 1116 996 tum
1149 964 1223 998 502
1256 962 1299 1006 l›;
1340 961 1470 997 catulis
1500 961 1575 997 suis
1605 961 1742 996 victum

1038 1025 1251 1070 referentes,
1273 1026 1425 1073 regibus
1446 1025 1584 1061 similes
1605 1027 1682 1061 503
1699 1037 1740 1069 a;

1038 1090 1233 1136 aliquando
1264 1102 1330 1137 pro
1359 1089 1563 1125 fortissimo
1597 1101 1742 1136 quoque

1037 1154 1176 1189 dictum
1218 1157 1293 1191 503
1334 1166 1374 1199 e;
1423 1153 1665 1195 Judaeorum,
1706 1152 1743 1188 in

1038 1218 1230 1254 Christum
1632 1223 1742 1265 typus

1037 1285 1113 1319 504
1144 1296 1184 1327 a;
1226 1295 1292 1330 pro
1321 1282 1458 1330 populo
1488 1281 1743 1329 metaphorice

1036 1347 1176 1382 dictum
1213 1350 1288 1383 757
1324 1359 1364 1391 c;
1404 1346 1502 1382 circa
1535 1345 1741 1382 Jordanem

1038 1411 1143 1447 multi
1165 1414 1240 1448 757
1263 1424 1291 1447 e.

982 1475 1114 1523 Lepra,
1137 1476 1289 1511 morbus
1308 1474 1523 1511 insanabilis
1544 1475 1617 1509 251
1643 1473 1675 1510 b.

1306 1218 1561 1259 saevientium,

986 1539 1152 1588 Leprosi,
1174 1540 1317 1581 castris,
1338 1545 1375 1575 et
1395 1552 1470 1582 ara,
1493 1537 1630 1574 exclusi
1652 1541 1672 1573 7
1695 1537 1728 1573 b.

981 1604 1146 1646 Levitae,
1223 1604 1457 1652 poenitentes
1536 1601 1743 1649 impediunt

1041 1671 1113 1705 103
1130 1681 1170 1713 a;
1199 1671 1273 1705 104
1289 1680 1330 1713 e;
1360 1667 1443 1703 ideo
1464 1666 1645 1714 primitias
1665 1665 1741 1701 irae

1037 1732 1195 1768 Divinae
1216 1732 1406 1779 patiuntur
1430 1733 1503 1767 105
1524 1743 1569 1775 a;
1604 1730 1650 1765 ab
1671 1730 1742 1765 As-

1034 1797 1141 1844 syriis
1161 1796 1258 1844 capti
1285 1798 1359 1833 105
1381 1796 1425 1840 b;
1453 1807 1475 1830 a
1494 1806 1583 1843 rege
1606 1793 1740 1830 Hiero-

1034 1861 1142 1896 boam
1172 1860 1328 1908 expulsi,
1352 1859 1657 1907 Hierosolymam
1684 1870 1739 1893 re-

1033 1925 1181 1973 fugiunt
1203 1927 1279 1961 286
1301 1924 1380 1969 ab;
1413 1936 1485 1971 quo
1505 1935 1617 1959 sensu
1638 1929 1660 1941 ‘¹
1674 1923 1740 1958 bo-

1033 1988 1122 2025 ves''
1145 1989 1314 2024 dicantur
1336 1990 1412 2024 576
1433 1988 1456 2024 b
1469 2000 1477 2032 ;
1505 1987 1740 2035 profanitatis

1034 2058 1070 2089 et
1097 2053 1299 2101 impietatis
1325 2052 1484 2088 convicti
1507 2053 1583 2088 609
1604 2051 1627 2087 b
1642 2064 1650 2096 ;
1682 2063 1739 2086 sa-

1034 2118 1248 2154 cerdotibus
1264 2116 1599 2153 subministrabant
1616 2117 1663 2151 67
1672 2118 1691 2151 7
1701 2127 1739 2159 c;

1033 2194 1186 2217 munere
1228 2194 1295 2217 suo
1332 2181 1478 2228 privati,
1517 2180 1741 2228 plangentes

1034 2245 1292 2282 describuntur
1333 2247 1408 2282 785
1443 2257 1463 2280 e
1475 2257 1484 2290 ;
1528 2243 1740 2280 Malachiae

1033 2315 1201 2357 tempore
1221 2309 1458 2357 negligentes
1480 2311 1556 2345 817
1572 2308 1643 2354 cd3
1666 2320 1739 2355 quo

1033 2386 1156 2415 sensu,
1181 2386 1258 2409 non
1285 2374 1403 2421 gratis
1433 2373 1549 2409 altare
1578 2372 1651 2409 Dei
1679 2384 1740 2408 ac-

1032 2438 1234 2475 cenderent
1255 2441 1332 2476 829
1350 2451 1390 2483 a;
1412 2450 1480 2485 pro
1495 2437 1738 2473 Testamento

1032 2503 1220 2539 habebant
1241 2502 1451 2538 hostiarum
1476 2501 1739 2549 aphaeremata

1035 2569 1110 2603 835
1131 2579 1173 2612 e;
1205 2566 1401 2602 sacerdotii
1428 2565 1630 2613 spiritualis
1655 2577 1739 2612 per-

1033 2643 1164 2666 sonam
1193 2631 1375 2679 gerebant
1404 2631 1481 2666 836
1511 2629 1591 2674 bc;
1630 2641 1652 2664 a
1681 2641 1739 2664 sa-

1033 2694 1248 2731 cerdotibus
1267 2694 1435 2741 corrupti
1454 2695 1531 2730 840
1553 2706 1573 2728 a
1584 2705 1594 2738 ;
1625 2705 1737 2740 quam

1032 2759 1160 2795 multis
1177 2758 1297 2794 modis
1314 2757 1440 2794 Deum
1453 2756 1737 2805 provocaverint

1033 2825 1109 2859 847
1141 2822 1165 2858 d
1176 2835 1185 2867 ;
1226 2822 1408 2870 imprimis
1436 2821 1673 2869 profanitate,
1700 2826 1738 2856 et

1031 2898 1277 2934 personarum
1319 2885 1527 2922 reverentia
1575 2887 1651 2923 847
1691 2897 1735 2930 e;

1033 2963 1145 2998 quare
1189 2950 1332 2987 tamdiu
1376 2949 1518 2987 fuerint
1564 2949 1737 2998 impuniti

1158 3025 1280 3063 4x2
