2007 3387
122 1115 215 1146 Hier.

122 1159 215 1190 xxiii.
234 1158 283 1191 16.

141 2354 192 2385 Ib.
208 2354 273 2385 xiv.

146 2408 193 2437 ¹3·

344 184 427 224 288
736 184 784 223 B.
829 181 1105 222 CYRILLI
1144 180 1522 221 ALEXANDR.
1758 178 1784 217 i.
1808 187 1848 230 5,
1870 175 1907 213 6.

303 313 393 359 501
437 316 616 370 Πατὲρεε
659 313 775 362 ὑμῶν
814 317 895 354 Ποῦ
937 311 1017 354 εἰσι
1066 314 1134 353 καὶ
1181 311 1219 353 οἱ
1266 314 1512 369 Προφῆται;
1559 309 1615 358 μή
1658 309 1730 350 τὸν
1774 305 1910 348 αἰῶνα

303 399 324 434 6

305 491 325 516 C

409 398 627 454 ζύοοντοιις
664 397 775 437 Πλὴν
801 396 899 438 τοὺς
932 397 1083 443 λοι-ους
1116 411 1195 444 μου
1229 397 1297 436 καὶ
1335 394 1384 436 τὰ
1423 393 1576 443 νόμιμά
1615 408 1693 441 μου
1727 391 1911 446 δέχεσθε,

409 482 487 522 ὅσοι
524 479 610 527 &nb
649 480 902 528 ἐντέλλομαι
936 480 979 521 ἐν
1014 479 1220 528 Πνεύμοιτί
1262 494 1341 527 μου
1378 477 1465 519 τοῖς
1503 476 1672 517 δούλοις
1708 490 1787 524 μου
1823 470 1912 514 τοῖς

408 563 663 619 Προφύταιε,
691 561 730 604 οἳ
758 564 1047 613 κατελάβοσαν
1092 562 1184 604 τοὺς
1221 562 1410 618 Πατέραε
1448 560 1579 609 ὑμῶν.
1638 558 1705 599 Καὶ
1740 555 1915 613 ἀπεκρί-

408 655 539 687 ΘΗσαν
580 646 646 687 καὶ
686 642 809 687 εἶπαν
853 646 1000 688 Καθὼς
1043 647 1359 702 Παρατέτακται
1399 644 1546 701 Κύριος
1589 641 1956 698 Παντοκράτωρ,5

408 732 480 770 τοῦ
508 732 683 771 Ποιιῖισοιι
711 729 816 770 κατὰ
844 730 919 770 τὰς
952 729 1077 771 ὁδοὺς
1113 729 1229 777 ὑμῶν
1264 728 1331 769 καὶ
1366 727 1470 769 κατὰ
1509 725 1559 768 τὰ
1598 724 1913 772 ὲΠιτΗὸεύματα

409 812 540 863 ὑμῶν,
567 814 704 854 οὕτως
731 813 930 854 &nomm-:v
957 810 1064 861 ὑμῖν.

418 948 541 1011 Πρὶν
568 946 746 995 ἁλῶναι
780 943 866 1009 τὴν
890 945 1136 1006 Ἰουδαίαν,
1166 945 1241 994 καὶ
1276 941 1392 993 αὐτὰ
1428 941 1475 992 δὲ
1511 940 1568 992 τὰ
1593 940 1915 1007 Ἱεροσόλυμα,

342 1026 396 1078 τὸ
431 1029 513 1091 τῆς
553 1027 839 1095 προφητείας
878 1027 1036 1089 ὄνομα,
1082 1025 1289 1091 καθάπερ
1327 1048 1371 1075 τι
1408 1028 1705 1091 προσωπεῖον
1743 1023 1918 1075 ἑαυτοῖς

345 1109 649 1175 περιτιθέντες
677 1109 808 1172 τινες,
833 1107 1166 1175 προσελάλουν
1204 1107 1513 1175 ἀρχαιοτέροις
1551 1105 1610 1156 τὰ
1635 1112 1662 1134 “
1681 1103 1774 1156 ἀπὸ
1808 1127 1917 1171 καρ-

347 1199 373 1221 “
400 1192 498 1245 δίας
552 1193 718 1254 αὐτῶν,
770 1191 891 1243 καθὰ
949 1191 1226 1257 γέγραπται,
1278 1192 1352 1240 καὶ
1408 1191 1488 1240 οὐκ
1539 1187 1631 1239 ἀπὸ
1684 1185 1919 1250 στόματος

346 1281 372 1302 “
403 1274 622 1339 Κυρίου.”
686 1274 811 1325 οὗτοι
843 1276 1211 1343 ψευδοεποῦντες
1243 1273 1468 1341 ἔφασκον,
1495 1274 1557 1324 ὡς
1586 1272 1666 1321 οὐκ
1700 1268 1757 1320 ἂν
1783 1268 1919 1333 ἁλοίη

302 1356 458 1408 ᾶποτὲ
495 1355 604 1423 παρ’
632 1358 812 1424 ἐχθρῶν
847 1357 874 1420 ἡ
910 1357 1020 1422 ἁγία
1056 1354 1209 1417 πόλις,
1240 1355 1337 1406 οὐδ’
1367 1353 1425 1405 ἂν
1464 1352 1639 1419 γένοιτό
1675 1375 1788 1404 ποτε
1826 1355 1921 1404 τοῖς

349 1438 564 1490 ἐθέλουσι
609 1441 868 1507 καταδῃοῦν
909 1438 1286 1505 εὐκαταμάχητος
1332 1439 1356 1487 ὁ
1400 1435 1614 1502 Ἰσραήλ·
1666 1435 1775 1486 ἀλλ’
1819 1435 1922 1500 ἐρη-

350 1520 596 1587 ρεισμένην
637 1520 729 1590 ἕξει
771 1519 857 1585 τὴν
901 1520 1154 1586 εὐημερίαν,
1197 1522 1270 1570 καὶ
1314 1521 1361 1569 ἐν
1406 1517 1678 1581 ἀκλονήτοις
1722 1518 1922 1567 κείσεται

351 1607 561 1670 τρυφαῖς,
589 1606 712 1654 Θεοῦ
742 1602 1129 1669 προασπίζοντος,
1163 1603 1237 1652 καὶ
1270 1601 1323 1652 τὸ
1360 1601 1619 1652 ἀπόλεκτον
1649 1601 1716 1650 ἀεὶ
1754 1602 1922 1662 τιμῶν-

352 1684 431 1739 τός
480 1708 529 1735 τε
579 1687 653 1736 καὶ
703 1686 979 1751 ἀγαπῶντος
1028 1685 1175 1750 γένος.
1255 1684 1467 1751 ἔφασκον
1516 1682 1563 1734 δὲ
1613 1682 1672 1733 τὰ
1720 1687 1922 1743 τοιαῦτα,

354 1766 563 1834 καθάπερ
597 1767 715 1835 ε”φην
749 1767 930 1834 ἀρτίως,
955 1770 1350 1835 ψευδηγοροῦντες
1377 1769 1419 1816 οἱ
1444 1764 1654 1827 τάλανες,
1683 1766 1757 1814 καὶ
1782 1763 1918 1832 ῥᾴθυ-

353 1873 442 1912 μον
468 1849 581 1900 ὅντα
605 1848 687 1900 τὸν
710 1848 912 1915 Ἰσραὴλ
944 1850 1209 1902 ὑπτιοῦντες
1240 1847 1317 1910 ἔτι,
1345 1848 1492 1898 καίτοι
1529 1846 1631 1897 δέον
1665 1846 1925 1897 ἀναπείθειν

354 1933 741 1995 ἐκμειλίσσεσθαι
773 1931 910 1994 Θεὸν,
939 1933 1013 1982 καὶ
1048 1930 1108 1982 τὰ
1145 1931 1217 1999 ἐφ’
1248 1929 1314 1984 οἷς
1352 1929 1612 1993 λελύπηται
1649 1930 1926 1995 ῥιπτοῦντας

318 2035 339 2061 e
358 2018 420 2068 ὡς
467 2014 710 2077 ἀπωτάτω,
755 2018 1042 2082 μεταφοιτᾶν
1090 2013 1282 2065 ἑλέσθαι
1326 2012 1442 2078 πρὸς
1482 2011 1536 2062 τὸ
1580 2012 1704 2081 αὐτῷ
1748 2013 1925 2061 δοκοῦν.

357 2098 466 2148 ἀλλ’
509 2097 669 2162 ὀλίγος
712 2097 894 2149 ἐκείνοις
932 2098 1013 2159 τῆς
1051 2094 1270 2159 ἀληθείας
1309 2095 1333 2144 ὁ
1371 2094 1528 2159 λόγος,
1567 2093 1841 2157 λημματίων
1880 2091 1928 2142 δὲ

357 2183 570 2246 σμικρῶν
599 2180 673 2230 καὶ
707 2177 1054 2229 εὐτελεστάτων
1079 2177 1344 2240 ἡττώμενοι,
1369 2174 1700 2240 πεπλανήκασι
1725 2174 1807 2226 τὸν
1831 2175 1930 2225 Ἰσ-

359 2261 497 2329 ραήλ.
563 2262 637 2312 καὶ
671 2266 786 2327 γοῦν
825 2261 850 2311 ὁ
888 2258 973 2324 μὲν
1010 2258 1257 2328 προφήτης
1287 2259 1507 2324 Ἱερεμίας
1543 2262 1790 2325 κατῃτιᾶτο
1821 2256 1931 2307 λίαν

363 2343 539 2406 αὐτοὺς,
567 2344 687 2394 οὕτω
723 2342 874 2408 λέγων
903 2350 928 2371 “
947 2343 1009 2392 Ὁ
1044 2340 1106 2391 ὢν
1135 2340 1290 2407 Κύριε,
1318 2339 1414 2391 ἰδοὺ
1447 2343 1487 2390 οἱ
1517 2342 1755 2408 προφῆται
1780 2340 1931 2390 αὐτῶν

365 2433 390 2456 “
416 2424 766 2495 προφητεύουσι
807 2426 882 2475 καὶ
926 2424 1150 2489 λέγουσιν
1192 2424 1295 2473 Οὐκ
1341 2423 1521 2490 ὄψεσθε
1564 2420 1811 2489 μάχαιραν,
1857 2422 1931 2472 καὶ

416 2623 444 2646 1.
470 2613 527 2646 τὸν
544 2612 645 2646 αἰῶνα
664 2612 708 2646 D.
728 2610 820 2645 Edd.
838 2611 884 2647 εἷς
901 2612 958 2645 τὸν
975 2611 1077 2645 αἷῶνα
1096 2610 1178 2644 B.F.
1197 2610 1267 2653 (22.
1281 2610 1339 2652 al.)
1357 2609 1401 2643 cf.
1416 2609 1504 2642 infra
1517 2608 1582 2653 657
1598 2608 1632 2641 b.
1713 2618 1744 2641 2.
1772 2606 1932 2651 δέχεσθαι

368 2659 414 2693 Ϊ).
433 2659 474 2703 (Ν
491 2658 667 2704 95.185.)
1043 2670 1076 2700 4.
1100 2656 1131 2691 οἳ
1148 2655 1398 2700 κατελάβοσαν]
1418 2655 1448 2689 οἳ
1465 2655 1655 2695 κατέλαβον
1674 2654 1708 2687 F.
1728 2653 1799 2697 (22.
1816 2654 1858 2687 al.
1864 2654 1875 2695 )
1893 2654 1932 2687 οὐ

367 2707 603 2749 κατελάλησαν
622 2705 668 2739 D.
918 2714 951 2748 5.
976 2719 1070 2738 ειπον
1088 2704 1124 2737 F.
1144 2703 1219 2748 (22.
1237 2703 1299 2746 al.)
1562 2701 1594 2735 6.
1618 2698 1774 2745 ποιῆσαι]
1798 2704 1835 2739 -1-
1856 2700 1933 2744 ἡμῖν

368 2752 460 2786 Edd.
477 2753 525 2794 (V
528 2759 573 2786 at
580 2756 590 2795 )
611 2750 704 2797 [ὑμῖν
721 2761 741 2783 N
759 2751 817 2785 sed
836 2750 941 2796 corn]
992 2752 1082 2794 ὑμῶν
1101 2751 1141 2784 Β.
1149 2751 1193 2784 D.
1213 2750 1314 2783 Pont.
1332 2749 1450 2793 (Alex.
1470 2747 1555 2781 XII.
1558 2747 1607 2792 )‘
1594 2751 1682 2790 ημῶν
1698 2746 1791 2780 Aub.
1810 2746 1910 2791 (Vat.
1915 2746 1932 2791 )

369 2808 400 2843 7.
427 2799 517 2842 ὑμῶν
543 2799 589 2833 D.
616 2800 731 2843 (Alex.
758 2798 860 2839 XII.)
886 2798 976 2840 ἡμῶν
1004 2797 1093 2832 Edd.
1120 2797 1219 2842 (Vat.
1245 2795 1284 2839 N)
1363 2795 1439 2838 ὑμῖν
1465 2794 1506 2827 Β.
1513 2794 1557 2828 D.
1584 2794 1713 2837 (Alex.)
1738 2793 1814 2837 ἡμῖν
1839 2793 1932 2827 Edd.

369 2845 417 2888 (Χ
420 2852 464 2879 at.
482 2847 518 2888 N)
741 2857 773 2889 9.
798 2859 830 2878 τι
849 2845 888 2878 Β.
896 2845 941 2878 D.
959 2846 996 2878 τὸ
1015 2845 1044 2878 E
1048 2844 1106 2878 dd.
1323 2852 1374 2875 10.
1398 2840 1587 2885 περιθέντες
1606 2840 1647 2874 Β.
1694 2841 1933 2884 προσελάλουν

369 2891 599 2936 ἀρχαιοτεροις
618 2892 662 2926 D.
681 2891 826 2925 ἐλάλουν
845 2889 1229 2935 Edd.13.⁷rore‘
1248 2887 1360 2933 prius]
1379 2890 1512 2922 πώποτε
1532 2888 1576 2921 D.
1719 2899 1770 2930 14.
1797 2901 1932 2920 ευκατα-

369 2952 403 2979 μι
405 2939 517 2981 ἱχητος
537 2939 581 2972 D.
601 2939 885 2983 εὐκιιταγώνιστος
904 2937 995 2971 Edd.
1235 2945 1287 2979 17.
1313 2936 1352 2968 τὰ
1371 2940 1589 2980 assumptum
1608 2946 1648 2968 ex
1668 2934 1708 2968 B.
1714 2934 1758 2968 D.
1809 2933 1932 2967 Statim

371 2985 479 3018 τοιάδε
500 2985 545 3018 D.
734 2996 788 3026 24.
815 2986 991 3027 κατῃτιᾶτο
1011 2984 1051 3018 Β.
1056 2984 1100 3018 D.
1120 2984 1321 3017 καταιτιᾶται
1340 2981 1430 3015 Edd.

1941 1129 1986 1154 10

1948 1955 1995 1978 20
