2018 3391
339 161 419 201 172
728 161 777 202 B.
817 160 1097 201 CYRILLI
1139 157 1521 200 ALEXANDR.
1757 149 1783 189 i·
1808 161 1845 196 2,
1869 159 1907 201 3-

337 268 454 320 ὅσον
480 270 658 321 οὐδέπω
684 268 775 320 σὺν
800 274 921 320 πᾶσι
955 274 1049 322 τοῖς
1084 274 1379 319 κατοικοῦσιν
1405 264 1548 330 αὐτὴν
1574 257 1908 322 ἀπολουμένης,

338 351 649 418 ὑπερβολικὸν
699 353 746 402 ἐν
794 350 973 404 τούτοις
1023 349 1105 401 τὸν
1152 353 1234 414 τῆς
1281 346 1667 416 προαγορεύσεως
1714 344 1910 393 ποιεῖται

337 433 497 499 λόγον.
552 435 605 484 οὐ
631 433 723 499 γάρ
748 456 841 484 που
868 431 1035 501 φαμὲν,
1064 433 1189 499 ε’ίπερ
1217 431 1358 495 ἐσμὲν
1383 433 1431 482 ἐν
1455 433 1587 498 καλῷ
1613 431 1694 478 τοῦ
1722 425 1911 493 φρονεῖν

337 517 501 581 ὀρθῶς,
552 515 621 566 ὅτι
671 517 745 566 καὶ
797 514 926 584 ζῴοις
978 514 1169 581 ἀλόγοις
1221 518 1296 564 καὶ
1347 517 1527 576 νηκτοῖς
1578 511 1651 561 καὶ
1700 508 1911 559 πετεινοῖς

337 599 496 665 ἐφίησι
529 597 614 661 τὴν
641 597 786 664 ὀργὴν
819 600 843 649 ὁ
879 603 974 649 τῶν
1010 597 1137 648 ὅλων
1164 596 1299 650 &⁶69-
1342 597 1484 646 ἐκεῖνο
1522 591 1568 644 δὲ
1605 595 1794 655 μᾶλλον
1831 588 1906 637 ἐν·
1930 600 1952 639 5

337 685 456 731 νοεῖν
494 681 727 731 ἀναπείθει
766 679 873 735 τοὺς
911 679 1240 747 ἀκροωμένους,
1277 680 1338 731 ὡς
1377 675 1559 729 οὐδενὸς
1596 674 1649 725 τὸ
1686 669 1911 737 παράπαν

115 775 196 809 581
213 774 260 807 A.
298 762 469 813 ιιέσται
497 762 657 830 φειδώ·
700 764 808 813 ἀλλ’
837 761 1000 829 ὥσπερ
1038 762 1148 815 νεὼς
1187 763 1303 824 ὁμοῦ
1341 763 1436 812 τοῖς
1473 759 1723 819 πλωτῆρσι
1757 756 1905 814 βεβα-

335 844 606 908 πτισμένης,
638 845 768 896 οὐδὲν
803 847 1019 909 ἀπομένει
1057 846 1302 914 λείψανον·
1343 843 1477 904 οὕτω,
1506 840 1668 907 φησὶν,
1701 833 1912 898 ἁλούσης

335 929 418 990 τῆς
448 926 686 990 Ἰουδαίας,
720 927 850 979 οὐδὲν
885 928 1019 979 ἔσται
1058 926 1111 978 τὸ
1150 925 1428 993 σωζόμενον,
1468 923 1550 974 οὐκ
1588 918 1817 987 ἄνθρωπος,
1859 916 1912 966 οὐ

338 1010 474 1071 κτήνη,
502 1010 554 1060 οὐ
580 1009 770 1074 πτηνὸν,
797 1012 849 1062 οὐ
875 1010 1058 1075 νηκτόν.
1118 1009 1272 1073 ἐπειδὴ
1299 1007 1347 1059 δὲ
1379 1005 1434 1071 ἧν
1468 1006 1543 1056 καὶ
1577 1000 1770 1070 σφόδρα
1796 997 1913 1052 εἰκὸς
1935 1021 1982 1046 ιο

337 1089 456 1141 εἶναί
500 1115 627 1146 τινας
676 1094 724 1143 ἐν
775 1094 890 1161 αὐτῇ
941 1096 1016 1143 καὶ
1067 1092 1239 1159 ζῶντας
1289 1088 1504 1154 ἐννόμως,
1549 1087 1697 1152 εὐφυᾶ
1745 1105 1793 1133 τε
1839 1082 1914 1132 καὶ

338 1173 633 1242 ἀξιάγαστον
673 1175 997 1239 ἐπησκηκότας
1038 1176 1122 1239 τὴν
1163 1174 1416 1233 πολιτείαν,
1460 1170 1535 1220 ἵνα
1585 1166 1649 1231 μὴ
1702 1166 1913 1235 φαίνοιτο

339 1256 457 1306 κατὰ
503 1256 692 1308 πάντων
736 1259 900 1311 ἁπλῶς
952 1259 1027 1308 καὶ
1069 1257 1341 1323 ἀδιακρίτως
1383 1255 1460 1306 ἱεὶς
1510 1250 1596 1315 Τὴν
1641 1247 1800 1315 ὀργὴν,
1840 1248 1914 1297 Καὶ

339 1339 690 1390 συναπολλύων
720 1339 804 1403 μὲν
841 1345 907 1409 τῷ
945 1340 1086 1409 ἀδίκῳ
1124 1338 1205 1390 τὸν
1244 1338 1432 1398 δίκαιον,
1470 1339 1564 1387 τοῖς
1606 1332 1653 1383 δὲ
1690 1328 1915 1394 βεβήλοις

341 1423 414 1471 καὶ
447 1422 646 1483 ἀσεβέσι
678 1422 1100 1491 συγκαταφθείρων
1126 1420 1207 1472 τὸν
1233 1421 1418 1483 εὐσεβῆ,
1445 1417 1660 1483 ταύτῃτοι
1687 1412 1911 1475 καθίστη·
1937 1431 1983 1469 15

296 1517 322 1557 b
342 1527 422 1554 σιν
445 1505 662 1570 ἐναργεῖς,
689 1506 792 1555 καθ’
823 1503 886 1555 ὧν
910 1503 967 1555 ἂν
1002 1504 1059 1554 ἰὀι
1083 1503 1141 1555 τὰ
1179 1504 1235 1572 ἐξ
1263 1504 1421 1569 ὀργῆς.
1489 1497 1581 1568 ’ἔφη
1608 1497 1700 1563 γὰρ
1727 1495 1796 1546 ὅτι
1826 1497 1914 1545 Καὶ

343 1587 634 1649 ἀσθενῆσουσιν
671 1596 704 1640 οἱ
736 1591 917 1647 ἀσεβεῖς
946 1595 1022 1641 καὶ
1057 1589 1191 1658 ἐξαιρῶ
1217 1587 1312 1642 τοὺς
1338 1591 1521 1654 ἀνόμους
1557 1583 1650 1633 ἀπο
1683 1581 1916 1648 προσώπου

340 1671 413 1731 τῆς
455 1671 555 1737 γῆς.
610 1673 684 1722 καὶ
720 1670 993 1732 ἀσθενήσωσι
1026 1670 1111 1733 μὲν
1143 1669 1231 1722 ὑπὸ
1266 1674 1397 1737 χεῖρα
1427 1668 1674 1719 πίπτοντες
1714 1666 1911 1730 ἐχθρῶν,

342 1753 588 1822 εξοιίρονται
628 1753 674 1804 δὲ
714 1755 772 1804 αὖ
806 1752 834 1818 ἢ
873 1758 1116 1807 τεθνεῶτες
1158 1755 1232 1804 καὶ
1272 1751 1508 1819 ῥομφαίας
1545 1748 1680 1814 ε”ργον
1717 1767 1910 1811 γεγενη-

340 1835 481 1899 μένοι,
520 1837 666 1901 ἤγουν
707 1836 1099 1900 ἀποκομισθέντες
1138 1834 1429 1903 αἰχμάλωτοι
1470 1835 1545 1883 καὶ
1583 1834 1678 1883 τοῖς
1716 1826 1916 1897 ᾑρηκόσι
1937 1847 1986 1873 20

343 1920 652 1972 δουλεύοντες.

418 2006 475 2053 Εἰ
512 2001 558 2052 δὲ
594 2002 650 2066 δή
685 2025 753 2056 τις
790 2001 944 2051 ἕλοιτο
989 2000 1332 2064 μεταπλάττειν
1370 1998 1565 2050 ἀστείως
1603 2001 1663 2049 εἷς
1707 1995 1798 2059 ἤθη
1843 1995 1917 2044 καὶ

343 2083 558 2150 τρόπους,
594 2083 803 2154 ἄνθρωπόν
845 2107 894 2134 τε
939 2089 1016 2134 καὶ
1065 2086 1185 2144 κτήνη
1227 2085 1301 2133 καὶ
1339 2081 1397 2132 τὰ
1435 2079 1595 2137 λοιπὰ,
1637 2077 1795 2142 νοήσει
1834 2075 1918 2139 μὲν

345 2166 587 2234 ἀνθρώπους
637 2166 742 2220 τοὺς
786 2166 903 2216 κατὰ
953 2165 1109 2232 σάρκα
1160 2165 1345 2231 ζῶντας,
1395 2165 1469 2213 καὶ
1519 2161 1680 2227 γήϊνον
1728 2159 1918 2226 ἔχοντας

307 2249 581 2317 οφρόνημα,
623 2251 696 2299 καὶ
746 2253 840 2302 τοῖς
891 2248 1196 2315 προσκαίροις
1239 2245 1609 2311 ἐντετηγμένους,
1653 2241 1719 2295 οἷς
1769 2243 1842 2292 καὶ
1894 2242 1986 2298 (325

398 2457 425 2479 1.
450 2444 581 2478 οὐδέπω
601 2443 686 2477 Β.Ε.
704 2445 795 2477 οὔπω
814 2442 904 2477 Edd.
1180 2455 1211 2484 4.
1237 2441 1344 2486 ὀρθῶς
1361 2451 1430 2474 orn.
1451 2439 1552 2473 Pont.
1570 2444 1648 2482 post
1665 2439 1794 2481 νηκτοῖς
1809 2437 1918 2472 invito

349 2492 476 2526 Codice
488 2498 620 2535 trausp.
635 2490 728 2524 Aub.
780 2491 909 2533 νηκτοῖς
925 2504 961 2523 τε
979 2502 1041 2534 pro
1060 2490 1113 2523 καὶ
1131 2491 1259 2532 νηκτοῖς
1278 2488 1318 2521 Ε.
1367 2488 1419 2520 καὶ
1435 2487 1598 2520 πετεινοῖς
1617 2484 1807 2528 assumpsit
1823 2483 1917 2518 Aub.

348 2540 481 2584 primus
499 2550 539 2571 ex
560 2538 600 2571 E.
921 2546 953 2581 3.
981 2539 1065 2571 Θεός
1084 2536 1169 2570 B.E.
1188 2536 1356 2576 δεσπότης
1374 2532 1465 2566 Edd.
1516 2532 1639 2565 ἐννοεῖν
1655 2529 1824 2564 ἀναπείθει
1841 2530 1918 2566 τοὺς

347 2584 438 2629 ἀκμ]
459 2585 581 2618 ἐννοεῖν
597 2585 663 2628 χρὴ
683 2583 784 2617 Pont.
1016 2595 1045 2628 7.
1071 2583 1197 2628 φειδως
1215 2583 1256 2616 Ε.
1306 2581 1380 2623 νηὸς
1400 2579 1489 2612 Edd.
1732 2588 1784 2611 10.
1808 2575 1848 2620 ἦν
1865 2578 1918 2611 καὶ

348 2633 488 2677 σφόδρα
505 2632 591 2666 εἰκὸς
611 2631 695 2665 BAE.
714 2629 753 2673 ἦν
769 2631 855 2666 εἰκὸς
874 2630 920 2664 D.
938 2630 1023 2665 εἰκὸς
1040 2629 1079 2672 ἧν
1096 2629 1186 2663 Edd.
1344 2637 1396 2660 11.
1423 2626 1475 2659 καὶ
1493 2625 1588 2669 prius
1606 2623 1748 2657 accessit
1765 2635 1806 2657 ex
1826 2623 1916 2658 D.E.

351 2679 446 2712 Haec
472 2679 580 2723 εὐφυᾶ
613 2692 648 2711 τε
675 2678 728 2711 καὶ
753 2677 864 2722 ἀξιιὶγ.
892 2677 1011 2720 ἐπησκ.
1037 2677 1096 2720 τὴν
1121 2675 1294 2710 πολιτείαν
1321 2672 1511 2716 assumpsit
1539 2671 1632 2705 Aub.
1656 2682 1698 2704 ex
1724 2670 1764 2703 Ε.
1791 2669 1918 2704 desunt

347 2726 383 2759 in
404 2726 494 2759 BD.
698 2735 750 2768 13.
772 2725 824 2757 καὶ
841 2724 971 2769 ιὶδιακρ.
990 2735 1059 2757 om.
1080 2723 1125 2757 D.
1333 2731 1384 2762 14.
1409 2720 1469 2762 μὲν
1486 2730 1526 2752 ex
1548 2718 1631 2751 BE.
1649 2717 1918 2761 assumpsimus.

348 2774 417 2807 τοῖς
435 2773 469 2805 δὲ
486 2774 564 2813 βεβ.
583 2772 635 2805 καὶ
653 2771 710 2805 ἀσ.
729 2785 827 2816 συγκ.
846 2772 903 2804 τὸν
920 2771 1045 2814 εὐσεβῆ
1063 2768 1252 2813 assumpsit
1269 2779 1310 2801 ex
1330 2766 1370 2799 E.
1390 2765 1482 2799 Aub.
1718 2764 1769 2798 16.
1795 2763 1917 2808 ἐναργῆ

350 2818 440 2852 Edd.
458 2819 576 2852 invitis
596 2818 681 2852 ΒΕ.
731 2817 768 2851 ὃν
786 2829 847 2862 pro
865 2818 909 2851 ὧν
926 2817 985 2850 iid.
1037 2816 1161 2850 Statim
1179 2829 1280 2849 ανειοι
1297 2824 1359 2858 pro
1376 2812 1415 2846 ἀν
1431 2811 1475 2845 ἰὀι
1495 2811 1534 2845 Ε.
1742 2819 1794 2855 17.
1821 2810 1917 2844 Haec

349 2865 401 2897 καὶ
419 2864 807 2908 ε’ξιιρῶ-ἇσθενὴσουσι
823 2864 884 2907 μὲν
902 2863 1029 2897 desunt
1045 2864 1079 2896 in
1101 2863 1202 2897 Pont.
1463 2859 1514 2892 18.
1541 2857 1594 2890 καὶ
1612 2857 1754 2891 accessit
1771 2868 1812 2890 ex
1831 2856 1917 2891 B.E.

354 2922 405 2953 19.
422 2911 462 2944 αὖ
480 2911 497 2954 ἢ
519 2912 605 2945 B.E.
624 2911 664 2945 αὖ
682 2913 712 2945 οἶ
732 2911 777 2945 D.
797 2912 827 2944 οἱ
844 2911 960 2953 ἄνομοι
978 2911 1021 2945 ὡς
1039 2909 1130 2944 Edd.
1275 2918 1328 2941 20.
1354 2919 1502 2949 ειρηκοσι
1522 2904 1562 2938 Ε.
1706 2915 1758 2938 22.
1776 2903 1917 2938 ἀστείως

349 2959 524 3001 assumpsi
541 2970 581 2992 ex
604 2959 692 2992 1).Ε.
903 2966 956 3000 25.
984 2957 1063 2990 κατὰ
1082 2957 1118 2989 τὸ
1138 2967 1199 2999 pro
1217 2955 1284 2989 τοῖς
1301 2952 1589 2997 monam-miuus
1608 2951 1708 2985 l’ont.
