2070 3387
107 172 172 211 vii.
198 184 294 224 4-7.
461 173 531 213 IN
575 174 923 212 ZACHARIA
943 173 1000 211 M.
1062 172 1214 212 TOM.
1251 171 1335 210 ΠῘ.
1610 171 1690 210 3ῖῦ

170 295 283 342 ὑμεῖς
314 297 480 346 Πένετε;
520 298 592 351 οὐχ
627 294 740 337 οὗτοι
778 295 812 337 οἱ
855 299 968 342 Asu-01
1010 295 1112 337 εἰῡὶυ
1148 298 1219 335 οὒε
1254 296 1439 335 ἐλάλιιςε
1473 293 1617 347 Κύριοι,
1647 292 1690 331 ἐν

170 379 272 433 χειρὶ
324 379 407 418 τῶν
460 379 696 434 Προφιιτῶν
748 379 831 419 τῶν
882 381 1135 435 ἑμΠροῡωεν,
1185 380 1252 418 ὅτε
1313 376 1361 417 ἦν
1406 375 1688 431 Ἱερουῦαλιὶρι

171 462 478 509 κατοικουμένη
525 463 591 501 καὶ
634 463 884 510 εὐυιινωύςα,
922 462 987 501 καὶ
1035 460 1073 502 ui
1114 464 1259 502 Πύλειι.
1300 462 1428 501 αὐτῆς
1473 460 1692 507 κυκλόθεν,

171 545 238 585 καὶ
278 546 300 584 ἡ
340 546 485 600 ὀρεινὴ
527 547 593 586 καὶ
634 547 656 585 οἰ
699 546 847 586 Πεδινῂ
889 542 1148 599 κιιτῳκεῖτο;

62 664 83 701 5
185 650 399 718 ”Ηροντό
451 677 585 715 τινες,
642 656 703 708 ὡς
760 654 848 718 ἤδη
905 658 1145 720 προεῖπον,
1197 654 1301 718 περὶ
1360 656 1444 701 τοῦ
1495 649 1693 712 ἐπίκλην

103 733 398 799 ἁγιάσματος
443 736 550 788 τούς
591 759 639 786 τε
687 735 831 801 ἱερέας
870 739 944 786 καὶ
983 735 1089 789 τοὺς
1128 734 1394 802 προφήτας·
1435 730 1533 782 εἶτα
1573 729 1695 783 Θεὸς

103 817 412 881 ἀποκρίνεται,
456 822 549 868 τῶν
589 818 734 888 ἱερέων
785 820 859 868 καὶ
901 821 1161 884 προφητῶν
1202 815 1320 866 κατά
1371 837 1425 879 γε
1471 813 1525 864 τὸ
1572 811 1692 866 εἰκὸς

101 899 509 966 προσαγηοχότων
539 898 622 952 τὰς
657 898 805 960 λιτὰς,
834 901 907 949 καὶ
944 898 1014 949 ὅτι
1047 897 1282 964 προσήκοι
1320 901 1415 949 τοῖς
1452 895 1510 946 τὰ
1539 894 1691 945 τοιάδε

103 984 440 1047 φιλοπευστεῖν
482 981 727 1048 ᾑρημένοις
765 981 1101 1046 ἀποκρίνεσθαι
1141 983 1309 1047 σοφῶς
1346 976 1684 1028 διεσπουδακό-

38 1080 85 1105 10
103 1084 211 1112 των.
280 1060 376 1112 εἶτα
418 1063 485 1116 τίς
534 1064 558 1112 ὁ
594 1061 739 1127 λόγος
780 1064 804 1112 ὁ
849 1061 978 1127 παρὰ
1017 1066 1171 1121 Θεοῦ;
1215 1060 1397 1127 βραχύς
1435 1083 1482 1110 τε
1524 1061 1597 1110 καὶ
1639 1060 1692 1109 οὐ

102 1143 279 1208 μακρὸς
319 1147 393 1194 καὶ
432 1143 563 1195 οὐδὲν
603 1144 722 1211 ἔχων
761 1143 815 1193 τὸ
854 1144 1147 1209 περισκελές·
1195 1143 1305 1192 ἀλλ’
1346 1142 1400 1192 ἵν’
1443 1143 1588 1194 οὕτως
1628 1141 1689 1191 ε’ί-

102 1248 278 1288 πωμεν,
330 1226 506 1291 γυμνὸς
556 1227 629 1276 καὶ
686 1224 1042 1279 εὐαπάλλακτος
1095 1223 1181 1286 τὴν
1230 1228 1312 1274 τοῦ
1364 1223 1694 1290 συμφέροντος

102 1312 297 1372 γνῶσιν.
361 1309 410 1358 τί
447 1307 540 1373 γὰρ
582 1307 638 1371 δὴ
673 1306 726 1357 τὸ
770 1309 943 1374 χρῆμα,
990 1308 1156 1374 φησὶν,
1198 1309 1234 1355 εἷ
1274 1307 1348 1356 καὶ
1390 1305 1694 1364 remo-redamu-

102 1388 246 1457 τυχὸν
278 1390 315 1441 ἐν
350 1392 451 1444 ταῖς
490 1387 730 1457 πεΙμπτσιις
771 1389 846 1439 καὶ
891 1389 929 1439 ἑν
972 1391 1074 1442 ταῖς
1112 1384 1366 1455 ἑβδόμαις,
1407 1384 1435 1450 ἦ
1474 1387 1587 1436 ποία
1624 1408 1694 1439 τις

39 1490 84 1527 15
104 1470 227 1525 ὅλως
259 1470 551 1538 κατόρθωσις
584 1472 761 1536 ἀρετῆς,
792 1468 846 1520 τὸ
885 1468 1189 1535 ἐπολολύζειν
1227 1470 1421 1532 ἀμαθῶς
1459 1468 1611 1521 λίθοις
1643 1489 1694 1517 τε

102 1555 177 1603 καὶ
217 1553 381 1621 ξύλοις
422 1551 856 1618 ἐμπεπρησμε’νοις;
897 1551 999 1602 τίνα
1045 1552 1088 1601 δ’
1137 1548 1194 1601 ἂν
1233 1550 1410 1616 τρόπον
1447 1554 1542 1603 τοῖς
1581 1550 1691 1616 παρ’

104 1635 232 1698 ὑμῶν
276 1633 525 1701 δρωμένοις
564 1632 784 1702 ἐφήδοιτο
823 1633 848 1683 ὁ
889 1631 1024 1695 Θεὸς,
1064 1631 1139 1683 ὅτε
1184 1636 1279 1683 τῶν
1322 1632 1591 1697 ἀναγκαίων
1630 1634 1693 1685 εἰς

102 1715 268 1780 ὄνησιν
317 1715 608 1784 πεπραχότες
659 1715 804 1777 οὐδὲν,
850 1714 1002 1765 οἴεσθε
1053 1713 1172 1765 κατὰ
1221 1717 1354 1781 σφᾶς
1399 1712 1458 1763 τὰ
1499 1712 1692 1764 πάντων

102 1798 276 1863 ἄριστα
310 1803 597 1864 κατορθοῦν;
638 1799 675 1848 εἰ
709 1796 802 1863 γὰρ
837 1799 920 1860 τῆς
951 1795 1166 1860 τοιαύτης
1205 1794 1420 1859 δεδέημαι
1460 1796 1691 1859 νηστείας,

36 1903 85 1928 20
104 1881 179 1930 καὶ
221 1881 420 1930 ἐπαινεῖν
456 1879 589 1947 ἄξιον
630 1879 811 1942 κομμὸν
846 1879 1208 1943 γυναικοπρεπῆ,
1248 1876 1324 1928 διὰ
1362 1876 1502 1928 ποιάν
1541 1875 1691 1926 αἰτίαν

103 1959 459 2025 ἑβδομηκοστὸν
503 1960 603 2013 ε”τος
654 1967 793 2011 τοῦτο
837 1959 1196 2021 διατετελέκατε,
1241 1960 1406 2028 φησὶν,
1455 1959 1508 2008 οὐ
1559 1980 1690 2020 νενη-

102 2041 376 2103 στευκότες;
417 2043 732 2107 διατρίβοντες
758 2040 851 2107 γὰρ
886 2041 950 2092 ἔτι
982 2040 1112 2106 παρὰ
1146 2045 1242 2094 τοῖς
1271 2040 1607 2100 Βαβυλωνίοις,
1637 2039 1691 2088 οὐ

103 2125 323 2188 νηστείαν
358 2122 627 2175 τετελέκασι
665 2125 915 2186 δημοτελῆ,
953 2123 1064 2173 ἀλλ’
1103 2121 1206 2173 οὐδὲ
1242 2121 1398 2186 ἕτερόν
1435 2143 1479 2172 τι
1518 2124 1611 2171 τῶν
1642 2122 1691 2170 ἐν

103 2206 328 2275 συνηθείᾳ
354 2207 428 2256 καὶ
463 2205 660 2271 τρίβαις,
687 2203 788 2267 ἤτοι
827 2202 947 2255 κατὰ
987 2202 1130 2267 νόμον
1167 2201 1251 2254 τὸν
1278 2201 1536 2264 Μωυσέως,
1564 2203 1687 2253 ἀπο-

36 2304 84 2341 25
104 2287 333 2354 περαίνειν
367 2285 707 2339 ἐσπουδακότες
739 2287 898 2336 ἁλοῖεν
931 2284 1005 2336 ἄν.
1073 2283 1171 2336 εἶτα
1195 2289 1294 2338 πῶς
1326 2283 1524 2348 ἠλέησα,
1553 2285 1690 2352 φησὶ,

156 2466 184 2489 1.
201 2454 316 2498 πίνητε
332 2455 373 2489 C.
389 2454 490 2499 (147,
502 2464 542 2499 31
553 2453 603 2498 1.)
653 2453 741 2487 εἰσὶν
758 2452 901 2487 accessit
918 2465 959 2487 ex
975 2451 1015 2487 C.
1028 2452 1068 2497 (n
1079 2452 1179 2487 Alex.
1192 2451 1298 2496 XII.)
1312 2456 1391 2485 ante
1405 2451 1436 2484 οἱ
1449 2451 1483 2484 λ.
1499 2456 1630 2493 transp.
1646 2449 1689 2484 B.

106 2502 178 2546 (23.
196 2501 261 2545 al.)
480 2512 511 2534 2.
538 2501 625 2545 χειρὶ
646 2500 731 2533 B.C.
751 2500 822 2543 (23.
841 2500 900 2542 al.)
918 2499 1040 2543 χερσὶν
1058 2498 1152 2533 Edd.
1352 2508 1386 2542 3.
1412 2497 1512 2540 αὐτῆς
1529 2496 1691 2530 κυκλόθεν

105 2548 172 2582 hoc
190 2548 312 2582 ordine
331 2547 419 2581 B.C.
439 2547 479 2592 (N
496 2546 604 2591 XII.)
622 2547 760 2580 inverso
778 2545 899 2580 ordine
917 2545 1009 2579 Edd.
1028 2545 1141 2588 (Vat.)
1439 2552 1472 2585 5.
1499 2542 1628 2586 εἴροντο
1648 2541 1690 2577 C.

106 2593 140 2627 6.
169 2594 266 2628 Haec
283 2592 588 2639 εἶτα-προφητῶν
606 2592 734 2627 desunt
751 2592 786 2625 In
806 2591 897 2625 Edd.
915 2592 1033 2625 invitis
1053 2590 1191 2626 B.C.D.
1321 2599 1351 2634 7.
1377 2604 1417 2634 γε
1437 2589 1523 2624 B.C.
1541 2589 1577 2622 δέ
1597 2588 1689 2622 Edd.

107 2640 140 2674 8.
167 2641 208 2674 τὰ
222 2641 302 2674 λιτὰ
320 2640 363 2675 Β.
575 2651 609 2684 9.
635 2640 755 2683 σοφῶς
774 2638 814 2673 C.
833 2639 956 2683 σαφῶς
974 2637 1066 2672 Edd.
1295 2648 1307 2670 Ι
1319 2648 1347 2671 1.
1372 2636 1577 2681 περισκεπές
1595 2634 1688 2669 Edd.

110 2695 165 2731 15.
190 2687 300 2722 λίθοις
317 2701 353 2720 τε
370 2686 424 2720 καὶ
441 2686 557 2729 ξύλοις
574 2686 641 2720 hoc
659 2685 779 2719 ord'me
799 2684 839 2719 C.
1102 2682 1155 2718 16.
1181 2682 1214 2717 δ’
1233 2681 1273 2717 ἂν
1289 2681 1627 2727 τρόπον-ἐφήδοιτο
1646 2681 1688 2715 C.

106 2733 142 2767 δέ
159 2732 413 2778 τρ.-ε’φήδοιτ’
431 2732 472 2768 ἂν
489 2732 581 2767 Edd.
633 2732 759 2766 Statim
776 2733 794 2765 ὁ
811 2743 881 2765 om.
901 2729 942 2764 C.
1259 2729 1313 2764 18.
1337 2728 1471 2764 οἴεσθαι
1490 2728 1531 2762 C.
1580 2728 1689 2761 πάντα

106 2779 198 2813 Edd.
217 2780 288 2814 inv.
308 2779 397 2813 B.C.
696 2789 751 2812 20.
778 2778 912 2822 νομικὸν
929 2788 992 2821 pro
1010 2777 1137 2820 κομμὸν
1153 2775 1213 2811 iid.
1507 2785 1561 2808 21.
1587 2775 1687 2807 τοῦτο

106 2825 251 2859 accessit
268 2838 309 2860 ex
329 2825 370 2860 C.
420 2824 690 2860 διατετελεὺκατε
710 2824 801 2858 Edd.
820 2830 899 2858 ante
918 2823 1051 2868 Migne.
1336 2832 1391 2866 23.
1418 2821 1494 2854 οὐδὲ
1512 2820 1627 2864 ἕτερόν
1645 2819 1686 2854 C.

106 2870 181 2906 οὐδ’
206 2871 321 2916 ἕτερόν
345 2872 388 2906 Β.
412 2872 588 2916 οὐδέτερόν
611 2871 704 2905 Edd.
777 2874 843 2905 τῶν
868 2870 902 2905 ἐν
919 2885 953 2904 σ.
981 2870 1034 2903 καὶ
1058 2869 1190 2913 τρίβαις
1206 2870 1278 2912 ἤτοι
1296 2872 1517 2902 accesserunt
1534 2878 1574 2900 ex
1594 2866 1687 2900 C.D.

108 2928 163 2960 24.
190 2918 287 2963 κατὰ]
312 2922 349 2959 —I-
370 2920 429 2953 τὸν
446 2918 539 2954 Edd.
557 2918 675 2953 invitis
695 2916 787 2953 C.D.
942 2925 997 2961 25.
1022 2915 1138 2951 ἁλοῖεν
1154 2914 1210 2960 ἅν]
1230 2913 1465 2960 ἀλληφήσειεν
1481 2912 1521 2948 ἂν
1539 2912 1628 2958 (Sic)
1648 2912 1689 2948 C.

106 2963 163 2998 ἁλ.
179 2962 221 2999 ἂν
237 2964 340 2999 habet
359 2965 405 3000 D.

1716 231 1739 267 l,

1716 302 1730 334 5

1712 1728 1739 1768 d
