2018 3387
89 648 110 683 5

66 1064 112 1087 10

68 1883 116 1908 20

71 2284 119 2322 25

514 196 583 235 IN
631 195 1064 235 MALACHIAM.
1127 193 1276 232 ῚῸΜ.
1319 193 1347 229 Ι.
1641 190 1722 228 517

131 306 289 369 μήτως
331 311 404 358 καὶ
448 310 668 361 ἐπιεικῶς.
727 306 1068 373 προσεκόμιζον
1107 305 1191 368 μὲν
1230 303 1323 370 γὰρ
1367 305 1429 355 εὶς
1471 302 1641 352 θυσίαν
1681 305 1721 350 οἱ

132 390 239 438 λαοὶ
274 387 332 438 τὰ
363 389 560 453 συνήθη,
587 388 716 452 πλὴν
743 390 796 439 οὐ
832 388 1025 454 σφόδρα
1059 384 1489 454 πεφροντισμένως,
1517 384 1722 449 ὀκνηρῶς
1742 391 1767 430 (l

132 469 178 519 δὲ
223 475 414 532 μᾶλλον
457 474 532 521 καὶ
578 471 981 534 κατημελημένως.
1036 468 1095 519 τὰ
1137 468 1230 534 γὰρ
1275 467 1494 533 αἰσχίονα
1540 469 1634 515 τῶν
1676 466 1724 514 ἐν
1787 463 1915 536 ᾖξ’-Π·Ὶί·

129 553 378 615 ποιμνίοις,
429 550 655 618 ἆῤῥωστά
698 575 746 602 τε
793 555 867 602 καὶ
914 551 1112 614 ἀδόκιμα
1157 552 1406 615 προσῆγον
1447 552 1513 617 τῷ
1558 552 1722 599 θυσια-

131 634 328 702 στηρίῳ.
383 634 732 700 προσεδέχοντο
769 633 816 684 δὲ
854 637 894 684 οἱ
933 636 1078 699 ἱερεῖς,
1106 632 1268 696 μηκέτι
1295 635 1725 694 μωμοσκοποῦντες

132 714 251 765 κατὰ
291 715 373 765 τὸν
414 715 569 778 νόμον,
610 715 674 778 μὴ
713 714 874 782 χωλὸν
900 712 929 778 ἢ
962 714 1233 778 ὠτότμητον
1260 712 1288 776 ἢ
1326 712 1663 778 κολοβόῤῥινον
1695 709 1724 774 ἢ

132 795 478 862 κολοβόκερκον
503 796 531 861 ἢ
559 801 852 864 ψωραγριῶν
885 795 912 860 ὴ
947 799 1166 862 λειχῆνας
1198 795 1306 862 ε”χον
1334 792 1362 857 ἦ
1396 792 1621 859 μονόρχες
1659 792 1726 856 ε’ίη
1789 795 1948 875 {JV-3⁸⁸³·

131 877 185 928 τὸ
212 878 505 945 προσαχθέν.
549 877 804 942 ἀπόβλητα
823 877 916 944 γὰρ
938 879 962 928 ὁ
992 877 1132 940 νόμος
1158 877 1297 928 ἐποίει
1325 876 1475 926 ταυτί“
1519 876 1651 940 ὕβρις
1679 874 1726 925 δὲ

131 958 188 1023 ἦν
214 959 267 1009 τὸ
296 963 467 1026 χρῆμα,
494 963 568 1011 καὶ
596 960 752 1025 ἕτερον
779 961 925 1011 οὐδέν.
981 958 1273 1023 κατημέλουν
1301 957 1347 1008 δὲ
1381 959 1456 1008 καὶ
1493 957 1658 1022 ἑτέρως
1686 958 1727 1006 οἱ
1745 972 1766 998 0

133 1044 263 1106 ἱερεῖς
305 1044 379 1092 καὶ
418 1047 512 1095 τοῖς
554 1041 642 1093 ὑπὸ
682 1047 815 1109 χεῖρα
856 1046 1001 1103 λαοῖς,
1044 1042 1147 1107 οὐχὶ
1187 1039 1245 1090 τὰ
1288 1042 1336 1090 ἐκ
1383 1039 1539 1102 νόμων
1578 1038 1729 1103 ὀρθῶς

133 1123 471 1189 εἰσηγούμενοι,
511 1126 585 1174 καὶ
620 1128 1032 1189 παιδαγωγοῦντες
1071 1122 1270 1175 ἀστείως
1313 1125 1375 1175 εἷς
1421 1120 1474 1171 τὸ
1515 1123 1581 1188 τῷ
1622 1123 1730 1188 Θεῷ

134 1208 316 1268 δοκοῦν,
344 1207 454 1255 ἀλλ’
484 1210 546 1259 εἰς
571 1205 792 1258 ε’κτόπους
817 1205 1054 1273 ε’ξιτηλίας
1079 1203 1317 1255 ἀπονεύειν
1344 1204 1520 1263 ἐῶντες,
1545 1203 1619 1251 καὶ
1647 1203 1729 1264 τῆς

136 1288 311 1340 εὐθείας
358 1287 449 1356 ἔξω
494 1288 724 1355 φέρεσθαι
765 1288 945 1353 τρίβου.
999 1288 1073 1338 καὶ
1113 1285 1175 1338 εἷς
1213 1284 1299 1347 μὲν
1337 1284 1471 1337 οὗτος
1510 1286 1592 1346 τῆς
1631 1284 1728 1333 ἐπι-

133 1368 354 1437 πλήξεως
381 1370 569 1435 τρόπος·
613 1370 765 1435 ἕτερος
798 1369 845 1420 δὲ
877 1368 996 1434 πρὸς
1026 1368 1176 1437 τούτῳ
1207 1371 1302 1420 τοῖς
1332 1366 1390 1434 ἐξ
1411 1363 1628 1431 Ἰσραὴλ,
1656 1365 1724 1415 ἐπ’

135 1452 300 1505 αἰτίαις
335 1452 581 1505 τοιαύταις.
634 1454 676 1502 οἱ
711 1450 795 1514 μὲν
821 1450 915 1516 γὰρ
951 1451 1188 1518 ε’ῤῥῶσθαι
1224 1446 1497 1516 φράσαντες
1533 1451 1632 1499 ταῖς
1667 1450 1728 1498 εἰς

134 1537 357 1597 γυναῖκας
384 1534 763 1599 φιλοστοργίαις,
785 1531 883 1583 εἶτα
909 1531 1104 1593 βιβλίον
1131 1531 1433 1582 ἀποστασίου
1458 1531 1728 1596 ῥιπτοῦντες
1747 1548 1769 1570 a
1802 1539 1881 1572 818
1899 1537 1947 1570 A·

135 1616 307 1677 αὐταῖς,
333 1617 407 1665 καὶ
434 1617 500 1666 ἐπ’
530 1616 678 1666 οὐδενὶ
713 1619 808 1666 τῶν
835 1613 1026 1665 ἀτόπων
1050 1613 1156 1664 ἔσθ’
1187 1612 1261 1664 ὅτε
1299 1609 1725 1676 κατεγνωσμέναις,

135 1696 482 1748 συνεπλέκοντο
514 1697 597 1760 μὲν
625 1696 810 1763 ἑτέραις,
845 1696 992 1765 ᾤοντο
1034 1694 1096 1757 δὲ,
1130 1694 1200 1746 ὅτι
1233 1695 1329 1744 κατ’
1360 1691 1520 1743 οὐδένα
1552 1691 1728 1757 τρόπον

136 1785 344 1831 λυποῦσι
373 1778 511 1842 Θεὸν,
538 1777 625 1829 κᾶν
650 1783 688 1829 εἰ
715 1777 898 1829 ἕλοιντο
924 1783 1064 1828 τοῦτο
1089 1780 1218 1842 δρᾶν.
1271 1775 1416 1841 ἕτεροι
1453 1772 1500 1823 δὲ
1537 1774 1595 1823 αὖ
1628 1777 1728 1827 ταῖς

135 1865 229 1911 τῶν
273 1860 571 1928 ἀλλοφύλων
613 1861 916 1923 ἐπεμαίνοντο
961 1856 1242 1924 θυγατράσι,
1285 1857 1434 1906 καίτοι
1479 1858 1722 1920 διακεκρα-

136 1942 274 2007 γότος
301 1947 384 1992 τοῦ
412 1941 555 2006 νόμου
589 1945 762 2009 σαφῶς
789 1948 816 1970 “
838 1938 942 2003 Τὴν
967 1938 1203 2005 θυγατερα
1237 1960 1328 1989 σου
1364 1938 1417 1988 οὐ
1454 1936 1623 1990 δώσεις
1661 1939 1727 2004 τῷ
1793 1943 1948 1973 Deum.

138 2031 163 2053 ‘⁶
192 2026 272 2092 υἱῲ
298 2024 440 2074 αυτοῦ
472 2047 547 2074 και
579 2045 665 2087 την
691 2021 925 2088 θυγατερα
961 2021 1103 2072 αυτοῦ
1138 2021 1191 2071 οὐ
1224 2018 1364 2087 λήψῃ
1398 2022 1464 2087 τῶ
1499 2021 1581 2068 υἱῶ
1615 2037 1723 2067 σου·
1791 1996 1821 2025 3
1842 1998 1871 2024 4

137 2112 165 2134 ‘⁶
192 2103 461 2169 ἀποστήσει
494 2104 586 2170 γὰρ
621 2104 704 2155 τὸν
737 2103 834 2155 υἱόν
866 2127 958 2154 σου
992 2103 1071 2153 ἀπ’
1098 2103 1223 2165 ἐμοῦ,
1251 2103 1326 2152 καὶ
1360 2069 1599 2166 πορευθειὶς
1631 2105 1722 2149 λα-

139 2194 166 2217 “
191 2186 374 2253 τρεύσει
423 2190 542 2240 θεοῖς
587 2184 795 2253 ἑτέροις.”
868 2185 1030 2251 γε’γονε
1083 2182 1129 2235 δὲ
1178 2182 1357 2249 μακρὸς
1408 2183 1512 2247 περὶ
1560 2179 1727 2231 τούτου
1748 2186 1774 2226 b

140 2269 285 2335 λόγος
323 2272 398 2321 καὶ
436 2271 484 2321 ἐν
521 2275 617 2324 τοῖς
655 2275 738 2320 τοῦ
769 2268 963 2336 ’Ἐσδρα
1001 2269 1228 2329 βιβλίοις.
1285 2267 1393 2318 ὅθεν
1431 2264 1548 2318 τινὲς
1586 2263 1727 2316 αὐτὸν
1792 2266 1922 2340 itfsdr.

141 2350 565 2414 ὑπολαμβάνουσιν
592 2349 705 2401 εἶναι
732 2349 813 2402 τὸν
841 2351 1118 2417 Μαλαχίαν.
1171 2349 1263 2416 ἔχει
1296 2346 1344 2398 δὲ
1377 2348 1464 2413 οὐχ
1496 2347 1642 2399 οὕτως
1672 2344 1726 2397 τὸ

140 2431 327 2497 ἀληθές.
385 2434 460 2482 καὶ
486 2431 545 2482 τὰ
570 2432 654 2494 μὲν
679 2435 761 2496 τῆς
787 2431 1082 2500 ἐπιπλήξεως
1106 2432 1154 2481 ἐν
1180 2430 1375 2482 τούτοις·
1429 2430 1477 2478 ἐν
1503 2427 1557 2478 δέ
1581 2450 1633 2493 γε
1660 2432 1726 2496 τῷ

140 2514 261 2565 τέλει
296 2518 376 2577 τῆς
412 2514 701 2582 προφητείας
736 2512 818 2564 τὸν
849 2515 955 2579 περὶ
989 2515 1071 2576 τῆς
1104 2517 1187 2563 τοῦ
1215 2513 1434 2575 Σωτῆρος
1459 2509 1590 2573 ἡμῶν
1615 2510 1727 2559 ἀνα-

142 2597 324 2666 δείξεως
379 2600 575 2647 ποιεῖται
627 2593 789 2660 λόγον,
842 2593 922 2645 ἅτε
972 2593 1030 2657 δὴ
1081 2592 1357 2657 μελλούσης
1406 2589 1461 2642 τὸ
1510 2590 1723 2654 τηνικάδε

190 2727 223 2764 5.
248 2717 380 2764 μηκετι]
402 2717 511 2753 οὐκετι
530 2717 623 2752 Edd.
794 2716 828 2751 6.
852 2716 897 2760 μὴ
918 2716 965 2750 D.
985 2716 1077 2750 Edd.
1082 2716 1126 2774 ”cl
1142 2716 1179 2749 in
1197 2726 1318 2749 rasura
1337 2714 1377 2748 B.
1444 2715 1666 2759 κολοβόρινον
1686 2714 1727 2748 Β.

145 2775 176 2810 7.
201 2767 382 2810 μονόρχιον
400 2766 447 2799 D.
473 2764 492 2809 ἢ
517 2765 682 2809 μονόρχες
706 2774 776 2797 om.
805 2763 847 2797 Β.
914 2762 1039 2796 Statim
1066 2777 1114 2806 ειη
1135 2763 1173 2795 τὸ
1197 2760 1396 2806 προσαχθεν
1413 2767 1595 2804 assumpta
1618 2772 1659 2794 ex
1684 2760 1726 2793 B.

144 2812 271 2846 desunt
289 2824 324 2845 ln
344 2813 389 2845 D.
658 2810 691 2843 8.
717 2809 898 2853 ἀπόβλητα
914 2809 980 2854 γὰρ
998 2810 1016 2842 6
1035 2810 1134 2853 νόμος
1151 2808 1256 2842 ἐποίει
1273 2807 1370 2841 ταυτί
1387 2807 1429 2841 Β.
1447 2807 1645 2850 ἀπόβλητον
1660 2807 1727 2852 γὰρ

143 2859 162 2891 6
179 2859 279 2901 νόμος
296 2858 441 2891 ἐποιεῖτο
458 2856 556 2891 ταυτί
574 2857 618 2890 D.
637 2856 818 2899 ἀπόβλητα
834 2856 899 2900 γὰρ
918 2856 1063 2890 ε”τοιεῖτο
1081 2857 1184 2889 ταῦτα
1201 2856 1219 2888 6
1237 2855 1336 2897 νόμος
1354 2853 1445 2887 Edd.
1583 2864 1635 2887 10.
1661 2856 1727 2886 τῶν

144 2904 309 2948 ὑποχεῖρα
329 2904 410 2949 [ὑπὸ
427 2905 526 2949 χεῖρα
544 2901 684 2948 Migne]
703 2904 796 2936 λαῶν
814 2901 905 2935 Edd.
1092 2912 1145 2935 11.
1172 2901 1315 2936 ἀστείως
1331 2905 1553 2943 assumptum
1572 2911 1613 2933 ex
1633 2899 1675 2934 Β.
1679 2900 1726 2933 D.

149 2949 200 2983 16.
226 2950 450 3030 ἀποστάὸεως
468 2948 559 2984 Edd.
717 2949 769 2983 18.
795 2948 832 2983 δὲ
851 2948 893 2983 Β.
911 2962 946 2982 τε
967 2946 1366 2992 1).ὶ1(1.19.αῧ
1383 2952 1606 2991 assumptum
1624 2958 1665 2980 ex
1685 2945 1726 2980 B.

145 2996 194 3030 ἀει
213 3008 275 3040 pro
293 3011 333 3030 av

889 3062 1009 3100 4A2
