2018 3387
132 167 189 208 iii.
215 168 254 217 6,
280 177 316 219 7.
495 165 566 206 IN
610 164 1049 206 MALACHIAM.
1110 163 1264 204 TOM.
1300 162 1359 204 ΙΙ,
1637 161 1717 200 605

133 278 283 328 ἐκεῖνα
339 276 422 338 μὲν
471 274 529 326 τὰ
590 275 862 338 λεληθότως
913 276 987 325 καὶ
1049 277 1110 327 ὡς
1169 275 1217 323 ἐν
1267 270 1426 322 σκότει
1487 269 1718 335 δρώμενα·

133 357 430 424 προσεπάγει
469 355 618 423 γεμὴν
656 358 811 410 αὐτοῖς
852 359 926 407 καὶ
967 356 1027 407 τὰ
1070 357 1270 424 ἐμφανῆ,
1314 354 1367 404 τὸ
1413 355 1724 419 ἀποστερῆσαι

134 439 286 508 μισθόν
331 443 452 507 φημι
499 437 729 506 μισθωτοῦ,
772 438 1051 506 πλεονεξίαν
1094 459 1143 487 τε
1189 438 1263 486 καὶ
1312 431 1720 495 καταθυνοισ-τείαν,

135 520 194 585 ἦν
237 519 295 571 ἂν
337 519 544 571 ποιοῖντό
589 542 708 573 τινες
758 518 876 570 κατὰ
921 523 1015 569 τῶν
1060 517 1428 583 ἀσθενεστέρων,
1474 519 1623 583 χηρῶν
1667 513 1724 578 δὴ

95 603 264 668 5λε’γω
307 604 382 652 καὶ
424 606 640 670 ὀρφανῶν.
705 601 997 667 προστίθησι
1039 600 1087 650 δὲ
1130 598 1309 651 τούτοις
1354 600 1429 648 καὶ
1470 597 1577 651 τοὺς
1618 600 1721 648 δια-

137 683 430 751 στρέφοντας
462 682 522 734 τὰ
553 683 671 749 ὀρθὰ
702 688 796 734 τῶν
827 682 1063 748 κριμάτων
1095 683 1168 731 καὶ
1204 679 1299 734 τους
1334 679 1394 748 μὴ
1431 679 1724 748 φοβουμένους
1744 686 1771 726 b

138 764 294 816 αὐτόν.
360 765 486 816 οὗτοι
532 764 569 815 δ’
614 763 673 815 ἂν
714 762 801 815 εἷεν
847 766 923 814 καὶ
968 767 1010 813 οἱ
1055 763 1163 813 καθ’
1208 761 1363 827 ἕτερόν
1408 784 1511 812 τινα
1551 760 1728 827 τρόπον

137 846 268 913 παρά
300 870 355 912 γε
389 845 497 900 τοὺς
533 847 701 912 ἀρτίως
737 847 847 910 ἡμῖν
878 845 1141 911 εἰρημένους
1179 850 1434 897 λυποῦντες
1470 843 1553 893 τὸν
1585 842 1724 893 Θεόν.

141 929 301 997 ἔσομαι
333 929 489 979 τοίνυν
516 931 639 996 φησὶ
671 927 828 994 κριτὴς
863 931 938 978 καὶ
973 926 1142 996 μάρτυς
1176 924 1321 988 ταχὺς
1356 928 1429 976 καὶ
1466 923 1729 988 αὐτόμολος

73 1033 122 1059 10
142 1011 213 1062 ἐπὶ
251 1009 521 1079 φαρμακους
557 1015 633 1061 καὶ
672 1006 974 1078 μοιχαλίδχοις,
1006 1011 1081 1058 καὶ
1113 1007 1220 1061 τοὺς
1251 1011 1346 1058 τῶν
1376 1007 1543 1072 ἑτέρων
1575 1010 1730 1056 κακῶν

139 1092 454 1156 ἐπιτηδευτάς.
535 1091 655 1146 εἰκὸς
704 1091 752 1142 δὲ
805 1091 861 1154 δὴ
913 1089 972 1140 τὰ
1021 1088 1173 1140 τοιάδε
1226 1089 1324 1138 κατ’
1376 1090 1518 1139 ἐκεῖνο
1569 1092 1730 1152 καιροῦ

141 1178 415 1237 τολμᾶσθαι
453 1172 583 1240 παρά
621 1196 733 1235 τισι,
773 1174 848 1224 καὶ
887 1173 954 1224 ἐπ’
992 1171 1147 1224 αὐτοῖς
1186 1171 1403 1235 γίνεσθαι
1443 1169 1562 1220 κατὰ
1606 1173 1732 1220 Θεοῦ

142 1254 230 1319 τὴν
268 1260 362 1306 τῶν
402 1260 603 1306 πολλῶν
642 1255 1012 1321 γλωσσαλγίαν.

219 1342 311 1388 Δεῖ
345 1336 401 1400 δὴ
441 1338 521 1387 οὖν
552 1337 644 1403 ἄρα
683 1338 824 1387 παντὶ
865 1336 1022 1386 σθένει
1063 1337 1394 1400 παραιτεῖσθαι
1434 1331 1494 1383 τὰ
1534 1331 1731 1397 πονηρὰ,

78 1438 126 1477 15
147 1421 221 1469 καὶ
256 1423 353 1472 τοῖς
391 1419 633 1482 ἀμείνοσιν
671 1417 941 1485 ἐπιτρέχειν,
984 1417 1060 1467 καὶ
1098 1416 1425 1481 ἀποπεραίνειν
1463 1415 1772 1481 ἐπείγεσθαιθ

145 1498 205 1550 τὰ
256 1501 310 1550 δι’
355 1497 420 1550 ῶν
464 1499 522 1551 ἂν
567 1499 748 1565 γένοιτό
793 1522 861 1553 τις
907 1499 1097 1550 ἐπαίνου
1147 1497 1324 1551 παντὸς
1373 1499 1447 1547 καὶ
1498 1496 1733 1549 ἐπιεικείας

144 1580 374 1644 ἔμπλεως.
453 1581 701 1648 ἀμοιρήσει
745 1581 839 1647 γὰρ
885 1582 1005 1631 οὕτω
1055 1582 1131 1631 καὶ
1175 1584 1270 1629 τῶν
1315 1580 1364 1629 ἐκ
1416 1578 1540 1631 θείας
1589 1579 1734 1644 ὀργῆς

147 1664 565 1726 ἐποισθησομένων
606 1669 701 1718 τοῖς
750 1663 939 1714 εἰωθόσι
988 1666 1299 1726 πλημμελεῖν,
1344 1660 1479 1711 ε”σται
1530 1659 1577 1710 δὲ
1622 1659 1735 1709 ε’ίσω

148 1745 223 1794 καὶ
262 1749 412 1810 γερῶν
450 1747 524 1796 καὶ
564 1744 724 1814 δόξης,
768 1743 832 1795 ῶν
872 1743 929 1795 ἂν
968 1742 1146 1807 ἐπιδοίη
1186 1742 1308 1796 Θεὸς
1347 1746 1442 1795 τοῖς
1482 1743 1736 1806 ἀγαπῶσιν

80 1850 130 1876 20
149 1825 305 1876 αὐτόν.

150 2060 269 2103 Διότι
305 2060 392 2108 ἐγὼ
429 2061 580 2118 Κύριος
615 2062 638 2103 ὁ
672 2061 781 2104 Θεὸς
819 2061 950 2113 ὑμῶν,
986 2061 1055 2102 καὶ
1094 2061 1169 2102 οὐκ
1207 2057 1461 2107 ἠλλοίωμαι·
1513 2057 1581 2099 καῖ
1619 2055 1777 2106 ὑμεῖεὸ
1802 2067 1821 2106 7

220 2143 301 2186 υἱοὶ
331 2145 488 2194 Ἰακὼβ
526 2145 602 2185 οὐκ
638 2145 848 2201 ἀπέχεσθε
892 2144 978 2187 ἀπὸ
1015 2144 1100 2185 τῶν
1143 2143 1365 2200 ἁμαρτιῶν
1404 2142 1490 2184 τῶν
1534 2141 1735 2198 Πατέρων

220 2227 352 2278 ὑμῶν,
389 2227 635 2270 {semma-t
673 2228 828 2277 νόμιμά
866 2242 945 2276 μου
985 2226 1054 2268 καὶ
1091 2227 1167 2268 οὐκ
1204 2224 1490 2281 ἐφυλὰἓασθε.

227 2399 483 2467 Ἐξίστησι
534 2398 682 2450 πάλιν
728 2397 894 2452 αὐτοὺς
939 2397 1145 2448 ἀνοσίων
1186 2396 1373 2445 ἐννοιῶν
1417 2392 1492 2443 καὶ
1542 2390 1740 2458 προσέτι

88 2507 135 2544 25
155 2480 391 2549 ῥημάτων.
451 2480 504 2531 τὸ
540 2479 634 2546 γὰρ
674 2480 857 2530 οἴεσθαί
890 2501 1003 2540 πως,
1045 2476 1073 2541 ἢ
1114 2473 1492 2542 μετατετράφθαι
1529 2471 1612 2524 τὸν
1646 2477 1742 2523 τῶν

155 2563 283 2614 ὅλων
318 2560 442 2613 Θεὸν
476 2561 569 2613 ἀπό
604 2584 658 2627 γε
691 2566 775 2612 τοῦ
815 2561 968 2611 θέλειν
994 2558 1053 2610 τὰ
1088 2556 1244 2624 ἀγαθὰ
1277 2555 1394 2622 πρὸς
1425 2554 1480 2606 τὸ
1515 2555 1739 2614 ἐναντίον,

156 2643 185 2708 ἢ
220 2646 410 2709 ἀγαπᾶν
444 2642 528 2706 μὲν
560 2642 708 2694 οὐκέτι
745 2641 829 2705 τὴν
856 2640 1170 2703 δικαιοσύνην,
1205 2637 1523 2704 ἀποδέχεσθαι
1557 2635 1605 2687 δὲ
1635 2634 1743 2688 τοὺς

207 2831 240 2865 3.
265 2819 389 2863 μισθόν
405 2820 494 2865 φημι
512 2818 579 2852 hoc
596 2816 718 2851 ordine
738 2817 780 2850 B.
935 2815 968 2849 8.
994 2816 1053 2849 τὸν
1069 2820 1292 2858 assumptum
1310 2825 1351 2848 ex
1371 2813 1414 2848 Β.
1572 2822 1625 2846 12.
1650 2811 1744 2857 γενέ-

161 2867 243 2901 σθαι
262 2866 353 2900 Edd.
526 2865 577 2898 18.
604 2862 703 2908 εἵσω]
723 2863 793 2897 ἔσω
811 2861 870 2896 iid.
938 2861 1064 2895 Statim
1083 2861 1135 2894 καὶ
1153 2872 1223 2894 orn.
1246 2860 1284 2893 Β.
1456 2870 1511 2893 21.
1536 2856 1742 2904 ἦλλοίωμαι]

161 2913 363 2955 ἇλλοιοῦμιιι
382 2912 420 2946 F.
439 2910 532 2945 Aub.
551 2910 732 2952 ἀλλιοῦμαι
752 2909 854 2944 Pont.
920 2906 1029 2952 ὑμεῖς]
1055 2912 1091 2947 —†-
1112 2908 1144 2940 οἷ
1163 2906 1254 2941 Edd.
1274 2905 1397 2951 (Vat.)
1557 2916 1611 2939 22.
1637 2905 1744 2950 ἁμαρ-

163 2962 242 2993 τιῶν
261 2958 302 2994 Β.
323 2959 394 3001 (22.
414 2957 478 3001 al.)
496 2957 631 2991 ἀδικιῶν
649 2955 740 2990 Edd.
885 2955 940 2989 26.
965 2969 1003 2999 γε
1022 2965 1092 2989 om.
1113 2953 1155 2988 Β.
1300 2962 1356 2999 27.
1384 2952 1436 2986 καὶ
1454 2963 1518 2997 pro
1535 2951 1553 2995 ἦ
1574 2951 1666 2986 Edd.
