2049 3366
106 214 260 238 ASINUS.

104 322 247 369 Aquila,
269 322 416 358 divinae
445 322 630 358 vindictae
655 322 863 370 symbolum

164 389 236 422 117
260 387 305 432 d,
342 387 508 435 grandis,
540 399 761 434 magnarum
792 386 867 421 ala-

159 464 254 491 ruin,
302 452 398 498 apud
448 452 694 493 Ezechielem,
739 463 865 496 regem

160 515 405 563 Assyriorum
442 516 676 563 significabat
716 518 787 552 199
824 528 865 557 ος

160 580 280 627 pullos
301 592 387 615 suos
415 594 544 616 ainans
572 584 648 617 ‘105
669 593 713 628 fs;
748 579 867 627 pullos

161 656 249 680 suos
289 644 355 680 alis
399 645 685 692 supervolitans,
725 645 868 681 divinae

162 709 421 745 Providentiae
442 716 553 758 typus
574 712 650 746 867
673 723 705 745 e.

109 773 254 821 Aquila,
276 775 478 810 translator
509 775 721 822 Scripturac
750 774 871 809 nomi-

164 844 274 874 natur
328 842 404 875 310
456 839 504 883 b,

165 904 188 938 i.
216 906 277 944 11,
309 916 376 951 pro
412 904 563 945 Senaar,
599 904 710 940 habet
745 904 870 940 Senan

166 971 240 1004 401
265 969 301 1004 d.

111 1033 261 1080 Aquilo,
287 1033 503 1081 simpliciter
526 1034 775 1082 Assyriorum,
798 1034 873 1083 spi-

566 840 601 874 in
658 840 869 875 Michaeam

166 1098 349 1133 ritualiter
379 1098 554 1141 Satanae,
576 1100 770 1147 regionem
800 1099 874 1147 sig-

166 1163 293 1198 nificat
324 1165 400 1199 222
427 1176 467 1208 c;
505 1165 581 1201 223
610 1164 690 1208 ab;
727 1166 802 1200 667
825 1164 872 1209 d;

170 1230 245 1264 703
269 1227 348 1273 ab,
382 1228 470 1264 item
500 1241 568 1275 pro
597 1228 735 1277 frigida
763 1229 872 1265 affec-

167 1292 269 1328 tione
290 1292 402 1328 animi
425 1294 501 1328 668
524 1306 545 1328 a
560 1306 590 1328 c.

115 1357 272 1398 Arabes,
294 1357 441 1393 finitimi
459 1357 702 1400 Judaeorum,
722 1358 761 1393 in
781 1357 875 1393 valle

168 1422 352 1469 Josaphat
404 1429 616 1470 pugnantes
668 1423 877 1459 obruuntur

171 1488 247 1523 239
269 1499 300 1522 e.

116 1551 253 1587 Ararat-
272 1563 393 1593 mons,
415 1557 601 1597 aeternus,
619 1552 797 1589 Israelitis
818 1565 878 1588 ex-

170 1616 220 1651 ilii
242 1616 349 1652 sedes
370 1616 545 1652 diuturna
566 1619 642 1653 412
663 1617 700 1653 b.

117 1681 312 1723 Arbeseer,
327 1681 404 1717 dux
419 1682 751 1726 Samaritanorum,
764 1681 880 1718 mittit

172 1745 447 1794 interrogatum
477 1746 523 1782 de
551 1747 695 1795 jejunio
727 1749 801 1783 708
833 1747 879 1792 b,

174 1812 251 1846 709
273 1822 292 1846 c
304 1823 314 1856 ;
347 1813 423 1847 710
445 1811 480 1847 d.

119 1874 299 1915 Arbores,
327 1875 409 1910 Deo
437 1875 545 1916 irato,
572 1875 610 1910 in
641 1875 742 1911 silvis
770 1876 882 1912 mori-

174 1944 280 1975 entes
301 1938 561 1975 describuntur
582 1942 658 1976 270
680 1952 709 1977 e.

121 2004 301 2044 Arcades,
317 2004 420 2040 natio
441 2004 622 2052 quaedam
643 2005 741 2052 apud
760 2004 799 2040 M
807 2017 884 2041 em-

175 2069 291 2117 phim,
313 2074 355 2105 ut
374 2068 535 2111 videtur,
557 2069 628 2105 sita
652 2071 726 2106 129
748 2082 778 2106 e.

121 2133 393 2181 Archangelus‚
415 2146 437 2169 a
455 2133 550 2177 Deo,
572 2146 656 2169 cum
676 2135 776 2176 tuba,
797 2134 885 2170 mis-

178 2210 241 2234 sus
262 2198 485 2234 describitur
507 2201 581 2235 241
607 2198 643 2235 b.

124 2265 242 2299 Arcus
263 2262 415 2304 Christi,
436 2263 482 2299 de
501 2263 523 2298 J
530 2263 612 2304 uda,
636 2267 674 2298 et
694 2262 886 2311 Apostolis

179 2327 320 2362 dictum
343 2330 419 2363 740
441 2339 482 2373 a,
517 2327 692 2375 impletus
722 2328 810 2375 quid
840 2327 888 2363 sit

181 2395 259 2428 740
288 2391 333 2436 b;
378 2392 424 2427 de
453 2392 669 2427 doctoribus
698 2392 887 2428 Ecclesiae

181 2455 317 2491 dicitur
347 2458 423 2492 740
449 2456 493 2501 d3
531 2458 604 2492 741
629 2467 670 2501 ἃς
705 2456 789 2498 Dei,
817 2456 885 2491 mi-

181 2520 290 2556 nistri
322 2526 360 2556 et
388 2520 556 2567 Apostoli
587 2521 666 2568 ejus
698 2523 774 2556 740
804 2533 825 2556 a
845 2533 885 2565 e;

185 2587 258 2622 741
282 2597 326 2630 a;
356 2585 474 2620 Judas
494 2584 611 2620 tribus
633 2586 708 2620 748
731 2597 763 2620 a.

129 2651 241 2692 Area,
270 2649 484 2697 impiorum,
515 2661 536 2684 a
564 2649 649 2684 Deo
677 2648 887 2689 maledicta,

184 2720 316 2751 contra
335 2714 481 2762 piorum
503 2712 700 2748 benedicta
720 2714 795 2748 648
819 2724 841 2747 a
856 2724 887 2747 c.

130 2782 355 2828 Argentum,
384 2790 453 2825 pro
483 2777 652 2812 doctrina
680 2775 891 2823 intelligen-

186 2844 275 2879 dum
296 2845 346 2879 60
368 2843 447 2887 ab,
478 2841 565 2889 igne
585 2845 799 2888 purgatum,
821 2839 891 2874 Ec-

187 2907 320 2943 clesiae
333 2906 490 2943 afflictae
504 2905 714 2954 symbolum
730 2907 804 2942 794
820 2917 840 2941 a
852 2905 890 2949 b3

190 2973 266 3008 852
289 2971 323 3006 b.

642 203 704 238 ΙΝ
723 203 754 237 l)
773 203 849 237 EX
913 202 939 235 R
958 201 987 235 1«)
1006 201 1033 234 R
1052 201 1081 234 1]
1101 200 1155 234 M.

1615 196 1690 228 <113

939 328 959 339 ‘¹
976 319 1230 367 Arguentes‚’'
1263 318 1284 352 i.
1303 329 1334 352 e.
1362 318 1605 353 correctores,
1633 325 1696 347 vo-

990 384 1184 434 luptuariis
1205 382 1322 419 odiosi
1345 382 1421 416 646
1444 380 1479 414 d.

939 451 1090 486 Arianis
1112 447 1378 485 contradicitur
1401 447 1476 480 502
1500 457 1533 479 e.

938 515 1070 556 Arina,
1091 528 1157 562 pro
1179 513 1345 560 potentia
1366 511 1505 545 dictum
1529 509 1605 543 498
1629 506 1665 541 d.

938 582 1149 620 Arinatnra,
1173 578 1251 618 Dei,
1268 577 1385 624 qualis
1406 575 1465 615 sit,
1484 586 1556 621 quo
1578 572 1701 619 splen-

993 645 1081 679 dore
1104 644 1244 690 fulgeat
1268 645 1344 677 569
1366 640 1437 675 cd.

939 708 1130 749 Armenia,
1153 713 1342 746 montana,
1365 704 1464 740 exilii
1494 703 1597 738 locus
1628 699 1699 735 Sa-

993 773 1185 808 maritanis
1208 774 1283 808 288
1305 784 1335 806 (·.

940 838 1084 874 Armns
1131 838 1316 878 victimae,
1356 833 1500 870 roboris
1549 831 1701 879 symbo-

994 903 1069 938 lurn
1093 905 1168 937 8:35
1191 915 1211 936 a
1227 902 1261 936 h.

942 966 1149 1015 Arrogans,
1170 979 1237 1014 pro
1269 966 1370 1011 Rege
1400 961 1701 998 Nabuchodono-

996 1046 1057 1068 sor
1111 1032 1264 1072 dictum,
1313 1030 1402 1065 item
1567 1026 1705 1060 satana

998 1101 1073 1134 53⁸1
1097 1097 1133 1132 d.

942 1162 1178 1211 Arrogantia,
1201 1172 1309 1207 quam
1338 1159 1385 1194 sit
1406 1157 1489 1193 Deo
1515 1155 1646 1194 invisa,
1670 1158 1707 1188 et

1451 1040 1472 1075 l)
1478 1039 1518 1061 1”()

998 1228 1073 1264 cito
1095 1225 1258 1273 peritura
1280 1226 1352 1260 534
1379 1236 1410 1258 e.

945 1292 1184 1329 Artaxerxes,
1206 1290 1289 1324 Rex
1320 1288 1529 1329 Persarum,
1554 1282 1707 1319 Judaeis

999 1355 1138 1391 amicus
1161 1356 1236 1390 233
1259 1366 1289 1388 c.

946 1423 1031 1461 Asa,
1082 1420 1161 1455 Rex
1207 1417 1339 1458 hidae,
1388 1415 1547 1450 Ruinam

1001 1487 1076 1521 457
1099 1496 1128 1519 c.

948 1549 1076 1591 Asael,
1098 1548 1199 1584 vicus
1219 1548 1256 1582 in
1278 1550 1444 1582 extremo
1465 1541 1610 1578 Montis
1631 1539 1711 1575 Oli-

1595 1410 1709 1447 diruit

1001 1627 1131 1650 varum
1155 1615 1228 1649 797
1252 1623 1283 1647 c.

948 1679 1125 1721 Ascalon,
1158 1675 1347 1712 Idumaeis
1382 1678 1515 1709 contra
1546 1670 1711 1706 Judaeos

1003 1743 1182 1780 auxilium
1226 1741 1349 1776 ferens
1392 1740 1468 1774 35ss
1509 1749 1551 1780 c;
1603 1735 1710 1770 deso-

1002 1808 1137 1844 landus
1154 1805 1378 1854 praedicitur
1396 1805 1471 1838 594
1489 1814 1524 1845 e;
1549 1802 1625 1836 595
1643 1812 1662 1834 c
1676 1811 1711 1842 e;

1007 1875 1081 1908 597
1114 1884 1157 1913 e;
1201 1869 1290 1918 Tyri
1325 1867 1440 1904 exitio
1473 1864 1713 1914 perturbatur

1008 1939 1083 1974 732
1106 1949 1124 1972 c
1139 1936 1174 1970 d.

951 2002 1145 2042 Ascensio,
1167 1998 1321 2040 Christi,
1343 2009 1408 2045 per
1427 1995 1608 2031 visionem
1635 2005 1714 2028 sca·

1005 2067 1076 2108 lae,
1116 2065 1214 2114 patri
1251 2063 1372 2099 Jacob
1414 2063 1716 2108 praemonstrata

1009 2134 1084 2169 345
1101 2143 1136 2176 c;
1157 2134 1296 2168 nostra,
1312 2126 1464 2163 Christo
1478 2123 1714 2166 ascendente,

1007 2196 1196 2245 patefacta
1213 2195 1289 2230 346
1306 2192 1329 2227 b
1344 2204 1384 2236 c;
1412 2190 1457 2226 de
1474 2187 1715 2237 surgentibus

1008 2274 1030 2297 a
1059 2258 1238 2296 doctrinis
1265 2257 1494 2293 Graecorum
1525 2253 1573 2289 ad
1603 2251 1716 2287 subli-

1009 2325 1176 2361 mitatem
1206 2320 1401 2369 Evangelii
1429 2332 1495 2367 per
1524 2317 1717 2364 metapho-

1009 2403 1089 2426 ram
1120 2388 1253 2424 dieitur
1284 2388 1360 2422 425
1391 2397 1431 2429 c;
1468 2384 1513 2419 de
1543 2383 1717 2430 ingressu

1010 2453 1161 2490 victoris
1199 2450 1404 2499 cujusdam,
1445 2461 1477 2483 e.
1517 2460 1572 2497 gr.
1613 2445 1714 2494 Cyri,

1011 2519 1151 2555 dictum
1201 2517 1277 2552 496
1322 2515 1366 2559 d;

1013 2582 1197 2619 Gentibus
1244 2579 1291 2615 ad
1335 2577 1567 2614 adorandum
1609 2587 1714 2622 prae-

1012 2647 1111 2683 dicta
1132 2647 1208 2681 810
1229 2657 1261 2680 a.

958 2711 1109 2752 Asinus,
1131 2708 1323 2745 Christum
1343 2712 1509 2754 portans,
1530 2705 1619 2753 quid
1639 2704 1716 2752 sig-

1415 2513 1629 2549 relictorum
1672 2522 1716 2546 ex

1012 2773 1219 2810 nificaverit
1250 2774 1325 2809 736
1354 2784 1394 2817 c;
1435 2771 1522 2818 quid
1556 2781 1715 2817 genera-

1013 2839 1097 2874 liter
1128 2839 1203 2874 736
1225 2849 1266 2882 e,
1307 2837 1374 2872 sub
1403 2836 1486 2883 lege
1516 2835 1718 2875 Mosaieae,

1016 2902 1104 2950 quid
1143 2904 1216 2938 737
1257 2914 1301 2946 a,
1351 2900 1534 2949 segnioris
1577 2899 1718 2946 ingenii

1016 2974 1128 3016 typus
1151 2968 1226 3002 809
1248 2978 1281 3003 e.

1074 3045 1101 3082 4
1124 3042 1151 3068 N
1179 3042 1201 3071 2
