1997 3361
84 160 108 199 i.
140 172 200 214 13,
228 171 289 211 14.
521 159 594 199 IN
635 159 916 200 ABACUC.
977 159 1128 199 TOM.
1164 159 1196 199 1.
1601 158 1655 197 87

82 290 163 321 νας
202 267 430 318 πλέκουσι
468 272 563 321 τοῖς
603 267 970 333 ἀσθενεστέροις,
1014 271 1075 321 εἶς
1118 267 1290 320 ε’ννοιάς
1329 267 1354 316 ὁ
1397 264 1654 333 Προφήτης

81 347 213 402 εὐθὺς
250 349 497 399 τοιαυτασί
529 372 630 402 πως
665 349 931 414 ἀρπάζεται.
998 349 1139 414 μυρία
1174 347 1258 412 μὲν
1291 347 1384 413 γὰρ
1415 347 1508 397 ὅσα
1532 345 1656 396 δεινὰ

82 433 156 480 καὶ
192 429 481 498 παγχάλεπα
515 430 621 484 τοὺς
653 436 745 481 τῶν
778 432 1013 481 Ἰουδαίων
1052 430 1222 495 δήμους
1261 429 1502 496 εἴργασται
1540 426 1658 478 κακά

81 516 175 562 τῶν
216 514 534 573 Βαβυλωνίων
577 513 604 576 ἡ
651 513 867 577 ὠμοτάτη
913 513 1114 576 πληθὺς,
1163 512 1204 562 οἳ
1245 513 1319 562 καὶ
1359 514 1441 573 τῆς
1485 513 1698 560 ἑαυτῶνο

41 607 63 646 5
83 595 356 659 ἀγριότητος
406 594 490 658 τὴν
546 594 814 659 ὑπερβολὴν
871 599 932 647 εἰς
989 600 1126 645 τοῦτο
1179 594 1436 656 δεινότητος
1490 592 1661 657 μέτρον

82 675 417 742 παρεκόμισαν,
444 679 504 729 ὡς
539 677 652 741 μηδὲ
687 678 838 727 αὐτῶν
865 677 1163 743 ἀποσχέσθαι
1198 681 1291 726 τῶν
1324 676 1456 725 θείων
1481 674 1660 740 χώρων,

80 761 447 824 προσεμπρῆσαι
475 758 522 809 δὲ
557 763 651 812 τοῖς
676 758 1023 824 Ἱεροσολύμοις
1051 761 1125 809 καὶ
1151 758 1232 808 τὸν
1259 755 1508 820 διαβόητον
1535 754 1659 817 νεὼν,

82 842 157 890 καὶ
199 841 315 902 ὁμοῦ
355 846 449 894 τοῖς
491 840 726 905 ἀγελαίοις
760 839 865 893 τοὺς
907 844 999 890 τῶν
1041 841 1174 890 θείων
1212 838 1562 904 θυσιαστηρίων
1601 840 1660 887 ἱε-

81 923 306 988 ρουργοὺς
332 922 542 989 ἁρπάσαι
569 925 643 972 καὶ
669 926 950 985 βεβηλῶσαι
975 921 1033 972 τὰ
1066 920 1191 986 ἀγια,
1219 920 1336 971 κατὰ
1370 920 1422 971 τὸ
1455 942 1660 986 γεγραμ-
1720 926 1826 1001 2133<-

6 1021 64 1048 '10
81 1004 235 1067 με’νον.
302 1003 455 1068 ἐπειδὴ
491 1004 538 1055 δὲ
570 1004 683 1054 οἴκοι
718 1003 983 1069 γεγόνασιν,
1011 1005 1200 1067 εὕθυμοί
1230 1027 1278 1053 τε
1312 1003 1556 1063 διετέλουν,
1585 1003 1660 1051 καὶ
1722 997 1774 1046 2}-
1806 996 1812 1003 ¹

81 1091 290 1137 πλοῦτον
329 1087 411 1136 τὸν
451 1087 507 1155 ἐξ
544 1088 761 1151 ἁρπαγῆς
799 1086 994 1152 ἔχοντες,
1037 1087 1089 1135 οὑ
1131 1090 1224 1135 τῶν
1267 1084 1467 1137 ἀνοσίως
1506 1084 1659 1136 αὐτοῖς

82 1169 550 1232 πεπλημμελημένων
584 1167 842 1229 αἰτούμενοι
878 1168 1018 1229 δίκας,
1048 1169 1100 1217 οὐ
1139 1165 1332 1219 δεδιότες
1371 1163 1575 1232 ἐχθροὺς,
1605 1165 1658 1214 οὐ

82 1249 292 1313 πολέμου
315 1251 493 1304 πτοίας·
533 1248 976 1318 κατεξανιστάμενοι
1002 1249 1048 1300 δὲ
1069 1254 1257 1312 μᾶλλον
1278 1247 1497 1299 ἁπάντων
1518 1247 1659 1308 αὐτοὶ,
1679 1253 1705 1293 d

85 1333 160 1382 καὶ
192 1330 257 1382 ὧν
282 1331 340 1382 ἂν
366 1332 546 1382 ἕλοιντο
578 1337 968 1397 κατακρατοῦντες
996 1331 1209 1393 εὐκόλως,
1236 1332 1310 1381 καὶ
1338 1330 1662 1393 εὐημεροῦντες

15 1428 64 1468 15
85 1413 219 1480 ἄγαν,
248 1416 324 1464 καὶ
357 1419 456 1468 ταῖς
490 1418 584 1464 τῶν
621 1414 944 1465 ἀπολωλότων
982 1412 1337 1479 ἐναβρυνόμενοι
1376 1415 1658 1480 συμφοραῖς,

83 1497 160 1547 καὶ
192 1497 241 1546 ἐν
266 1495 548 1564 αὐχημάτων
580 1495 844 1560 ποιούμενοι
868 1495 997 1564 τάξει
1029 1494 1082 1546 τὸ
1114 1500 1176 1550 εἷς
1202 1494 1345 1560 ὀργὰς
1372 1491 1580 1559 ἀκρατὲς,
1607 1491 1661 1543 τὸ

84 1583 145 1632 εἰς
169 1578 442 1647 πλεονεξίας
469 1577 712 1646 ἀχάλινον,
740 1575 824 1641 τὴν
848 1577 965 1628 κατὰ
990 1577 1180 1628 πάντων
1208 1575 1454 1642 ὑπεροχήν.

160 1661 465 1724 Κατατέθηπε
509 1658 565 1724 δὴ
607 1660 687 1710 οὖν
728 1660 752 1709 ὁ
797 1658 1070 1727 Προφήτης,
1116 1657 1529 1725 κατευρυνομένους
1573 1657 1658 1706 αὐ-

82 1741 189 1796 τοὺς
233 1744 354 1808 ὁρῶν
397 1744 446 1792 ἐν
487 1741 758 1803 εὐπαθείαις,
800 1744 874 1792 καὶ
921 1744 1055 1793 θείων
1099 1742 1186 1806 ἤδη
1229 1739 1465 1806 κριμάτων
1511 1739 1654 1790 ἅπτε-

18 1845 67 1869 20
85 1848 172 1887 ται,
207 1827 281 1875 καὶ
319 1823 378 1874 τὰ
411 1829 561 1876 πᾶσιν
595 1823 810 1890 ἀζήτητα,
844 1825 918 1874 καὶ
953 1823 1171 1891 ἀνέπαφα
1210 1827 1273 1891 νῷ
1311 1824 1464 1884 παντὶ,
1503 1827 1655 1872 πολυ-

83 1910 370 1972 πραγμονεῖν
410 1908 629 1973 ἐπιχειρεῖ
665 1908 739 1956 καὶ
777 1904 1114 1968 ἀναμανθάνειν
1153 1906 1347 1972 εὔχεται,
1387 1904 1455 1956 τίς
1493 1901 1701 1954 λοιπὸνθ

86 1986 144 2038 ἀν
187 1987 254 2051 ε’ίη
295 1988 319 2037 ὁ
359 1986 503 2052 λόγος
545 1990 627 2051 τῆς
670 1989 790 2038 οὕτω
834 1992 1014 2054 μακρᾶς
1061 1987 1352 2056 ἀνεξικακίας
1388 1991 1470 2036 τοῦ
1507 1984 1661 2036 πάντα

86 2072 332 2140 ἰσχύοντος
359 2075 495 2134 Θεοῦ,
528 2074 589 2125 ὡς
627 2074 701 2122 καὶ
735 2077 830 2125 τοῖς
868 2073 988 2123 οὕτω
1030 2075 1323 2139 καταφρονεῖν
1361 2068 1549 2121 εἰωθόσι
1587 2070 1662 2119 καὶ

87 2155 287 2207 ἀνοσίως
322 2152 405 2222 ζῇν
436 2154 677 2220 ᾑρημένοις
707 2158 858 2220 πρᾶον
885 2154 990 2204 ἔσθ’
1018 2154 1093 2205 ὅτε
1128 2156 1201 2204 καὶ
1240 2152 1413 2218 ἥμερον
1445 2151 1526 2202 τὸν
1565 2152 1658 2218 ὀφ-

18 2250 68 2289 25
87 2234 273 2300 θαλμὸν
298 2236 471 2298 ἐνιέναι,
493 2237 567 2286 καὶ
593 2240 904 2302 παρασιωπᾶν
929 2237 1003 2286 καὶ
1028 2235 1276 2302 ἀνέχεσθαι
1303 2231 1663 2297 κατεδηδοκότος

87 2316 255 2384 ἀνδρὸς
287 2319 486 2378 ἀσεβοῦς
524 2319 771 2383 μονονουχὶ
803 2317 869 2368 τὶν
907 2318 1077 2380 ἐπιεικῆ
1116 2319 1192 2367 καὶ
1231 2313 1413 2367 δίκαιον.
1481 2314 1574 2365 ἀπὸ
1606 2313 1662 2376 δὴ

140 2504 169 2526 Ι.
189 2492 285 2527 εὐθὺς
302 2494 320 2525 ὁ
338 2493 454 2536 Προφ.
473 2492 543 2526 inv.
566 2490 641 2525 ord.
659 2491 705 2524 D.
865 2502 896 2524 2.
921 2491 982 2535 μὲν
998 2503 1067 2525 om.
1088 2491 1134 2524 D.
1293 2501 1326 2535 3.
1351 2491 1422 2524 τοῖς
1438 2504 1468 2523 τ.
1488 2488 1527 2522 Ἰ.
1546 2487 1663 2532 δήμοις

89 2539 181 2574 Edd.
230 2539 310 2572 κακὰ
328 2550 396 2573 om.
418 2540 464 2572 D.
643 2551 674 2580 4.
703 2537 754 2570 καὶ
772 2548 841 2570 om.
862 2537 908 2570 D.
1099 2547 1130 2579 5.
1157 2537 1203 2572 εἷς
1219 2539 1318 2570 τοῦτο
1337 2536 1526 2577 δεινότητος
1542 2536 1665 2578 μέτρον

87 2584 333 2630 παρεκόμισαν]
355 2585 411 2619 Sic
429 2584 531 2619 edidi.
550 2587 781 2629 παρεκόμισαν
798 2583 844 2618 εἷς
860 2586 958 2617 τοῦτο
976 2584 1007 2617 δ.
1025 2583 1148 2628 μέτρον
1166 2584 1211 2618 D.
1230 2583 1275 2618 εἷς
1300 2585 1398 2617 τοῦτο
1424 2583 1610 2624 δεινότητός
1627 2596 1663 2615 τε

89 2633 142 2666 καὶ
155 2658 288 2666 ........
300 2634 530 2677 παρεκόμισαν
549 2632 590 2665 Β.
610 2632 655 2666 εἷς
672 2633 770 2664 τοῦτο
788 2630 818 2664 δ.
833 2631 885 2663 καὶ
903 2630 1032 2673 μέτρων
1048 2631 1135 2674 πέρα
1153 2630 1310 2672 ἐκόμισαν
1329 2628 1420 2663 Edd.
1540 2629 1572 2662 6.
1597 2632 1664 2662 τῶν

91 2679 188 2713 θείων
204 2678 420 2724 ἀποσχέσθαι
437 2680 507 2712 inv.
527 2678 647 2712 ordine
668 2678 714 2712 D.
880 2677 912 2710 8.
940 2676 1148 2722 ἱερουργοὺς]
1169 2678 1265 2719 ἱερεῖς
1282 2675 1342 2709 iid.
1510 2686 1564 2710 10.
1590 2675 1663 2709 ἐπεὶ

89 2726 126 2759 δὲ
143 2725 204 2759 iid.
372 2736 425 2760 ΙΙ.
451 2726 586 2770 ἔχοντες
603 2730 681 2758 ante
699 2724 757 2757 τὸν
773 2730 816 2757 tr.
837 2723 883 2757 D.
1045 2735 1097 2765 13.
1123 2722 1242 2757 πτοίαν
1260 2722 1306 2755 D.
1355 2721 1508 2755 ἁπάντων
1524 2733 1594 2755 orn.
1614 2721 1662 2756 D.

92 2783 146 2814 14.
171 2774 367 2816 κρατοῦντες
385 2772 431 2806 D.
702 2770 754 2804 16.
781 2771 873 2813 τάξει
890 2783 940 2807 π.,
958 2768 1032 2813 ἇκρ.
1051 2770 1097 2804 εἷς
1114 2769 1143 2802 ὀ.
1163 2776 1195 2802 et
1214 2769 1270 2813 (ἰχ.
1289 2768 1335 2803 εἷς
1350 2770 1413 2802 πλ.
1431 2768 1500 2801 inv.
1519 2767 1593 2802 ord.
1613 2768 1663 2801 D.

93 2830 146 2863 19.
171 2818 358 2853 εὐπαθείαις
383 2818 425 2852 Β.
452 2818 609 2862 εὐπαθείᾳ
637 2818 682 2851 D.
709 2817 850 2860 ἀπαθείᾳ
877 2815 969 2850 Edd.
1029 2816 1064 2849 ἐν
1088 2816 1160 2849 εὐπ.
1188 2817 1238 2859 ὁρ.
1264 2822 1297 2848 et
1321 2816 1398 2848 ἅπτ.
1426 2829 1477 2859 κρ.
1507 2821 1541 2848 et
1571 2815 1662 2859 ἐπιχ.

89 2866 237 2909 πολυπρ.
254 2865 326 2899 inv.
344 2865 419 2899 ord.
438 2865 485 2899 D.
668 2875 723 2898 21.
749 2861 897 2908 εὔχεται]
917 2861 1056 2907 ἶίρχεται
1074 2861 1120 2895 D.
1171 2862 1212 2896 ἂν
1229 2860 1277 2905 εἴη
1296 2862 1414 2895 λοιπὸν
1431 2861 1504 2895 inv.
1521 2861 1597 2896 ord.
1616 2861 1664 2894 D.

92 2922 147 2955 23.
173 2913 261 2945 Θεοῦ
278 2918 311 2945 et
328 2912 381 2945 καὶ
397 2911 448 2945 ἀν.
467 2912 525 2954 ζῆν
540 2910 595 2954 ᾐρ.
613 2922 683 2945 om.
704 2910 750 2944 D.
987 2919 1040 2951 24.
1067 2908 1184 2943 ἐνιέναι
1202 2909 1259 2942 τὸν
1275 2908 1305 2943 ὀ.
1325 2908 1460 2943 inverso
1478 2907 1598 2942 ordine
1616 2907 1664 2941 D.

92 2957 147 2991 26.
173 2959 352 3003 μονονουχὶ
370 2964 448 2992 ante
466 2958 574 2992 κατεδ.
593 2963 636 2991 tr.
658 2957 703 2990 D.
