2001 3361
262 192 336 228 708
791 189 1006 226 INDEX
1063 189 1233 226 RERU
1252 190 1306 227 M.
1667 203 1847 226 LEv1TAE.

313 313 389 348 848
420 312 500 357 ab;
543 311 767 359 quandoque
797 309 1018 358 purificandi

314 378 391 412 853
412 389 441 411 a.

257 439 418 481 Levites,
454 439 620 486 quidam,
656 452 703 475 ex
736 439 828 475 urbe
866 438 1018 474 Bethle-

312 504 410 544 hem,
440 516 461 538 a
490 503 621 538 Micha
653 503 862 539 conductus
897 515 1018 538 sacer-

312 567 458 602 dotium
497 567 668 603 illicitum
707 568 786 615 agit
822 571 896 604 134
931 567 954 603 b
976 579 1016 613 c;

312 631 409 667 idem
448 631 598 668 Danitis
636 633 823 668 ministrat
865 634 938 668 135
975 645 1016 677 a;

313 695 416 738 alter,
457 709 476 732 e
519 702 646 732 monte
691 697 884 744 Ephraim,
924 708 1018 744 quae

312 772 445 807 passus
484 761 542 803 sit,
579 774 672 809 quae
711 761 940 797 commiserit
973 761 1019 796 ad

313 824 482 860 Gabaam
507 827 581 861 135
603 838 644 871 a;
679 828 753 861 136
774 838 807 861 a.

258 888 352 929 Lex,
374 889 496 924 omnis
523 890 708 938 neglecta,
731 890 767 924 in
792 889 850 926 die
870 889 1018 925 calami-

315 953 402 988 tatis
424 956 500 989 465
522 966 554 990 e.

259 1016 352 1057 Lex,
376 1016 460 1059 Dei,
482 1018 646 1054 cultores
675 1031 764 1054 suos
792 1018 893 1054 omni
922 1017 1021 1053 malo

313 1081 445 1118 liberat
466 1085 542 1119 265
565 1083 601 1119 b.

260 1145 343 1180 Lex
360 1145 494 1191 Mosis,
507 1147 753 1197 Paedagogus
767 1148 813 1183 ad
827 1146 1022 1183 Christum

315 1212 364 1245 42
396 1223 436 1256 c;
469 1215 541 1248 301
576 1212 621 1258 d;
661 1213 797 1249 umbra
830 1218 866 1248 et
898 1212 1022 1258 figura

316 1276 364 1310 52
387 1287 430 1320 c;
462 1288 659 1324 quousque
680 1276 763 1313 Deo
784 1275 1022 1323 conjunxerit

317 1341 366 1374 53
388 1352 429 1384 a;
461 1340 608 1377 vivente
635 1340 797 1382 Christo,
821 1354 841 1376 a
864 1339 1021 1376 Judaeis

316 1403 489 1450 neglecta
519 1407 568 1441 59
590 1418 631 1449 a;
669 1405 875 1445 Crucifixo,
899 1404 1021 1439 minus

319 1469 368 1503 59
399 1480 438 1513 e;
480 1468 645 1515 perfecta
679 1469 789 1504 simul
821 1474 858 1504 et
886 1469 1022 1516 imper-

317 1531 415 1567 fecta
436 1534 484 1568 60
506 1545 550 1577 c;
582 1539 760 1581 surgente
782 1533 946 1574 Christo,
967 1532 1022 1566 in-

319 1596 499 1643 surgebat
532 1602 663 1632 contra
693 1597 868 1633 Satanan}
901 1599 946 1632 61
978 1608 1022 1641 a;

319 1660 557 1696 tenebrarum
579 1666 730 1708 tempus
747 1664 795 1697 69
810 1674 850 1705 03
873 1666 1025 1708 peccata

318 1737 395 1759 non
421 1725 559 1761 amovit
581 1728 630 1762 85
652 1739 692 1771 a;
724 1738 837 1774 quam
859 1726 932 1761 vim
959 1725 1023 1760 ha-

318 1788 443 1824 buerit
486 1791 536 1825 90
575 1790 623 1835 b;
665 1790 702 1825 in
743 1797 883 1826 rectam
926 1789 1022 1824 viam

319 1852 456 1889 ducere
487 1853 615 1890 debuit
644 1857 693 1891 90
716 1855 763 1899 b;
800 1855 1023 1890 sacrificium

319 1918 594 1954 misericordiae
632 1919 849 1966 posthabuit
887 1921 935 1955 98
976 1919 1023 1962 d3

321 1985 370 2018 99
401 1982 445 2027 b;
480 1985 554 2019 100
586 1996 627 2028 a;
667 1984 714 2019 ab
749 1984 927 2020 Israelitis
961 1983 1024 2019 ab·

317 2047 430 2094 jecta,
468 2053 566 2094 post,
604 2060 680 2083 non
728 2054 813 2084 ante
862 2047 1023 2095 Captivi-

320 2115 436 2146 tatem
474 2114 546 2147 125
577 2111 657 2157 de;
702 2112 739 2147 in
775 2112 904 2147 umbra
933 2117 1023 2151 erat,

320 2175 487 2211 veritatis
509 2183 633 2211 tamen
660 2176 838 2224 dogmata
857 2176 1023 2212 contine-

318 2239 384 2275 bat
413 2242 488 2276 272
511 2240 559 2285 d;
590 2240 688 2276 bona
711 2246 748 2276 et
773 2246 902 2276 sancta
928 2241 1025 2276 affir-

321 2308 446 2339 matur
476 2307 548 2340 301
575 2304 621 2349 d,·
663 2317 684 2340 a
713 2304 870 2341 Judaeis
899 2311 1025 2341 tamen

321 2374 539 2415 contempta
569 2371 642 2404 301
667 2381 710 2413 e;
748 2368 861 2417 justis
892 2369 1026 2405 dilecta

323 2433 399 2468 302
421 2444 467 2477 ἃς
498 2432 671 2480 neglecta
699 2445 720 2468 a
747 2433 912 2474 Judaeis,
935 2433 1028 2470 Sab-

322 2496 410 2532 bata
440 2497 534 2532 falso
567 2497 840 2533 celebrantibus
876 2501 952 2534 315
984 2510 1025 2543 a;

321 2561 482 2609 antiquis
502 2561 755 2603 intolerabilis,
773 2562 819 2597 ad
834 2562 1026 2598 Christum

321 2631 447 2661 tamen
495 2626 654 2662 ducebat
693 2628 769 2662 347
809 2638 856 2671 a3
903 2627 1028 2662 littera

322 2688 478 2729 letifera,
509 2690 642 2737 spiritu
671 2689 842 2726 salutaris
873 2693 948 2726 347
977 2691 1000 2726 b
1016 2704 1026 2736 3

323 2758 409 2788 ante
444 2753 649 2794 Christum,
687 2754 814 2789 multis
853 2754 1027 2802 gentibus

324 2822 476 2864 accepta
506 2818 583 2853 425
618 2830 664 2863 e‚·
708 2823 794 2864 post
822 2817 1027 2862 Christum,

324 2880 369 2915 ab
401 2881 573 2916 omnibus
606 2881 746 2928 rejecta
776 2884 852 2918 426
883 2895 928 2927 c3
969 2882 1025 2917 in-

327 2950 504 2981 nocentes
523 2946 675 2982 curabat
696 2948 769 2982 521
790 2960 809 2982 c
821 2960 830 2992 ;
853 2946 1029 2994 mysteria

1143 310 1283 347 Christi
1303 311 1580 359 praefigurabat
1600 313 1674 347 551
1690 311 1714 346 b
1726 324 1735 356 ;
1757 311 1849 346 nihil

1141 375 1347 423 perfectum
1376 375 1463 411 fecit
1494 378 1569 412 557
1593 388 1612 411 c
1626 388 1637 421 3
1678 381 1750 411 stat
1779 387 1847 422 pro

1141 438 1233 480 luce,
1248 439 1269 474 i.
1283 451 1313 474 e.
1327 451 1404 474 non
1417 444 1538 475 cessat
1550 439 1684 483 lucere,
1694 438 1846 474 Christo

1142 509 1274 538 exorto
1305 505 1379 539 568
1406 515 1446 547 a;
1487 503 1532 538 de
1559 503 1696 539 vestitu
1727 514 1847 538 sacer-

1143 567 1269 609 dotali,
1292 579 1400 614 saepe
1428 580 1449 602 a
1475 568 1737 603 Sacerdotibus
1756 579 1847 614 neg-

1144 630 1239 666 lecta
1271 633 1346 667 585
1378 644 1418 676 c;
1456 633 1531 668 589
1563 644 1603 676 a;
1648 632 1693 668 de
1726 631 1848 667 Sacri-

1144 696 1249 736 ficiis,
1282 709 1392 743 quam
1425 696 1536 732 fuerit
1569 696 1776 743 multiplex,
1811 701 1849 731 et

1144 760 1287 796 minuta
1316 763 1392 797 589
1422 761 1467 805 b;
1507 766 1682 808 tanquam
1712 761 1846 808 paeda-

1145 837 1267 872 gogus
1324 838 1345 860 a
1406 825 1593 872 discipulis
1653 825 1848 873 neglectus

1146 890 1221 924 593
1255 889 1299 933 d;
1347 894 1526 935 quantum
1562 889 1767 937 Evangelio
1800 888 1848 924 sit

1144 952 1296 988 inferior
1326 956 1401 989 642
1424 967 1463 998 ο,-
1505 954 1592 1000 quid
1621 953 1850 1001 praeceperit

1145 1017 1191 1052 de
1208 1018 1500 1054 sanctificatione
1513 1018 1669 1053 vestium
1685 1020 1761 1054 644
1776 1030 1795 1053 c
1809 1018 1847 1063 d;

1146 1082 1232 1128 quid
1271 1082 1316 1117 de
1358 1082 1511 1129 impuris
1554 1082 1849 1118 sacrificantibus

1146 1147 1222 1181 645
1244 1159 1290 1191 a3
1321 1146 1407 1193 quid
1434 1147 1480 1181 de
1503 1146 1707 1193 pollutione
1727 1159 1848 1182 sacer-

1146 1210 1274 1246 dotum
1292 1212 1367 1246 645
1383 1223 1422 1255 c;
1452 1210 1540 1258 quid
1555 1211 1600 1246 de
1616 1216 1849 1246 mortuorum

1146 1281 1320 1310 contactu
1336 1278 1412 1311 645
1428 1275 1450 1310 d
1464 1287 1504 1319 e;
1530 1288 1606 1310 non
1623 1281 1707 1322 post
1724 1274 1850 1322 Capti-

1147 1339 1298 1374 vitatem
1313 1340 1381 1375 fuit
1394 1339 1662 1375 abolenda676
1677 1352 1711 1384 a;
1734 1339 1799 1375 sed
1812 1340 1848 1375 in

1146 1404 1286 1439 cultum
1304 1417 1430 1439 verum
1446 1404 1703 1440 transferenda
1716 1405 1793 1440 676
1807 1416 1826 1439 e
1840 1417 1848 1449 ;

1147 1481 1255 1514 quam
1304 1468 1463 1515 gratiam
1507 1468 1733 1515 praestiterit
1776 1468 1850 1504 suis

1149 1534 1224 1567 687
1242 1545 1282 1575 e;
1319 1532 1447 1580 Cyrilli
1467 1538 1635 1579 tempore
1656 1546 1677 1567 a
1695 1533 1849 1569 Judaeis

1148 1596 1244 1632 inter
1260 1595 1517 1638 Chananaeos,
1540 1596 1561 1631 i.
1575 1609 1604 1632 e.
1622 1596 1774 1634 Gentes.
1793 1597 1849 1632 in-

1148 1661 1354 1696 colentibus
1368 1661 1563 1696 observata
1578 1663 1653 1697 760
1668 1673 1702 1705 e3
1727 1663 1799 1696 761
1814 1674 1849 1705 a;

1149 1737 1169 1760 a
1189 1725 1358 1760 fidelibus
1378 1737 1453 1760 non
1470 1725 1702 1760 observanda
1719 1728 1791 1761 761
1809 1738 1850 1770 e;

1149 1789 1342 1824 veritatem
1364 1801 1473 1836 quam
1494 1789 1771 1836 religiosissime
1788 1790 1852 1825 ob-

1149 1853 1368 1889 servandam
1386 1853 1585 1889 mandabat
1601 1854 1854 1890 sacerdotibus

1150 1920 1225 1954 837
1235 1931 1254 1953 c
1268 1918 1290 1953 d
1305 1930 1312 1961 ;
1340 1918 1377 1952 in
1392 1917 1542 1953 Christo
1556 1918 1720 1965 perfecta
1733 1920 1809 1954 837
1820 1931 1851 1954 e.

1095 1983 1273 2023 Libanus,
1295 1994 1415 2022 mons,
1442 1994 1514 2028 quo
1541 1995 1651 2018 sensu
1678 1982 1854 2018 defecerit

1151 2049 1222 2083 481
1248 2060 1267 2082 c
1283 2059 1323 2090 e;
1356 2048 1430 2081 482
1454 2046 1497 2090 b;
1533 2053 1644 2094 typus
1664 2047 1849 2094 prosperi-

1149 2111 1235 2147 tatis
1257 2113 1331 2146 482
1355 2123 1394 2154 e;
1430 2123 1496 2156 pro
1516 2110 1669 2146 Judaeis
1697 2111 1848 2146 Christo

1149 2174 1428 2210 imminentibus
1445 2176 1520 2210 483
1536 2187 1577 2219 a;
1607 2188 1674 2222 pro
1690 2176 1851 2222 optima-

1149 2239 1249 2275 tibus
1287 2238 1476 2286 quibusvis
1515 2239 1657 2274 dictum
1696 2241 1772 2275 483
1808 2251 1849 2285 03

1151 2303 1387 2344 Sanctorum,
1410 2314 1571 2351 superna
1591 2303 1850 2351 spectantium,

1150 2373 1261 2416 typus
1307 2370 1382 2404 545
1422 2381 1443 2404 a
1468 2368 1515 2413 b;
1570 2373 1634 2403 aut
1670 2368 1852 2403 Judaeam

1151 2445 1312 2474 omnem,
1330 2438 1394 2468 aut
1411 2432 1713 2480 Hierosolymam
1728 2443 1853 2478 repre-

1151 2503 1274 2532 sentat
1323 2499 1398 2533 545
1437 2509 1481 2541 03
1536 2501 1600 2532 aut
1647 2495 1852 2532 Ecclesiam

1151 2563 1227 2596 545
1264 2561 1310 2605 d;
1362 2573 1476 2608 quare
1513 2566 1625 2608 typus
1664 2559 1850 2595 Ecclesiae

1152 2627 1227 2661 753
1249 2637 1290 2670 c;
1326 2625 1511 2666 incensus,
1533 2630 1646 2672 typus
1672 2623 1850 2659 Hieroso-

1150 2689 1282 2736 lymae,
1321 2702 1342 2724 a
1380 2689 1559 2724 Romanis
1600 2687 1852 2723 incendendae

1153 2743 1228 2789 75'4
1242 2765 1282 2798 e;
1307 2755 1380 2789 755
1396 2765 1417 2788 a
1430 2765 1469 2797 e;
1500 2765 1567 2800 pro
1586 2751 1742 2788 Judaeis
1762 2750 1852 2798 ipsis

1151 2817 1289 2853 dictum
1314 2819 1389 2853 785
1412 2829 1443 2852 c.

1097 2881 1208 2917 Liber
1237 2880 1480 2924 monumenti,
1511 2891 1634 2915 coram
1662 2878 1744 2914 Deo
1772 2891 1850 2915 ser-

1152 2950 1260 2982 vatus
1281 2946 1357 2981 863
1378 2945 1401 2980 b
1418 2957 1451 2980 c.
