2018 3391
126 423 224 453 Prov.

126 478 156 497 v.
176 477 190 496 2
200 475 224 497 1.

127 763 180 793 Ps.
194 762 250 793 lxi.

132 816 179 845 ¹3·

133 1997 223 2032 590
240 1997 290 2031 A.
317 2006 339 2030 a

133 2048 229 2077 l'rov.
248 2058 278 2078 x.

349 156 430 195 186
749 159 797 199 Β.
842 159 1113 199 CYRILLI
1155 159 1532 201 ALEXANDR.
1809 158 1920 212 i.13.

348 265 512 330 ἀρέσαι
557 271 742 334 σοφοῖς.
827 268 964 319 ἄθεον
1004 269 1098 334 γὰρ
1148 269 1382 335 ὠνόμαζον
1429 268 1511 320 τὸν
1561 273 1654 319 τῶν
1703 267 1924 318 τοιούτων

348 348 618 414 εἰσηγητήν·
661 348 939 415 Ἐπίκουρος
980 350 1112 404 οὗτος
1155 349 1226 414 ἦν,
1267 351 1328 405 εἷς
1367 356 1460 402 τῶν
1493 352 1602 417 παρ’
1651 351 1804 404 αὐτοῖς
1851 350 1925 401 ἐπὶ

305 430 499 498 (Ῑσοφίᾳ
542 433 935 495 διαβεβοημένων.
1002 432 1104 483 ε”στι
1151 432 1306 484 τοίνυν
1351 438 1492 485 εἰπεῖν
1543 436 1604 488 ὡς
1647 431 1926 483 ιςἘνώπιόν

349 520 375 542 “
399 515 489 562 εἰσι
521 517 615 563 τῶν
649 518 731 564 τοῦ
767 517 892 565 Θεοῦ
930 515 1196 583 ὀφθαλμῶν
1235 516 1330 566 ὁδοὶ
1369 514 1549 581 ἀνδρὸς,
1582 519 1643 570 εἷς
1681 514 1730 566 δὲ
1766 513 1926 568 πάσας

348 602 375 623 “
401 593 483 647 τὰς
518 594 706 662 τροχιὰς
746 597 887 647 αὐτοῦ
925 597 1187 649 σκοπεύει.”
1253 600 1328 648 καὶ
1367 602 1516 663 γερῶν
1547 598 1629 662 μὲν
1661 598 1788 666 ἀξιοῖ
1820 596 1927 650 τοῦς

348 679 430 740 τῆς
472 678 637 742 ἀρετῆς
679 677 893 744 ἐργάτας·
951 680 1357 746 κατεστυγημένον
1404 679 1453 730 δὲ
1497 678 1690 748 σφόδρα
1733 683 1928 731 ποιεῖται

348 757 429 808 τὸν
456 759 709 826 ἀλιτήριον,
735 763 807 811 καὶ
845 763 1132 812 ἀποδίδωσιν
1168 762 1352 831 ἑκάστῳ
1379 761 1497 813 κατὰ
1529 761 1582 811 τὸ
1611 762 1748 828 ἔργον
1774 762 1928 823 αὐτοῦ,

349 839 467 890 κατὰ
506 841 560 891 τὸ
600 843 938 908 γεγραμμένον.
1005 847 1075 895 δεῖ
1117 844 1172 908 δὴ
1215 844 1296 895 οὖν
1335 844 1424 910 ἄρα
1463 843 1650 911 τροχιὰς
1688 842 1773 906 μὲν
1811 843 1930 906 ἡμᾶς

349 926 520 974 διαθεῖν
565 923 718 989 ὀρθὰς,
770 927 845 976 καὶ
891 926 975 990 τὴν
1026 925 1321 977 ἁνδάνουσαν
1359 930 1425 996 τῷ
1468 926 1657 977 πάντων
1702 924 1930 992 Δεσπότῃ

350 1008 458 1073 Θεῴ
507 1011 742 1058 ποιεῖσθαι
788 1007 964 1073 τρίβον,
1005 1007 1177 1074 ζῶντάς
1223 1032 1269 1059 τε
1316 1010 1461 1062 οὕτως
1499 1007 1698 1071 ἐννόμως
1738 1008 1811 1057 καὶ
1849 1006 1931 1057 τὸν

349 1086 643 1153 πανάριστον
677 1091 867 1153 ἀληθῶς
901 1091 1253 1155 ἐπιτηδεύοντας·
1276 1092 1395 1152 βίον,
1422 1090 1532 1141 ἵλεώ
1571 1113 1620 1141 τε
1660 1092 1734 1140 καὶ
1769 1090 1931 1153 εὐμενῆ

311 1167 433 1220 θτὸν
471 1174 565 1220 τῶν
601 1171 727 1222 ὅλων
762 1172 881 1240 ἔχειν
917 1172 1187 1238 Δεσπότην,
1226 1176 1301 1224 καὶ
1342 1172 1786 1239 καταπικραίνεσθαι
1821 1170 1930 1222 καθ’

351 1252 483 1315 ἡμῶν
507 1253 589 1303 οὐκ
616 1255 695 1304 ε’ἇν
719 1255 1113 1319 παραιτουμένους
1144 1255 1198 1306 τὸ
1238 1261 1425 1322 φαῦλον
1456 1257 1531 1306 καὶ
1563 1259 1662 1308 ταῖς
1695 1253 1933 1319 μεταγνώ-

351 1357 490 1385 σεσιν
524 1337 812 1402 ἐπανορθοῦν
847 1337 1214 1391 διασπεύδοντας
1252 1336 1311 1387 τὰ
1347 1339 1492 1388 ὕπνου
1526 1361 1573 1388 τε
1607 1339 1680 1388 καὶ
1705 1336 1933 1405 ῥᾳθυμίας

353 1415 642 1481 ἐγκλήματα.

291 1667 335 1703 13
359 1661 432 1702 Καὶ
457 1662 575 1704 ἔσται
603 1664 625 1704 ἡ
655 1663 830 1712 δύναμις
857 1665 997 1706 αὐτῶν
1026 1663 1085 1705 εἰς
1112 1665 1365 1721 διαρΠαΓιὴν,
1393 1664 1460 1704 καὶ
1493 1662 1530 1704 οἰ
1564 1659 1672 1704 οἶκοι
1705 1663 1845 1704 αὐτῶν
1873 1661 1933 1704 εἰς

421 1745 675 1800 ἀφανισμόν·
729 1747 796 1787 καὶ
837 1745 1191 1796 οἷκοὸομιίσουσιν
1235 1745 1370 1787 οἰκίας
1422 1746 1489 1787 καὶ
1532 1746 1579 1787 οὐ
1629 1747 1684 1794 μὴ
1737 1746 1936 1787 κατοική-

421 1843 562 1870 σουσιν
600 1830 644 1870 ὲν
677 1829 836 1881 αὐτοῖς,
865 1831 932 1871 καὶ
969 1832 1358 1886 καταφυτεύσουσιν
1390 1830 1652 1878 ἀμπελῶνας
1688 1829 1754 1870 καὶ
1794 1829 1841 1870 οὐ
1876 1830 1931 1878 μὴ

422 1912 550 1954 Πίωοι
576 1912 649 1954 τὸν
676 1909 790 1954 οἶνον
819 1914 975 1955 αὐτῶν.

429 2037 542 2087 Ἐπὶ
566 2042 726 2102 καιροῦ
753 2036 875 2104 τάχα
900 2060 992 2088 που
1016 2038 1090 2087 καὶ
1124 2042 1205 2087 νῦν
1229 2036 1345 2103 πρὸς
1372 2037 1502 2100 ἡμῶν
1529 2036 1760 2102 εἰρήσεται
1787 2043 1813 2065 “
1831 2037 1935 2088 Οὐκ

355 2118 666 2187 ὠφελήσουσι
693 2121 921 2185 θησαυροὶ
947 2119 1186 2181 ἀνόμους.”
1254 2119 1484 2185 δραπέτης
1510 2118 1593 2183 μὲν
1619 2118 1711 2185 γὰρ
1737 2120 1762 2169 ὁ
1787 2124 1936 2170 πλοῦ-

353 2224 432 2255 τος
476 2203 560 2263 ἀεὶ,
607 2203 683 2251 καὶ
727 2200 781 2251 τὸ
822 2199 1025 2265 βεβηκὸς
1067 2202 1149 2252 οὐκ
1189 2201 1298 2268 ἔχει·
1339 2202 1495 2265 μεθύει
1540 2199 1589 2251 δὲ
1633 2205 1822 2264 μᾶλλον
1860 2202 1935 2251 καὶ

355 2283 637 2334 διανένευκεν
662 2286 723 2336 εἷς
750 2283 1069 2345 ἀποστασίαν,
1097 2285 1173 2334 καὶ
1202 2283 1349 2337 πόδας
1384 2283 1477 2351 ἔχει
1515 2283 1738 2349 σαθρούς.
1805 2281 1860 2334 τὸ
1887 2282 1935 2333 δὲ

356 2364 413 2429 δὴ
459 2365 534 2415 καὶ
582 2363 651 2416 ἐπ’
698 2365 822 2433 αὐτῷ
872 2365 995 2430 με’γα
1046 2370 1236 2434 φρονεῖν
1281 2366 1470 2428 ἐθέλειν,
1516 2366 1699 2429 ἠλίθιον
1749 2367 1931 2431 κομιδῇ.

1947 615 1969 653 5

1955 1023 2002 1047 10

1956 2056 2004 2081 20

356 2448 581 2517 ἐξελεῖται
622 2445 714 2512 γὰρ
757 2446 929 2510 ἥκιστά
972 2469 1025 2512 γε
1070 2445 1176 2500 τοῦς
1227 2445 1316 2497 ὑπὸ
1368 2446 1494 2498 θείαν
1538 2445 1697 2513 ὀργὴν,
1739 2447 1837 2497 οὐδ’
1878 2444 1935 2497 ἂν
1956 2464 2003 2504 25

357 2528 674 2597 ἀπαλλάξειεν
719 2528 1003 2592 αἱτιαμάτων
1047 2527 1188 2591 τινὰς,
1231 2532 1356 2579 Θεοῦ
1395 2527 1561 2592 ποινὴν
1602 2527 1935 2594 καθορίζοντος,

358 2614 433 2662 καὶ
470 2610 556 2675 τὴν
584 2615 678 2664 τοῖς
716 2616 1054 2675 πλημμελοῦσι
1089 2610 1364 2677 πρέπουσαν
1395 2608 1648 2675 ἐπάγοντος
1681 2610 1825 2673 δίκην.
1892 2609 1943 2660 τί

409 2789 440 2812 2.
467 2778 642 2823 ἐπίκουρον
660 2790 722 2823 pro
739 2777 1096 2823 ἐπίκουρος-διαβεβ.
1117 2777 1220 2812 Pont.
1245 2774 1473 2817 εἷς-διαβεΒ.
1492 2788 1561 2810 om.
1578 2776 1624 2810 D.
1644 2776 1777 2817 διαβεβ.
1798 2775 1839 2809 Β.
1857 2776 1937 2816 βεβ.

363 2824 403 2858 Ε.
423 2825 517 2858 Aub.
772 2836 894 2869 10—13.
923 2825 1018 2858 Haec
1037 2825 1159 2867 ζῶντάς
1175 2825 1297 2858 τε-τὸ
1315 2824 1449 2867 φαῦλον
1466 2829 1702 2867 assumpserat
1719 2822 1814 2856 Aub.
1833 2833 1874 2856 ex
1894 2822 1936 2856 E.

360 2885 395 2903 τε
414 2878 493 2915 post
510 2873 633 2913 ζῶντας
650 2883 719 2905 om.
740 2871 780 2904 B.
808 2871 911 2905 habet
930 2872 971 2905 E.
1139 2880 1190 2915 17.
1215 2869 1462 2912 κατοικὴσωσιν
1481 2869 1521 2903 Β.
1542 2869 1618 2915 (95,
1641 2870 1717 2916 185,
1735 2880 1815 2915 310,
1835 2867 1936 2914 311.)

366 2918 417 2950 18.
445 2917 761 2962 καταφυτεὺσουσιν
780 2918 822 2952 Β.
843 2917 934 2953 Edd.
953 2917 1256 2963 καταφυτεύσωσιν
1274 2917 1315 2950 Ε.
1334 2916 1453 2961 (Alex.
1474 2915 1547 2961 26.)
1768 2927 1822 2950 20.
1847 2914 1936 2960 εἷρή-

362 2977 456 2997 σεται
480 2964 571 2998 1).Ε.
593 2964 683 2998 Edd.
702 2963 826 3008 εἴρηται
847 2965 889 2999 Β.
1080 2964 1134 2998 26.
1161 2963 1396 3007 καθορίζοντας
1413 2963 1454 2997 Ε.
