1997 3361
81 194 107 234 i.
135 208 195 246 14.
531 194 603 233 ΙΝ
659 193 922 232 ΝΛΙΙΉΜ.
985 191 1135 232 TUM.
1180 192 1210 230 1.
1609 191 1661 228 27

77 304 338 370 γέγραπται
372 304 463 369 γὰρ
496 304 565 354 ὅτι
591 312 617 331 “
639 305 700 353 ‘O
737 308 962 353 κατοικῶν
994 304 1042 352 ἐν
1072 300 1267 368 βοηθείᾳ
1294 304 1376 348 τοῦ
1402 299 1658 366 ’Υψίστου,

79 392 106 415 “
131 388 179 437 ἐν
202 387 355 455 σκέπῃ
380 393 462 437 τοῦ
488 389 613 437 Θεοῦ
639 392 721 436 τοῦ
752 387 949 452 οὐρανοῦ
976 382 1361 446 αὐλισθήσεται.”
1427 382 1658 431 ἐντελεῖται

76 467 170 534 γὰρ
205 474 300 522 τοῖς
333 469 480 535 ἁγίοις
512 468 734 534 ἀγγέλοις
767 466 1120 536 διαφυλάσσειν
1146 466 1266 529 ἡμᾶς
1289 466 1337 514 ἐν
1359 462 1537 515 πάσαις
1561 467 1660 515 ταῖς

78 551 200 605 ὁδοῖς
238 553 312 602 καὶ
348 551 610 615 λαμβάνειν
642 553 715 601 ἐπὶ
751 555 930 618 χειρῶν,
957 548 1136 613 μήποτε
1163 545 1518 613 προσκόψωμεν
1544 544 1661 609 πρὸς

36 635 215 685 5λίθον
255 633 337 684 τὸν
381 634 516 685 πόδα.
580 636 655 684 καὶ
700 632 884 699 ἀτρεκὲς
935 633 1005 683 ὅτι
1052 633 1414 696 (ίΠαρεμβαλεῖ
1459 628 1663 692 ἅγγελος

78 723 106 745 “
136 716 311 783 Κυρίου
353 724 511 786 κυκλῳ
549 721 643 767 τῶν
685 715 992 784 φοβουμένων
1033 711 1188 771 αὐτὸν,
1231 715 1305 762 καὶ
1344 710 1535 777 ῥύσεται
1575 711 1657 759 αὐ-

79 805 106 828 6:
201 800 212 814 '
254 800 278 814 ’'

129 822 249 853 Tovy.

383 974 441 1014 Οὐ
470 974 737 1029 σπαρήσεται
764 973 810 1012 ἐκ
837 975 910 1012 τοῦ
939 970 1153 1018 ονοματος
1182 984 1255 1009 οου
1282 969 1357 1008 ἔτι.

144 1100 348 1163 “Ομοιον
392 1103 454 1154 ὡς
498 1105 534 1152 εἱ
577 1102 708 1167 λέγοι
749 1099 897 1151 πάλιν
943 1100 1046 1149 Οὐκ
1089 1098 1176 1164 ε”σῃ
1222 1095 1560 1160 διεσπαρμένος
1602 1097 1663 1147 εἱς

14 1207 60 1231 10
78 1181 235 1234 πάντα
260 1181 320 1233 τὰ
345 1184 468 1247 ἔθνη,
494 1183 522 1247 ἢ
550 1184 833 1249 δορίληπτος
865 1184 939 1232 καὶ
972 1180 1151 1245 ἀλήτης
1177 1180 1252 1229 καὶ
1278 1181 1358 1241 τῆς
1384 1177 1663 1242 ἐνεγκούσης

79 1267 141 1318 ὡς
175 1266 405 1316 ἀπωτάτω
440 1267 515 1316 καὶ
546 1264 861 1333 παγχάλεπον
901 1263 1142 1327 ὑπομένων
1183 1261 1369 1324 θητείαν
1408 1263 1455 1310 ἐν
1490 1259 1663 1310 πόλεσι

79 1350 324 1409 δυσμενῶν
361 1352 554 1414 οἰκτρῶς
587 1371 636 1399 τε
670 1350 745 1399 καὶ
777 1350 983 1399 ἐλεεινῶς
1023 1348 1099 1395 καὶ
1138 1345 1313 1396 ἀθλίως
1348 1343 1663 1393 κατεσκεδασ-

78 1429 227 1492 μένος.
291 1429 573 1493 σημειωτέον
615 1430 678 1489 δὲ,
714 1430 784 1481 ὅτι
824 1429 915 1496 πρὸ
954 1432 1036 1492 τῆς
1075 1430 1122 1479 ἐν
1159 1429 1414 1486 Βαβυλῶνι
1451 1423 1663 1488 δευτέρας

79 1513 408 1579 αἰχμαλωσίας
442 1511 500 1577 ἧν
544 1515 568 1564 ὁ
601 1513 860 1580 Προφήτης
887 1510 1071 1574 Ναοῦμ,
1107 1512 1181 1560 καὶ
1220 1506 1339 1571 μετὰ
1375 1507 1546 1560 ταύτας
1580 1512 1663 1556 τοῦ

14 1609 60 1647 15
84 1594 342 1663 Προφήτου
380 1594 463 1650 τάς
499 1595 660 1663 φωνὰς
698 1596 799 1660 ἥλω
838 1596 912 1645 καὶ
950 1591 1230 1659 πεπόρευται
1259 1590 1378 1655 πρὸς
1412 1593 1660 1655 αἰχμαλω-

80 1675 192 1727 σίαν
231 1678 255 1727 ὁ
293 1677 486 1741 Ἰούδας,
524 1680 598 1728 καὶ
639 1678 937 1728 δεδούλευκεν
974 1675 1268 1740 Ἀσσυρίοις.
1334 1670 1541 1737 Ἐζεκίου
1578 1669 1663 1732 μὲν

79 1756 173 1825 γὰρ
207 1766 290 1810 τοῦ
314 1759 629 1826 Ἰερουσαλὴμ
662 1759 1018 1820 βασιλεύοντος,
1049 1753 1423 1822 κατεστράτευσε
1449 1756 1531 1817 τῆς
1559 1756 1658 1803 Σα-

79 1842 269 1907 μαρείας
295 1842 319 1892 ὁ
347 1845 648 1910 Σεναχηρεῖμ,
676 1844 751 1893 καὶ
785 1841 869 1895 τὰς
908 1843 955 1892 ἐν
993 1841 1111 1908 αὐτῇ
1144 1837 1305 1892 πόλεις
1331 1835 1659 1904 καταδῃώσας,

79 1925 455 1990 προσεμπρήσας
506 1924 554 1975 δὲ
604 1927 679 1976 καὶ
733 1924 903 1991 ἑτέρας,
953 1922 1229 1974 ἀπέστειλεν
1279 1922 1328 1971 ἐκ
1381 1921 1530 1986 Λαχῖς
1579 1917 1661 1968 τὸν

11 2019 61 2043 20
80 2004 345 2073 Ῥαψάκην,
378 2005 428 2059 ὃς
460 2010 534 2057 καὶ
570 2007 791 2073 ἄγροικον
825 2007 950 2074 ἠφίει
987 2003 1107 2055 κατὰ
1145 2007 1271 2054 Θεοῦ
1303 2001 1390 2066 τὴν
1427 2005 1661 2067 γλῶτταν,

79 2087 176 2141 εἶτα
198 2091 504 2142 πεπτώκασιν
528 2091 736 2158 ἀγγέλου
761 2094 879 2159 χειρὶ
905 2094 985 2154 τῆς
1017 2094 1111 2140 τῶν
1134 2087 1410 2154 Ἀσσυρίων
1436 2089 1661 2151 στρατιᾶς

77 2172 243 2223 ἑκατὸν
272 2173 560 2239 ὀγδοήκοντα
594 2173 730 2225 πέντε
762 2172 981 2241 χιλιάδες·
1021 2170 1137 2235 μετὰ
1174 2171 1228 2222 δέ
1256 2194 1308 2236 γε
1343 2168 1429 2232 τὴν
1459 2166 1662 2233 Ἐζεκίου

78 2257 332 2316 βασιλείαν
366 2255 536 2322 χρόνου
571 2255 748 2325 μεταξὺ
781 2254 1108 2322 διαγεγονότος
1142 2254 1195 2304 οὐ
1229 2257 1408 2318 μικροῦ,
1448 2251 1662 2301 Σεδεκίου

79 2339 490 2404 βεβασιλευκότος,
529 2340 579 2394 ὃς
618 2339 674 2405 ἧν
712 2339 806 2394 υἱὸς
838 2342 1038 2403 Ἰωσίου,
1074 2337 1413 2404 πεπολιόρκηκε
1452 2334 1537 2398 τὴν
1570 2336 1656 2386 Ἱε-

133 2545 162 2568 Ι.
187 2533 239 2567 ὅτι
264 2539 486 2578 assumptum
512 2544 553 2566 ex
582 2531 671 2566 RD.
723 2531 849 2565 Statim
875 2533 892 2564 ὁ
918 2534 1078 2564 κατοικῶν
1104 2530 1138 2563 ἐν
1165 2528 1304 2571 βοηθείᾳ
1329 2529 1388 2560 τοῦ
1411 2525 1595 2569 Ὑψίστου,
1626 2525 1661 2559 ἐν

82 2579 191 2624 σκέπῃ
208 2583 269 2614 τοῦ
287 2583 374 2614 Θεοῦ
395 2582 455 2614 τοῦ
473 2580 614 2625 οὐρανοῦ
632 2577 879 2621 αὐλισθὴσεται
899 2577 944 2611 D.
964 2576 1055 2610 Edd.
1074 2587 1137 2620 pro
1153 2575 1280 2620 quibus
1298 2576 1367 2608 τοῖς
1383 2572 1542 2617 ἀγγέλοις
1558 2573 1660 2606 αὐτοῦ

82 2627 262 2661 ἐντελεῖται
278 2627 356 2672 περὶ
373 2629 439 2661 σοῦ
458 2626 500 2660 Β.
862 2635 896 2668 3.
921 2622 1045 2668 ἁγίοις]
1066 2623 1161 2657 ἰδίοις
1182 2622 1225 2655 Ι).
1275 2618 1452 2665 ἀγγέλοις]
1477 2624 1512 2657 -4-
1535 2621 1594 2652 τοῦ
1612 2619 1659 2654 D.

81 2686 115 2716 4.
140 2675 326 2718 λαμβάνειν
343 2679 422 2718 post
435 2676 558 2718 χειρῶν
575 2678 707 2716 transp.
730 2671 774 2705 D.
927 2671 959 2704 8.
984 2670 1019 2703 ἐκ
1035 2672 1095 2703 τοῦ
1113 2669 1274 2712 ὀνόματός
1293 2682 1357 2700 σου
1375 2667 1422 2700 ἔτι
1444 2666 1535 2700 B.D.
1554 2667 1603 2700 ἕτι
1621 2666 1658 2710 ἐξ

81 2721 243 2764 ὀνόματός
261 2735 325 2755 σου
344 2720 380 2754 F.
400 2719 492 2754 Edd.
512 2721 607 2765 (130,
626 2719 723 2764 311.)
885 2729 917 2759 t).
943 2719 1026 2762 λεγῃ
1047 2716 1088 2749 Β.
1109 2716 1211 2749 Pont.
1262 2713 1387 2747 Statim
1404 2713 1507 2746 πάλιν
1523 2724 1592 2746 om.
1613 2712 1659 2746 D.

85 2778 139 2801 10.
163 2767 182 2810 ἢ
201 2773 422 2812 assumptum
439 2779 480 2800 ex
500 2767 545 2800 D.
612 2765 823 2811 δορύληπτος
840 2763 932 2797 Edd.
1188 2772 1241 2795 12.
1271 2775 1307 2794 τε
1325 2764 1546 2804 assumptum
1565 2771 1605 2793 ex
1625 2759 1658 2793 b.

81 2813 391 2857 κατεσκευασμένος
408 2813 443 2847 b.
590 2824 642 2857 13.
664 2812 760 2846 Haec
777 2810 1011 2855 πρὸ-Ναοὺμ
1029 2814 1249 2843 accesserunt
1267 2819 1307 2840 ex
1327 2807 1374 2840 D.
1521 2818 1573 2848 14.
1599 2807 1659 2840 τὰς

81 2863 141 2894 τοῦ
160 2859 339 2904 προφήτου
356 2861 493 2894 inverso
510 2859 631 2893 ordine
649 2859 694 2892 D.
888 2857 940 2890 18.
967 2855 1060 2900 αὐτ-ῃ]
1081 2856 1168 2900 αὐτῷ
1189 2853 1279 2888 Edd.
1348 2854 1471 2887 Statim
1491 2853 1605 2886 κατιιδ.
1622 2867 1659 2886 π.

81 2907 219 2940 inverso
236 2906 357 2940 ordine
376 2907 422 2940 D.
675 2917 730 2939 20.
757 2904 915 2949 ἄγροικον
933 2903 978 2936 D.
1000 2902 1090 2936 Edd.
1109 2902 1322 2945 βλάσφημον
1341 2900 1383 2934 Β.
1445 2901 1562 2944 φωνὴν
1578 2900 1660 2933 κατὰ

84 2956 171 2987 Θεοῦ
189 2964 252 2997 pro
269 2955 351 2987 κατὰ
369 2956 456 2987 Θεοῦ
473 2953 533 2997 τὴν
549 2955 705 2998 γλῶτταν
724 2952 769 2985 D.
955 2960 1008 2994 23.
1034 2948 1160 2993 μεταξὺ
1178 2959 1246 2981 om.
1268 2947 1313 2981 D.
1361 2949 1486 2988 βεβασ.
1507 2946 1661 2980 σεδεκίου

84 3000 221 3034 inverso
239 2999 359 3034 ordine
378 3001 425 3034 D.

869 3066 889 3091 1⁴2
910 3066 931 3094 2

1725 323 1775 352 l's.
1797 333 1835 352 xc
1859 330 1883 352 1.

1679 482 1700 506 ρ
1730 467 1778 497 ΙΙ».
1804 477 1851 504 11,

1727 519 1775 540 12.

1728 630 1774 659 ῘΙ).

1727 673 1838 703 xxxiii.
1856 674 1884 703 8.

1682 1346 1708 1385 (l

1725 1769 1743 1795 4
1760 1757 1843 1796 Reg.

1724 1802 1801 1831 xviii
1829 1811 1859 1841 9,

1728 1853 1774 1879 10,
1798 1855 1836 1885 13

1723 1899 1794 1929 sqq.

1725 2093 1775 2124 Ib.
1793 2093 1862 2123 xix.

1726 2146 1777 2176 35-

1725 2351 1774 2381 Ib.
1796 2361 1873 2381 xxv,
