1997 3361
81 152 106 191 i.
132 162 226 203 7-9.
639 153 709 192 ΙΝ
754 151 1098 193 AGGAEUM.
1573 148 1655 187 253

155 260 341 327 Συχνὴν
378 266 572 312 ποιεῖται
608 261 694 326 τὴν
733 262 1012 327 ὑπόμνησιν,
1038 266 1297 312 συντελοῦν
1325 258 1379 310 τὸ
1410 260 1569 325 χρῆμα
1594 260 1657 309 εὶς

81 340 246 405 ὄνησιν
265 343 394 396 εἰδὼς
413 348 508 397 τοῖς
533 345 853 410 ἀκροωμένοις.
904 346 1023 395 οὕτω
1045 346 1118 393 καὶ
1145 344 1169 393 ὁ
1190 341 1440 394 θεσπέσιος
1463 344 1656 392 Παῦλος

80 422 346 475 ἐπιστέλλει
382 427 484 476 τισί
519 425 638 477 “Τά
672 426 789 477 αὐτὰ
828 427 1042 495 γράφειν,
1077 427 1176 489 ἐμοὶ
1212 424 1296 489 μὲν
1328 425 1409 475 οὐκ
1444 421 1654 487 ὀκνηρὸν,
1719 417 1864 448 ¹'¹¹¹¹·¹¹¹·

80 512 107 533 “
135 506 240 569 ὑμῖν
266 506 314 557 δὲ
340 507 606 574 ἀσφαλε’ς.”
658 509 978 574 κατανοήσατε
1004 510 1157 559 τοίνυν
1181 509 1330 575 φησὶν
1359 511 1417 561 εἰς
1440 504 1523 559 τας
1549 505 1653 554 ἑαυ-

40 591 174 638 5τῶν
215 585 345 651 Habe,
389 587 442 642 ἂς
487 591 745 655 πεποίησθε
791 597 887 642 νῦν.
953 596 1080 641 ποῖαι
1132 589 1179 640 δὲ
1229 589 1376 651 αὗται,
1421 591 1662 654 διατρανοῖ

81 673 368 737 παραχρῆμα
394 667 729 743 Ἐπεβλέψατε
766 678 824 728 εἰς
863 671 1024 723 πολλα
1066 677 1141 722 καὶ
1176 670 1336 737 ἐγένετο
1378 676 1535 736 ὀλίγοι,
1579 675 1655 720 καὶ

82 751 294 815 εἰσηνέχθη
329 758 387 808 εἰς
425 754 491 805 τὶν
531 753 638 806 οἷκον
682 760 759 806 καὶ
800 754 1052 824 ἐξεφύσησα.
1091 751 1224 805 αὐτοὶ.
1290 751 1658 819 ἀφημαρτήκασι

80 832 165 896 μὲν
214 834 307 901 γὰρ
358 837 546 890 ἐλπίδος
584 840 666 901 τῆς
708 838 788 888 ε’πί
824 860 876 902 γε
921 837 1043 905 φημὶ
1085 839 1151 905 τῷ
1195 835 1386 886 ἑλέσθαι
1425 839 1697 901 γηπονεῖν.ἃ
1727 845 1812 879 634
1828 844 1878 878 A·

80 915 285 982 μακροὺς
327 917 420 983 γὰρ
460 922 657 984 ἱδρῶτας
695 917 1075 983 δεδαπανηκότες,
1116 920 1255 983 ὀλίγον.
1293 917 1430 980 μόλις
1467 939 1660 967 συνεκο-

17 999 63 1041 io
81 997 298 1060 μίσαντο.
353 999 482 1064 πλὴν
512 1000 782 1066 ἐστέρηνται
818 1003 892 1052 καὶ
930 999 1121 1051 τούτων·
1165 999 1514 1067 ἐκπεφύσηνται
1551 997 1659 1063 γὰρ,

80 1080 336 1144 τουτέστιν,
363 1082 619 1148 γεγόνασιν
652 1083 832 1149 ἑτέρων,
868 1086 944 1133 καὶ
981 1082 1154 1146 ἥκιστα
1191 1080 1275 1145 μὲν
1313 1082 1483 1139 αὐτοῖς,
1521 1083 1658 1131 δεδα-

80 1160 310 1227 πάνηνται
336 1164 383 1215 δὲ
409 1169 598 1226 μᾶλλον
632 1169 726 1218 τοῖς
760 1167 1054 1215 πλεονεκτεῖν
1085 1162 1317 1214 εἰωθόσιν.
1385 1166 1553 1212 εἰκαῖον
1580 1162 1661 1212 οῦν

81 1243 172 1311 ἄρα
197 1244 250 1296 τὸ
277 1246 569 1310 σπούδασμα
601 1249 674 1297 καὶ
709 1247 734 1296 ὁ
766 1245 908 1300 πόνος
940 1246 1107 1307 αὐτοῖς,
1133 1243 1203 1295 ὅτι
1229 1244 1293 1309 μὴ
1321 1249 1511 1307 μᾶλλον
1535 1245 1656 1294 ἀπο-

81 1328 310 1393 περαίνειν
348 1328 520 1392 ἤθελον
564 1327 617 1379 τὸ
662 1333 728 1398 τῷ
767 1327 996 1395 Δεσπότῃ
1037 1331 1216 1389 δοκοῦν,
1258 1329 1333 1377 καὶ
1378 1329 1460 1390 τῆς
1502 1329 1564 1380 εἷς
1602 1328 1661 1377 τὰ

16 1424 62 1462 15
82 1411 251 1472 ἀμείνω
278 1412 524 1479 φιλεργίας
547 1410 631 1475 τὴν
666 1414 726 1464 εἷς
761 1409 820 1461 τὰ
855 1410 1026 1477 αἰσχίω
1054 1412 1128 1460 καὶ
1162 1409 1453 1475 γεωδέστερα
1478 1410 1654 1475 προύρ-

80 1492 314 1558 γιαιτέραν
347 1495 586 1544 ἐποιοῦντο
621 1493 864 1562 φροντίδα.
932 1490 1004 1558 ἆρ’
1045 1493 1126 1543 οὖν
1164 1491 1469 1555 ἀνουθέτητον
1508 1494 1658 1561 ἀφῆκε
1678 1498 1704 1538 b

80 1572 162 1625 τὸν
187 1574 402 1641 Ἰσραὴλ,
438 1576 491 1626 οὐ
528 1575 767 1644 παρέδειξε
805 1579 900 1628 τοῖς
937 1573 1309 1638 πεπλανημένοις
1346 1577 1428 1638 τῆς
1467 1576 1660 1641 ἐπανορ-

82 1655 272 1710 θώσεως
306 1657 391 1721 τὴν
426 1656 569 1719 ὁδόν;
613 1659 687 1708 καὶ
722 1656 813 1721 μὴν
849 1659 924 1708 καὶ
958 1663 1095 1707 τοῦτο
1134 1655 1493 1722 καταθρήσομεν
1527 1656 1661 1711 εὐθὺς

82 1738 287 1804 γεγονός.
351 1740 441 1807 ἔφη
467 1739 560 1807 γὰρ
585 1739 654 1791 ὅτι
680 1739 896 1800 Ἀνοίβητε
928 1744 988 1794 εἰς
1018 1737 1065 1790 τδ
1104 1740 1189 1808 ἔρος
1225 1746 1302 1790 καὶ
1333 1734 1515 1807 κᾶψοιτε
1541 1738 1661 1808 ξύλα

16 1845 64 1870 20
85 1826 162 1872 καὶ
192 1819 506 1890 οἶκοὸομήσοιτε
532 1823 598 1874 τὶν
630 1820 739 1873 οἷκον
774 1827 851 1873 καὶ
886 1818 1256 1890 ἐνδοξασθήσομαι
1291 1820 1438 1871 πάλιν
1465 1822 1502 1872 ἐν
1528 1825 1661 1891 αὐτῷ,

85 1909 162 1956 καὶ
214 1901 439 1966 εὐδοκήσω,
479 1905 707 1967 τουτέστι,
751 1903 1079 1972 προσδε’ξομαι’
1112 1925 1162 1953 τε
1200 1907 1276 1953 καὶ
1313 1903 1543 1954 ἐπαινέσω
1577 1902 1661 1957 τὰς

83 1992 176 2038 τῶν
202 1992 263 2041 εὶς
289 1993 426 2039 τοῦτο
452 1985 783 2051 πεπονηκότων
809 1985 1022 2040 σπουδάς
1050 2009 1097 2037 τε
1124 1987 1199 2036 καὶ
1225 1985 1499 2052 προθυμίας.

175 2070 342 2121 Καλὸν
393 2070 474 2120 οὖν
517 2069 608 2135 ἄρα
652 2071 725 2119 καὶ
771 2068 970 2119 ἁνδάνον
1021 2072 1087 2138 τῷ
1139 2070 1247 2137 Θεῷ
1296 2067 1350 2119 τὸ
1394 2068 1661 2133 ἐπείγεσθαι

83 2159 298 2219 πληροῦν
341 2151 399 2203 τὰ
443 2151 625 2217 ὅσαπερ
667 2149 726 2201 ἂν
765 2151 1006 2219 φαίνοιντο
1048 2148 1262 2217 χρήσιμοί
1299 2173 1348 2201 τε
1390 2151 1466 2201 καὶ
1506 2151 1652 2215 ἀναγ-
1678 2170 1700 2197 ο

19 2259 68 2299 25
87 2241 192 2286 καΐα
240 2234 358 2301 πρὸς
410 2234 652 2285 σύστασιν
703 2235 785 2296 τῆς
835 2231 1128 2297 Ἐκκλησίας
1179 2234 1255 2283 καὶ
1304 2231 1422 2298 πρὸς
1474 2234 1653 2283 οἰκοδο-

85 2317 178 2382 μὴν
226 2319 380 2382 αὐτῆς.
457 2314 694 2382 δράσομεν
758 2314 806 2366 δὲ
865 2320 1020 2377 τοῦτο,
1087 2315 1162 2365 καὶ
1225 2313 1332 2365 λίαν
1396 2313 1657 2382 ἐμφρόνως,

137 2551 166 2574 1.
184 2539 243 2583 τὴν
259 2544 481 2583 assumptum
498 2549 538 2572 ex
554 2537 648 2571 B.D.
698 2537 736 2570 τὸ
753 2536 866 2581 χρῆμα
883 2535 930 2570 εἷς
946 2534 1063 2578 ὄνησιν
1081 2533 1146 2568 hoc
1163 2533 1284 2568 ordine
1302 2533 1396 2567 B.D.
1511 2544 1543 2566 2.
1564 2532 1662 2568 Haec

89 2586 141 2620 καὶ
158 2588 176 2620 ὁ
193 2586 377 2620 θεσπέσιος
394 2589 575 2629 assumpta
591 2596 632 2618 ex
652 2583 694 2618 B.
713 2584 765 2616 καὶ
787 2584 805 2615 ὁ
822 2582 981 2625 μακάριος
999 2581 1045 2615 D.
1285 2591 1318 2625 3.
1342 2578 1504 2625 γράφειν]
1528 2584 1564 2620 -ff-
1585 2580 1664 2623 ὑμῖν

90 2632 180 2667 Edd.
197 2632 315 2666 invitis
335 2632 428 2666 B.D.
657 2639 688 2674 7.
715 2629 894 2673 εἰσηνέχθη
913 2628 1042 2661 habent
1061 2627 1156 2661 B.D.
1379 2627 1412 2660 8.
1437 2628 1596 2670 γηπονεῖν
1613 2627 1660 2661 D.

90 2679 179 2713 Edd.
197 2681 311 2713 πονεῖν
330 2679 371 2712 Β.
545 2688 597 2722 13.
623 2676 727 2711 ἅποπ.
745 2677 866 2720 ἤθελον
882 2675 949 2709 hoc
966 2674 1087 2708 ordine
1107 2674 1200 2707 B.D.
1373 2685 1426 2715 14.
1444 2673 1592 2715 δεσπότῃ
1613 2673 1659 2708 D.

90 2725 180 2759 Edd.
199 2727 288 2771 νόμῳ
307 2725 350 2760 Β.
399 2725 437 2759 τὸ
454 2725 588 2768 ἄμεινον
606 2724 652 2758 D.
895 2731 948 2766 15.
974 2720 1140 2765 αἴσχιστα
1159 2720 1205 2753 D.
1445 2719 1496 2753 16.
1521 2718 1596 2764 οὖν]
1620 2724 1657 2760 -1-

89 2772 148 2806 οὐκ
166 2772 256 2806 Edd.
465 2780 518 2816 17.
544 2771 582 2804 οὗ
598 2770 774 2815 παρέδειξε
793 2769 887 2802 B.D.
905 2767 1081 2813 παρέδειξε
1100 2767 1134 2800 δὲ
1153 2765 1245 2800 Edd.
1454 2766 1506 2799 18.
1533 2766 1585 2799 καὶ
1602 2767 1661 2800 alt.

89 2826 310 2864 assumptum
326 2830 367 2852 ex
387 2818 432 2852 D.
482 2818 577 2852 εὐθὺς
597 2817 689 2851 B.D.
709 2816 744 2851 εὖ
762 2815 854 2849 Edd.
1185 2824 1239 2847 22.
1265 2812 1311 2847 εἷς
1327 2814 1425 2846 τοῦτο
1443 2815 1508 2845 τῶν
1525 2812 1662 2847 inverso

90 2864 209 2899 ordine
227 2866 273 2900 D.
633 2875 687 2909 23.
713 2865 758 2909 τῷ
777 2874 846 2897 om.
866 2862 911 2895 D.
962 2860 1155 2905 ἐπείγεσθαι
1173 2861 1324 2902 πληροῦν
1341 2871 1410 2892 om.
1431 2859 1473 2892 Β.
1492 2859 1596 2893 habet
1616 2860 1661 2893 D.

92 2921 146 2952 24.
164 2913 204 2945 τὰ
221 2917 442 2957 assumptum
462 2923 502 2945 ex
523 2910 568 2944 D.
1068 2909 1122 2941 26.
1150 2904 1266 2950 αὐτῆς]
1292 2910 1327 2945 -ὖ-
1349 2908 1451 2940 ταῦτα
1469 2905 1661 2951 ἐπείγεσθαι

90 2959 240 3001 πληροῦν
261 2959 287 2992 Β
294 2985 300 2992 .
