2053 3382
296 171 381 210 494
682 170 730 208 B.
776 167 1060 208 CYRILLI
1099 168 1483 209 ALEXANDR.
1636 168 1880 222 xii.11-13.

297 284 324 307 ‘⁶
349 276 462 330 Υἱὸς
489 276 545 341 ἦν
570 276 746 329 οὗτος·”
789 275 952 339 πολλὴ
979 275 1027 326 δὲ
1053 275 1183 342 παρὰ
1209 281 1409 329 πολλοῖς
1437 276 1465 339 ἡ
1490 274 1784 339 μετάγνωσις
1810 273 1881 337 ἦν.

296 358 452 421 ἐπειδὴ
490 358 538 408 δὲ
577 359 651 408 καὶ
692 358 716 406 ὁ
750 358 997 420 Ῥωμαίων
1023 358 1177 412 αὐτοῖς
1210 357 1455 425 ἐπέσκηψε
1489 356 1710 418 πόλεμος,
1738 377 1882 405 κατα-

297 439 533 507 δῃωμένης
567 439 720 492 αὐτοῖς
757 441 840 501 τῆς
874 439 1044 505 χώρας,
1078 441 1152 489 καὶ
1188 439 1376 490 πόλεων
1406 436 1779 504 ἐμπιπραμένων,
1809 438 1884 486 καὶ

297 520 434 570 οἴκων
474 520 816 585 ἐρημουμένων,
857 520 1255 586 πολιορκουμένης
1293 543 1341 571 τε
1380 520 1470 584 ἤδη
1510 521 1585 570 καὶ
1623 519 1765 582 αὐτῆς
1803 520 1885 581 τῆς

295 600 621 666 Ἰερουσαλὴμ,
640 604 716 652 καὶ
743 607 883 664 λιμοῦ
905 600 1247 665 κατατήκοντος
1267 602 1466 663 ἔνδοθεν,
1485 599 1739 652 ἐκαλοῦντο
1765 622 1884 653 τινες
1904 618 1925 657 5

76 703 163 737 784
179 701 228 734 A.
258 709 279 733 a
296 686 357 736 εἷς
383 682 705 747 συναίσθησιν
731 682 870 746 μόλις
901 688 995 734 τῶν
1022 685 1095 734 ἐπὶ
1122 687 1324 752 Χριστῷ
1349 682 1680 747 τολμημάτων,
1706 679 1886 749 ᾔδεσαν

296 787 345 814 τε
397 762 566 815 λοιπὸν
612 770 694 815 τοῦ
746 768 1008 815 κακοῦσθαι
1048 764 1132 818 τὰς
1182 767 1350 827 αἰτίας,
1393 766 1469 815 καὶ
1520 764 1591 814 ὅτι
1640 762 1885 830 πρόφασις

295 846 449 898 αὐτοῖς
475 850 557 896 τοῦ
582 850 748 896 παθεῖν
773 844 833 896 τὰ
859 846 927 897 ἐπ’
957 846 1082 915 αὐτῷ
1108 845 1272 911 γέγονε
1300 844 1662 908 δυσσεβήματα.
1718 844 1884 894 οὐκοῦν

294 926 450 991 ἐπειδὴ
495 929 855 997 κατωρχήσαντο,
902 923 1121 996 κόψονται
1163 929 1234 979 ἐπ’
1267 925 1422 982 αὐτους
1464 926 1643 978 κοπετὲν
1675 928 1774 976 ὡσεὶ
1815 926 1882 976 ἐπ’

294 1011 530 1074 ἀγαπητὸν
559 1016 635 1060 καὶ
665 1006 983 1069 ὀδυνηθήσονταιι
1015 1005 1152 1069 ὀδύνην
1180 1012 1237 1064 ὡς
1262 1010 1334 1060 ἐπὶ
1363 1009 1638 1078 πρωτοτὸκῳ.
1691 1008 1767 1057 καὶ
1792 1005 1885 1074 γὰρ
1908 1031 1956 1056 10

295 1091 369 1140 ἀεί
399 1114 499 1144 πως
535 1091 741 1158 ἄσχετον
767 1090 850 1154 μὲν
877 1095 1144 1158 καταχεῖται
1180 1089 1381 1156 δάκρυον
1407 1095 1501 1143 τοῖς
1535 1088 1884 1154 γεγεννηκόσιν,

296 1170 367 1238 ἐφ’
416 1176 497 1241 υἱῷ
541 1174 804 1243 πρωτοτόκῳ
851 1172 1042 1242 κειμένῳ
1088 1174 1162 1223 καὶ
1209 1176 1455 1241 ἀγαπητῷ,
1501 1172 1672 1234 κομμοὶ
1717 1169 1765 1220 δὲ
1809 1173 1884 1220 καὶ

296 1256 457 1319 θρῆνοι
503 1255 737 1320 καταίρειν
783 1259 844 1307 εἰς
894 1254 1028 1307 τέλος
1076 1255 1158 1304 οὐκ
1204 1252 1488 1320 ἀνεχόμενοι,
1532 1251 1689 1318 μακρὰ
1735 1250 1783 1302 δὲ
1827 1249 1884 1315 δὴ

294 1335 481 1388 πάντως
509 1337 583 1385 καὶ
615 1335 712 1386 οἷον
737 1334 947 1399 διηνεκὴς
973 1333 1101 1396 ὀδύνη,
1128 1335 1348 1400 δριμείαις
1385 1337 1484 1385 τισὶ
1520 1336 1594 1384 καὶ
1630 1331 1886 1401 ἀφορήτοις

251 1426 278 1466 b
295 1422 596 1482 προσβολαῖς
625 1416 787 1485 ψυχὴν
814 1416 1159 1481 κατατήκουσα.
1215 1417 1285 1467 ὅτι
1321 1414 1369 1467 δὲ
1406 1416 1607 1479 ἔμελλον
1632 1418 1694 1468 εἷς
1721 1413 1885 1480 πείραν
1908 1439 1954 1477 15

296 1499 449 1548 ἐλθεῖν
491 1499 706 1549 Ἰουδαῖοι
749 1503 842 1549 τῶν
886 1501 1074 1550 τοιῶνδε
1125 1503 1293 1560 κακῶν,
1336 1495 1811 1563 προκαταμεμήνυκεν
1859 1496 1885 1546 ὁ

297 1578 510 1645 Χριστὸς
542 1585 641 1633 ταῖς
675 1579 950 1633 κλαιούσαις
985 1581 1054 1631 ἐπ’
1084 1581 1208 1649 αὐτῷ
1244 1579 1460 1648 γυναιξὶν
1486 1579 1709 1641 ἐπιτιμῶν
1734 1600 1783 1627 τε
1809 1579 1885 1627 καὶ

74 1661 106 1690 S.
126 1660 206 1691 Luc.

75 1704 167 1734 xxiii.
187 1704 236 1735 28.
298 1660 453 1725 λέγων
482 1668 508 1690 “
526 1661 794 1728 Θυγατέρες
821 1660 1138 1727 Ἰερουσαλὴμ
1171 1662 1236 1725 μὴ
1268 1662 1450 1711 κλαίετε
1483 1661 1550 1711 ἐπ’
1580 1658 1674 1723 ἐμὲ,
1702 1658 1884 1709 κλαίετε

299 1749 324 1771 ‘⁶
386 1742 396 1758 Χ
437 1744 445 1758 5
486 1743 496 1758 2
538 1744 548 1757 f
598 1747 618 1756 Α
728 1745 741 1761 Χ
782 1744 791 1757 ’
827 1744 841 1760 X
910 1743 922 1759 Χ
999 1745 1011 1759 Ι
1131 1745 1141 1757 C
1197 1747 1217 1756 Α
1268 1743 1291 1758 ,D

349 1745 396 1793 δε
423 1746 484 1810 εφ
527 1766 643 1805 υμας
670 1767 744 1794 και
769 1766 842 1794 επι
869 1766 929 1794 τα
955 1767 1092 1794 τεκνα
1121 1766 1263 1806 υμων.

235 1982 370 2023 ΙΙἘν·
404 1985 455 2040 τῇ
491 1983 627 2041 ἡμέρα
665 1983 807 2041 ὲκείνῌ
845 1983 1210 2032 μεΓαλυνΘύσεται
1250 1982 1272 2024 ὁ
1313 1983 1493 2024 κοπετὸς
1529 1982 1574 2024 ἐν
1601 1983 1885 2039 Ἰερουσαλὴμ
1907 2002 1956 2027 20

234 2079 277 2103 12
367 2065 428 2107 ὡς
473 2066 655 2107 κοΠετὸς
700 2066 865 2122 ῥοώνος
908 2067 952 2107 ὲν
996 2065 1133 2120 Πεδίῳ
1164 2066 1497 2116 ὲκκοΠτομὲνου,
1535 2064 1604 2105 καὶ
1643 2065 1822 2115 κόψεται
1860 2065 1883 2106 ἡ

367 2151 415 2195 sn
459 2149 564 2189 κατὰ
609 2148 749 2204 φυλὰς
790 2150 943 2204 φυλάς·
993 2148 1106 2204 φυλὴ
1153 2148 1242 2189 καθ’
1286 2148 1457 2199 ἑαυτήν,
1497 2147 1565 2188 καὶ
1608 2145 1650 2188 αἶ
1692 2145 1886 2195 Γυναῖκες

259 2250 280 2273 c
366 2231 509 2272 αὐτῶν
549 2232 639 2273 καθ’
683 2231 853 2282 ἑαυτὰς,
893 2232 1006 2287 φυλὴ
1046 2229 1166 2272 οἴκου
1199 2230 1355 2272 Δαυεὶδ
1396 2230 1485 2271 καθ’
1530 2230 1701 2281 ἑαυτήν,
1736 2231 1805 2271 καὶ
1842 2229 1885 2272 αἱ

366 2311 557 2360 Γυναῖκες
592 2314 733 2355 αὐτῶν
768 2314 856 2355 καθ’
892 2315 1058 2356 ἑαυτάς·
1106 2313 1219 2369 φυλὴ
1255 2310 1376 2354 οἷ’κου
1411 2313 1554 2354 Νάθαν
1588 2312 1678 2354 καθ’
1712 2311 1883 2362 ἑαυτήν,

234 2411 277 2445 13
367 2397 434 2437 καὶ
478 2395 519 2438 αἰ
563 2395 755 2444 Γυναῖκες
799 2397 941 2439 αὐτῶν
984 2398 1075 2439 καθ’
1120 2397 1286 2438 ἑαυτάς·
1337 2396 1450 2451 φυλὴ
1490 2392 1610 2437 οἴκου
1647 2396 1742 2437 Λευὶ
1783 2396 1874 2437 καθ’
1904 2409 1951 2447 25

343 2552 376 2583 3.
403 2540 686 2584 ἐμπιμπραμένων
704 2540 795 2574 Edd.
816 2540 949 2574 correxi
967 2552 1007 2573 ex
1030 2540 1070 2573 B.
1076 2539 1116 2574 C.
1183 2554 1236 2573 και
1254 2539 1316 2573 οἰκ.
1336 2539 1429 2584 ἐρημ.
1449 2550 1518 2573 om.
1537 2538 1578 2573 C.
1772 2547 1805 2582 5.
1832 2539 1884 2573 ἕν-

298 2587 397 2620 δοθεν
414 2599 484 2620 om.
505 2586 546 2621 C.
722 2586 756 2621 6.
781 2586 943 2630 αἴσθησιν
962 2586 1002 2621 C.
1068 2587 1122 2620 ἐπὶ
1140 2588 1292 2630 Χριστοῦ
1311 2586 1352 2620 C.
1417 2584 1552 2619 εἰδεσαν
1570 2584 1611 2618 C.
1786 2585 1819 2618 8.
1845 2586 1884 2619 τὸ

298 2645 361 2678 pro
378 2636 438 2667 τοῦ
456 2633 536 2675 (sic)
556 2632 596 2667 C.
831 2645 864 2678 9.
890 2647 1028 2678 κατορχ.
1049 2632 1090 2666 C.
1156 2632 1205 2666 ἐπ’
1225 2647 1344 2667 αυτους
1363 2631 1404 2665 C.
1423 2638 1462 2665 ut
1481 2629 1774 2687 811ρ1·ε1.ε’πάὺτῷ
1794 2630 1827 2663 D
1846 2638 1886 2665 ut

298 2679 447 2713 videtur.
467 2679 526 2722 (68
545 2681 587 2713 al
594 2681 605 2721 )
624 2678 679 2724 ἐφ’
699 2680 828 2714 ἑαυτοῖς
846 2678 937 2713 Edd.
1000 2679 1083 2713 ὡσεὶ
1100 2679 1228 2713 retinui
1245 2690 1286 2712 ex
1306 2678 1398 2712 Edd.
1417 2678 1462 2713 ὡς
1480 2677 1521 2711 C.
1583 2676 1633 2710 ἐπ’
1651 2676 1823 2721 ἀγαπητὸν
1842 2677 1883 2712 C.

298 2725 349 2759 ἐπ
368 2726 529 2771 ἀγαπητῷ
548 2725 608 2759 iid.
812 2736 864 2759 10.
892 2727 944 2759 καὶ
962 2727 1027 2770 γὰρ
1046 2737 1115 2759 om.
1137 2725 1177 2759 C.
1379 2736 1431 2769 13.
1451 2722 1633 2768 καταίρειν]
1653 2724 1825 2767 καρτερεῖν
1843 2723 1884 2758 C.

302 2782 354 2815 15.
381 2773 500 2817 ψιχὴν
521 2772 560 2806 C.
567 2772 611 2805 D.
636 2770 751 2817 [prius
777 2773 949 2805 omissum
974 2772 1009 2805 in
1035 2784 1108 2816 mg.
1135 2783 1242 2805 manu
1267 2779 1307 2805 ut
1330 2770 1400 2805 vid.
1424 2770 1536 2814 prima
1561 2768 1681 2824 Ο.]ψ
1648 2769 1767 2813 ψυχὰς
1790 2769 1882 2804 Edd.

301 2819 426 2852 Statim
444 2818 677 2861 κατατήκουσα
697 2819 742 2852 D.
762 2818 854 2852 Edd.
874 2818 1117 2862 κατατήκουσιν
1136 2818 1177 2852 C.
1438 2816 1490 2849 16.
1516 2829 1675 2849 τοιουτων
1694 2816 1734 2849 C.
1797 2830 1884 2860 προ-

300 2864 565 2907 καταμεμὴνυκεν
583 2864 623 2898 C.
641 2879 788 2909 προμεμ.
808 2864 900 2898 Edd.
1044 2875 1099 2898 20.
1119 2864 1154 2898 ἐν
1167 2865 1224 2897 alt.
1263 2863 1317 2897 ε’πι
1337 2862 1377 2897 C.
1394 2861 1488 2904 (106.
1494 2865 1504 2905 )
1650 2873 1705 2896 21.
1723 2862 1882 2896 ἐκκοπτο-

299 2909 398 2951 μένου
416 2911 456 2943 B.
475 2911 519 2944 cf.
534 2911 621 2944 infra
638 2918 671 2944 et
688 2923 795 2955 supra
812 2912 879 2955 483
893 2923 923 2945 c.
943 2911 1073 2945 ἐνκοπτ.
1092 2911 1225 2955 (εέγκ.
1261 2909 1301 2944 C.
1319 2908 1450 2943 Pont.'
1432 2922 1502 2953 εγκ.
1521 2907 1557 2942 F.
1571 2908 1663 2942 Aub.
1679 2909 1774 2953 (130,
1786 2908 1882 2953 311.)

302 2965 355 2996 24.
383 2956 452 2989 καθ’
471 2956 604 3001 εἰιυτιὶς]
625 2957 696 2991 καθ’
716 2958 846 2992 ἑαυταῖς
869 2957 909 2990 C.
