1997 3361
111 168 254 222 iii.17.
553 171 625 212 IN
667 172 941 213 ABACUC.
1002 171 1153 212 TOM.
1190 172 1248 211 ΙΙ.
1601 172 1676 209 163

108 281 210 346 ουχὶ
236 277 283 330 δὲ
322 282 396 330 καὶ
432 280 841 349 κατολοφύρεσθαι
871 284 996 332 δοκεῖ
1025 281 1109 345 τὴν
1135 279 1507 344 συμβησομένην
1532 279 1673 342 ἁκαρ-
1694 303 1713 327 c

106 360 219 412 πίαν
256 362 386 430 αὐτῇ.
442 364 516 413 καὶ
551 362 739 429 τρόποις
770 364 878 427 ἡμῖν
911 362 1055 426 αὐτὴν
1090 361 1424 426 κατασημαίνει
1456 365 1673 418 πολλοῖς,

106 445 168 496 ὡς
194 443 323 504 συκῆν
348 444 542 496 ε”σεσθαι
573 445 740 510 λέγων,
767 446 820 510 ἧς
850 444 908 496 ἂν
933 447 1076 499 οὐδεὶς
1107 445 1288 511 γε’νοιτο
1316 443 1500 512 καρπός.
1554 444 1674 493 οὕτω

105 523 199 591 γὰρ
218 524 361 590 αὐτὴν
382 528 456 577 καὶ
483 526 618 581 αὐτὸς
639 527 884 590 ὠνόμασεν
903 529 928 578 ὁ
951 527 1130 593 Σωτὴρ,
1151 529 1213 581 ὡς
1237 529 1283 577 ἐν
1302 525 1674 592 παραδείγματος

1736 602 1769 631 S.
1788 602 1867 633 Luc.

1737 647 1803 677 xiii.
1824 648 1843 675 ο

1735 700 1805 730 S‘lq.

64 617 86 655 5
105 605 263 677 τρόπῳ
289 609 443 674 λέγων
469 616 495 639 “
513 612 667 673 Συκῆν
692 609 790 677 εἶχέ
807 633 874 664 τις
899 610 1247 677 πεφυτευμένην
1270 610 1318 659 ἐν
1343 612 1408 677 τῷ
1432 609 1674 670 ἀμπελῶνι

107 696 134 719 “
159 691 345 741 αὑτοῦ.”
404 690 461 755 ἢν
498 694 572 742 καὶ
617 692 828 759 ἄκαρπον
867 693 1031 753 οὖσαν,
1075 695 1168 742 δεῖν
1212 691 1301 759 ἔφη
1346 690 1513 741 λοιπὸν
1550 691 1670 740 ἁπο-

104 772 367 836 τέμνεσθαι,
393 774 467 824 ἵνα
500 772 564 837 μὴ
594 772 680 837 τὴν
717 778 806 840 γῆν
843 779 1069 842 καταργῇ.
1133 772 1363 839 ἐπάρατον
1395 771 1449 823 δέ
1475 796 1568 824 που
1599 774 1675 822 καὶ

104 853 189 917 τὴν
222 855 314 920 πρὸ
356 860 450 906 τῶν
482 857 826 922 Ἱεροσολύμων
869 859 1064 907 ἐποιεῖτο
1101 858 1268 919 συκῆν·
1311 856 1364 905 οὐ
1401 854 1493 921 γὰρ
1529 854 1674 920 εὑρὼν

104 938 152 986 ἐν
193 938 309 1004 αὐτῇ
350 937 529 1003 καρπόν
566 946 593 967 “
615 940 812 1003 Μηκέτι,
857 941 1022 1008 φησὶν,
1061 940 1110 989 ἐκ
1148 943 1239 989 σοῦ
1274 936 1450 1004 καρπὸς
1487 936 1674 1003 γένηται
1734 955 1893 1006 &Mum

40 1029 86 1061 10
105 1025 131 1047 “
158 1022 218 1072 εἰς
242 1018 325 1070 τὸν
348 1019 537 1070 αἱῶνα.”
1734 1011 1801 1030 xm
1823 1009 1869 1040 ω’

178 1101 447 1168 Παρεικάζει
487 1101 535 1153 δὲ
570 1102 714 1166 αὐτὴν
754 1104 829 1153 καὶ
866 1102 1073 1171 ἀμπέλῳ
1113 1101 1327 1168 βοτρύων
1361 1100 1530 1171 ἐρήμῳ.
1598 1103 1719 1154 καὶᾶ

102 1181 194 1248 γάρ
236 1184 338 1234 ἐστι
386 1183 545 1247 πάλιν,
588 1183 709 1235 καθά
753 1188 903 1251 φησιν
951 1185 976 1234 ὁ
1019 1184 1266 1251 προφήτης
1305 1183 1514 1237 εΗσαΐας
1564 1185 1672 1234 “‘O
1734 1198 1884 1238 Es.v.7.

102 1272 129 1293 “
154 1266 377 1328 ἀμπελὼν
405 1267 579 1332 Κυρίου
606 1265 813 1327 Σαβαὼθ
845 1267 1090 1334 ἄνθρωπος
1121 1272 1204 1317 τοῦ
1229 1266 1402 1328 Ἰούδα,
1432 1264 1672 1335 νεόφυτον,

102 1354 128 1375 “
153 1347 491 1412 ἠγαπημε’νον.”
544 1348 655 1399 ἀλλ’
682 1356 709 1378 “
729 1347 1000 1416 ἐχαράκωσε
1038 1347 1124 1412 μὲν
1161 1348 1314 1411 αὐτὸν,
1343 1350 1418 1399 καὶ
1449 1349 1673 1416 φραγμὸν
1734 1366 1784 1397 Ib.
1805 1378 1833 1398 ε.

37 1436 82 1475 ¹5
102 1436 129 1458 ‘⁶
153 1429 402 1496 περιέθηκε,
433 1433 508 1482 καὶ
546 1432 813 1495 ἀνεδείματο
849 1432 1047 1498 πυργίον
1077 1433 1126 1482 ἐν
1159 1432 1299 1500 αὐτῷ,
1329 1432 1404 1481 καὶ
1439 1428 1588 1499 ὤρυξε
1619 1429 1673 1481 τὸ

102 1518 129 1540 “
154 1512 422 1577 προλήνιον,
463 1515 539 1564 καὶ
575 1514 777 1578 ε’πέμεινε
815 1519 897 1565 τοῦ
935 1516 1131 1577 ποιῆσαι
1173 1512 1442 1581 σταφυλὴν,
1484 1512 1672 1577 ἐποίησε

100 1601 128 1623 “
153 1594 201 1646 δὲ
245 1596 489 1649 άκάνθας.”
553 1596 771 1664 ταύτῃτοι
822 1595 879 1660 δὴ
928 1595 1190 1660 ἐλυμήνατο
1233 1595 1317 1659 μὲν
1356 1594 1513 1659 αὐτὴν,
1549 1595 1672 1647 καθά

100 1684 250 1744 φησιν
276 1679 301 1729 ὁ
328 1681 502 1730 Δαυείδ
527 1677 663 1733 6ίῖΥς
699 1681 749 1730 ἐκ
775 1682 962 1745 δρυμοῦ,
989 1680 1064 1730 καὶ
1100 1676 1258 1741 μονιὸς
1290 1677 1450 1744 ἄγριος
1480 1701 1664 1729 κατενε-
1732 1683 1892 1715 ΡΞᾸΧΧῙΧ·

101 1768 128 1789 “
151 1760 339 1824 μήσατο
365 1761 533 1827 αὐτήν·’
588 1766 772 1813 καθεῖλε
811 1761 859 1812 δὲ
890 1768 917 1790 “
936 1759 1017 1812 τὸν
1055 1758 1279 1830 φραγμὸν
1317 1761 1470 1823 αὐτῆς,
1498 1763 1572 1810 καὶ
1597 1783 1669 1811 τε-
1689 1787 1710 1813 e
1731 1744 1783 1813 1ng
1804 1788 1853 1818 13.

34 1859 82 1882 20
102 1850 129 1872 ‘⁶
154 1843 442 1908 τρυγήκασιν
465 1844 609 1909 αὐτὴν
627 1843 796 1897 πάντες
819 1847 861 1894 οἱ
884 1842 1312 1910 παραπορευόμενοι
1337 1841 1422 1906 τὴν
1448 1843 1594 1894 ὁδόν.”

173 1921 434 1993 Ἐψεῦσατο
460 1926 508 1978 δὲ
534 1929 608 1978 καὶ
633 1929 715 1990 τῆς
738 1926 900 1980 ἐλαίοις
933 1925 987 1976 τὸ
1021 1925 1151 1993 ἔργον,
1177 1925 1390 1976 τουτέστι
1420 1924 1566 1976 πάλιν
1589 1928 1672 1988 τῆς

97 2008 332 2058 Ἰουδαίων
358 2011 657 2074 Συναγωγῆς.
704 2009 824 2059 οὕτω
861 2006 955 2074 γὰρ
989 2007 1133 2071 αὐτὴν
1158 2008 1492 2071 κατασημαίνει
1518 2007 1671 2073 λέγων

98 2093 173 2139 καὶ
205 2091 230 2140 ὁ
255 2090 500 2158 προφήτης
522 2091 741 2157 Ἱερεμίας
767 2097 794 2119 “
811 2089 1011 2141 Ἐλαίαν
1042 2091 1226 2155 ὡραίαν,
1253 2090 1440 2140 εὔσκιον
1464 2093 1531 2158 τῷ
1565 2089 1670 2140 ε’ίδει
1731 2109 1824 2158 Hier.

97 2181 124 2202 ‘⁶
149 2173 343 2226 ἐκάλεσε
372 2175 542 2241 Κύριος
571 2175 625 2226 τὸ
656 2172 802 2236 ὄνομά
835 2198 926 2226 σου
951 2178 1013 2229 εἷς
1047 2173 1210 2242 φωνὴν
1234 2177 1483 2238 περιτομῆς
1509 2175 1665 2237 αὐτῆς·
1730 2157 1844 2235 ἣηὶ

32 2268 77 2304 25
98 2264 124 2286 ‘⁶
148 2258 335 2326 ἀνήφθη
372 2263 466 2323 πῦρ
505 2256 573 2308 ἐπ’
602 2256 759 2318 αὐτὴν,
788 2256 969 2322 μεγάλη
1008 2257 1035 2319 ἡ
1074 2258 1239 2325 θλίψις
1274 2257 1347 2307 ἐπὶ
1379 2255 1449 2319 σὲ,
1476 2256 1668 2323 ἠχρειώ-

98 2347 124 2369 “
150 2344 305 2405 θησαν
338 2344 380 2391 οἱ
413 2338 576 2391 κλάδοι
607 2340 760 2401 αὐτῆς,
787 2342 861 2390 καὶ
889 2339 1059 2405 Κύριος
1085 2343 1178 2389 τῶν
1203 2338 1440 2401 δυνάμεων
1467 2339 1490 2387 ὁ
1517 2362 1660 2389 κατα-

146 2526 175 2548 1.
203 2515 255 2548 καὶ
271 2526 340 2550 om.
360 2515 406 2549 D.
603 2525 635 2559 3.
660 2514 801 2548 ἔσεσθαι
818 2525 887 2547 om.
909 2514 953 2547 D.
1152 2525 1184 2554 4.
1211 2513 1384 2556 ὠνόμασεν
1402 2511 1481 2545 D.a.
1500 2512 1665 2555 ὠνόμαζεν

98 2561 187 2595 Edd.
577 2569 607 2605 7.
632 2575 697 2595 που
714 2572 783 2595 om.
804 2560 850 2594 D.
1235 2559 1268 2593 8.
1293 2559 1447 2592 ἐποιοῦτο
1464 2558 1552 2602 (sic)
1572 2558 1664 2592 Edd.

97 2620 129 2652 9.
153 2607 283 2652 γένοιτο
302 2608 348 2642 D.
719 2618 771 2641 11.
797 2606 986 2651 παρεικάζει
1005 2606 1084 2639 D.a.
1101 2605 1268 2648 ἀπεικάζει
1285 2605 1376 2639 Edd.
1425 2604 1566 2650 ἀμπέλῳ
1584 2605 1663 2639 D.a.

96 2655 264 2698 ἀμπελῶνι
283 2655 326 2690 Β.
341 2653 431 2689 Edd.
588 2665 641 2688 12.
668 2654 751 2688 καθά
770 2653 844 2688 Βάὶ.
863 2652 945 2686 καθό
965 2652 1010 2686 D.
1030 2652 1135 2687 καθώς
1153 2651 1243 2685 Edd.
1289 2649 1435 2686 Ἡσαΐας
1452 2652 1470 2683 ὁ
1487 2651 1665 2695 προφήτης

98 2701 165 2735 inv.
184 2702 258 2736 ord.
277 2702 324 2735 D.
504 2713 555 2747 13.
583 2702 746 2746 νεόφυτος
765 2699 972 2745 ἦγαπημένος
991 2698 1082 2732 Edd.
1101 2699 1217 2732 invitis
1236 2698 1362 2732 B.D.a.
1532 2708 1584 2743 15.
1611 2699 1664 2732 καὶ

98 2748 192 2791 prius
210 2761 279 2782 om.
299 2749 345 2783 D.
394 2749 535 2793 πυργίον
553 2748 594 2782 Β.
616 2748 706 2782 Edd.
724 2747 854 2792 πύργον
872 2747 918 2780 D.
967 2746 1005 2779 τὸ
1025 2746 1071 2779 D.
1092 2745 1180 2778 Edd.
1200 2744 1295 2778 deest
1312 2745 1344 2777 in
1367 2744 1408 2778 B.
1539 2745 1592 2778 16.
1610 2745 1663 2778 καὶ

97 2805 166 2828 Om.
185 2795 231 2829 D.
507 2805 559 2840 17.
584 2810 635 2828 τοι
653 2800 871 2838 assumptum
890 2804 931 2826 ex
949 2792 1075 2826 B.D.a.
1125 2793 1177 2825 καὶ
1195 2803 1256 2836 prO
1274 2791 1313 2835 δὴ
1333 2791 1379 2824 D.
1443 2791 1663 2835 διελυμήνατο

97 2852 158 2884 pro
175 2841 214 2885 δὴ
231 2842 327 2886 ἐλυμ.
346 2853 377 2876 a.
441 2843 500 2885 μὲν
516 2854 586 2876 om.
605 2841 651 2875 D.
717 2841 822 2876 καθώς
840 2839 931 2873 Edd.
949 2839 1065 2872 invitis
1086 2838 1210 2872 B.D.a.
1530 2838 1582 2871 18.
1609 2838 1661 2871 ἐκ-

98 2886 255 2930 δρυμῶσα
273 2890 325 2922 καὶ
343 2888 417 2923 ὄνος
435 2900 496 2933 pro
513 2889 549 2922 ἐκ
566 2889 693 2932 δρυμοῦ
709 2889 763 2922 καὶ
778 2888 891 2931 μονιὸς
908 2885 967 2920 iid.
986 2886 1102 2919 invitis
1121 2885 1246 2919 B.D.a.
1450 2896 1501 2929 19.
1528 2885 1660 2919 καθεῖλε

98 2932 150 2977 δέ]
170 2935 222 2968 καὶ
239 2935 370 2969 καθεῖλε
389 2936 435 2969 D.
501 2938 669 2979 τρυγῶσιν
687 2935 733 2968 D.
1103 2942 1157 2966 20.
1184 2931 1284 2976 αὐτὴν
1301 2932 1420 2967 πάντες
1438 2931 1503 2966 hoc
1523 2932 1597 2967 ord.
1618 2931 1661 2966 Β.

97 2981 214 3016 πάντες
230 2993 299 3016 om.
319 2982 365 3016 D.
554 2993 609 3024 24.
636 2980 772 3026 Κύριος]
797 2985 831 3021 -i-
854 2979 996 3019 σαβαὼθ
1015 2979 1059 3013 D.

822 3048 891 3074 Yz
