2053 3382
82 1104 111 1154 S
130 1105 205 1136 Jac.

81 1159 122 1179 ιν.
138 1158 170 1189 4.

311 174 396 212 554
700 177 749 217 B.
792 176 1071 216 CYRILLI
1123 178 1509 219 ALEXANDR.
1803 175 1828 213 i·
1853 183 1893 226 5·

309 286 535 345 πεσεῖται,
576 287 699 334 Θεοῦ
748 283 1165 353 καταστρέφοντος·
1232 286 1286 337 οὐ
1329 285 1423 353 γὰρ
1467 285 1560 354 ἕχει
1602 283 1657 336 τὸ
1700 282 1896 344 βέβαιον

309 361 368 412 τὰ
410 365 459 413 ἐν
501 367 619 433 τῶδε
660 368 727 433 τῷ
771 363 939 435 κόσμῳ
982 366 1254 433 πράγματα,
1296 369 1401 419 οὔτε
1445 366 1538 431 μὴν
1580 367 1763 429 διηνεκῆ
1809 362 1895 427 τὴν

309 444 509 512 μέθεξιν.
577 446 855 511 παριππεύει
902 446 996 514 γὰρ
1047 448 1154 503 τοὺς
1204 449 1397 518 ε”χοντοις
1449 448 1738 515 πρόσκαιρος
1789 447 1889 497 ἐπι-

271 545 292 571 c
311 527 464 587 θυμία,
492 528 566 577 καὶ
602 528 650 578 ἐν
676 527 766 597 ’ίσῳ
801 532 915 598 σκιᾷ
947 529 1294 594 μετατάττεται,
1321 529 1350 596 ἢ
1384 529 1570 600 θανάτῳ
1604 527 1895 591 σβεσθέντος

307 606 442 669 τινὸς,
490 606 635 673 ἤγουν
680 608 910 675 ἀδοκήτου
957 616 1212 679 συμφορᾶς
1259 612 1634 678 ἐπενηνεγμένης.
1698 610 1808 661 ἀλλ’
1856 612 1893 659 εὶ

306 689 387 739 καί
419 711 489 743 τις
528 690 688 741 ἕλοιτο
726 696 821 741 τῶν
860 697 1039 757 νοητῶν
1075 695 1349 757 Ἰδουμαίων
1386 694 1470 745 τὸν
1508 696 1672 745 ἑαυτοῦ
1717 694 1894 758 κλῆρον

306 767 563 838 οἰκοδομεῖν,
610 770 639 835 ἢ
690 778 902 824 πλοῦτον
945 776 1203 841 συλλέγων
1246 774 1329 827 τὸν
1372 776 1428 845 ἐξ
1473 776 1666 838 ἀδικίας,
1716 773 1745 839 ἢ
1795 778 1893 827 τοῖς

304 852 527 906 διακένοις
576 854 809 923 δοξαρίοις
860 857 1117 925 ἐντρυφῶν,
1162 860 1237 909 καὶ
1282 859 1573 911 δυναστείαις
1624 861 1724 909 ταῖς
1774 854 1892 906 κατὰ

302 931 386 984 τὸν
416 935 523 994 βίον
548 936 889 1002 ἐναβρύνεσθαι
923 939 1091 1001 θέλων,
1126 939 1268 991 αὑτὸν
1300 938 1486 1005 εὑρήσει
1520 938 1603 990 τὸν
1636 942 1730 989 τῶν
1765 936 1892 987 ὅλων

305 1015 431 1066 Θεὸν
460 1021 710 1086 μονονουχὶ
746 1022 822 1070 καὶ
856 1020 1180 1086 ἀνθεστηκότα
1214 1024 1288 1073 καὶ
1323 1021 1605 1089 μαχόμενον.
1660 1021 1722 1073 ὡς
1747 1018 1890 1085 γᾶρὸ

303 1098 558 1154 θεσπέσιος
592 1101 805 1170 γε’γραφε
839 1102 1051 1167 μαθητής
1088 1104 1195 1155 “Ε’ί
1225 1127 1294 1157 τις
1329 1102 1452 1155 θέλει
1485 1101 1598 1154 εἶναι
1637 1101 1780 1171 φίλος
1809 1106 1892 1151 τοῦ

303 1186 331 1208 “
357 1179 556 1243 κόσμου,
602 1182 767 1250 ἐχθρὸς
812 1189 895 1235 τοῦ
942 1189 1067 1236 Θεοῦ
1113 1186 1439 1237 καθι’σταται.”
1496 1186 1550 1236 οὐ
1597 1183 1892 1236 πεπαύσεται

259 1265 284 1306 (1
303 1261 409 1327 γὰρ,
433 1265 495 1316 ὡς
519 1263 652 1331 ἔφην,
673 1270 769 1319 τοῖς
794 1265 853 1316 τὰ
881 1266 1021 1331 γήϊνα
1045 1271 1235 1335 φρονεῖν
1261 1268 1505 1335 ᾑρημένοις
1532 1266 1890 1329 ἐναντιούμενος,

302 1344 413 1393 ἀλλ’
454 1345 558 1396 οὐδὲ
598 1349 680 1409 τῆς
721 1348 839 1413 πρὸς
882 1348 1047 1402 αὐτοὺς
1089 1348 1343 1417 καταλήξει
1389 1350 1557 1416 μάχης.
1629 1352 1762 1411 μισεῖ
1796 1346 1890 1413 γὰρ

302 1426 370 1475 ἀεὶ
419 1424 503 1476 τὸν
552 1428 810 1494 ἀλιτήριον,
863 1432 938 1479 καὶ
997 1429 1307 1492 ἀπόπεμπτον
1356 1436 1551 1482 ποιεῖται
1601 1428 1683 1480 τὸν
1736 1435 1882 1497 φιλα-

301 1506 594 1572 μαρτήμονα.

263 1720 284 1758 5
308 1716 381 1758 Καὶ
420 1716 457 1759 οἱ
494 1718 713 1774 ὀφθαλμοὶ
758 1721 874 1769 ὑμῶν
913 1721 1109 1773 ὄψονται,
1153 1723 1220 1763 καὶ
1264 1720 1380 1770 ὑμεῖς
1422 1719 1559 1778 ἐρεῖτε
1591 1720 1886 1770 ἘμεΓοιλύνθΗ

371 1800 519 1858 Κύριος
557 1802 763 1860 ὑπεράνω
800 1803 886 1845 τῶν
924 1804 1053 1861 ὁρίων
1092 1808 1164 1847 τοῦ
1192 1805 1382 1862 Ἰσραήλ.

366 1941 538 2007 ”Οταν,
578 1946 716 2012 φησὶ,
756 1944 840 2009 τὴν
880 1950 972 1996 τῶν
1012 1946 1306 2012 πραγμάτων
1345 1945 1673 2013 καταθρήσατε
1718 1944 1884 2013 φύσιν,

300 2027 549 2093 μονονουχὶ
585 2025 631 2076 δὲ
667 2028 742 2077 καὶ
778 2027 1031 2091 ἀναμύοντι
1068 2032 1132 2097 νῷ
1166 2028 1377 2093 κατίδητε
1414 2032 1586 2096 σαφῶς
1617 2026 1736 2093 ἅπερ
1770 2026 1888 2095 ε”φην

261 2128 283 2155 e
302 2106 483 2172 ἀρτίως,
508 2107 613 2158 τότε
641 2106 698 2171 δὴ
724 2108 912 2163 πάντως
939 2110 1064 2176 ἐρεῖτε
1095 2109 1569 2176 συγκαταβαίνοντες,
1599 2108 1669 2160 ὅτι
1697 2108 1889 2176 δεδόξα-

300 2210 414 2238 σται
457 2190 532 2239 καὶ
577 2188 850 2256 ἑμεγαλόνθη
893 2190 1039 2260 Κύριος
1078 2192 1127 2241 ἐν
1164 2196 1260 2245 τοῖς
1307 2195 1432 2260 ὁρίοις
1475 2193 1547 2242 τοῦ
1584 2191 1781 2260 Ἰσραήλ.
1847 2192 1888 2240 οἱ

299 2267 385 2332 μὲν
414 2268 507 2335 γὰρ
548 2270 605 2338 ἐξ
634 2270 809 2331 Ἰακὼβ
846 2271 1105 2337 γεγονότες,
1143 2271 1388 2323 τουτέστιν
1418 2272 1645 2333 Ἰουδαῖοι,
1684 2294 1889 2338 προσκε-

299 2350 558 2417 κρουκότες,
587 2353 649 2406 ὡς
677 2352 809 2421 ἔφην,
837 2351 913 2403 διὰ
943 2354 1179 2417 πλείστην
1205 2353 1443 2415 ἀσέβειαν,
1474 2353 1649 2422 ἕξοικοί
1675 2376 1725 2403 τε
1751 2352 1889 2418 γεγό-

300 2455 439 2483 νασιν
477 2434 552 2483 καὶ
596 2432 890 2501 αἰχμάλωτοι
934 2436 1009 2485 καὶ
1059 2435 1297 2499 ἀλώσιμοι
1336 2440 1433 2490 τοῖς
1478 2437 1675 2503 ἐχθροῖς.
1734 2433 1887 2498 ἐπειδὴ

299 2513 348 2565 δὲ
378 2514 678 2582 πεπραχότας
703 2516 879 2570 ἀθλίως
903 2518 978 2567 καὶ
1005 2517 1321 2584 ἀποχρώντως
1348 2516 1722 2581 κεκολασμένους
1748 2538 1888 2580 κατη-

300 2595 474 2660 λεήσεν
513 2598 538 2647 ὁ
579 2596 715 2659 Θεὸς,
754 2598 1141 2672 ἀνεκομίσθησαν
1178 2602 1240 2652 εἰς
1281 2597 1336 2649 τὸ
1380 2599 1458 2649 ἀπ’
1501 2600 1660 2665 ἀρχῆς,
1702 2599 1887 2664 ἀνενεγ-

349 2750 381 2774 2.
399 2740 549 2785 πρακτέα
568 2740 659 2776 Edd.
725 2752 757 2786 3.
776 2740 988 2786 περιιππεύει
1005 2740 1065 2776 iid.
1086 2748 1165 2776 ante
1183 2741 1317 2787 Migne.
1367 2740 1506 2785 εὐθυμία
1524 2741 1584 2776 iid.
1657 2754 1690 2785 4.
1710 2744 1808 2778 σκιᾶς
1824 2743 1886 2778 iid-

301 2785 334 2820 6.
360 2790 486 2829 νοητῶν
503 2793 725 2832 assumptum
743 2799 784 2822 ex
806 2788 847 2822 B.
1014 2789 1047 2822 8.
1073 2788 1260 2832 δοξασμοῖς
1279 2788 1321 2823 Β.
1387 2788 1457 2835 καὶ]
1477 2788 1495 2832 ἢ
1515 2788 1605 2823 Edd.
1768 2800 1821 2824 12.
1847 2790 1887 2824 οὐ

300 2832 526 2878 πεπαύσεται]
546 2836 638 2868 οὔπω
654 2833 821 2868 παύσεται
838 2834 897 2868 iid.
1043 2846 1096 2879 13.
1122 2834 1505 2881 τοῖς-ἐναντιούμενος]
1525 2834 1809 2880 τῶν--ᾐρημένων
1825 2836 1887 2871 iid.

305 2889 357 2922 19.
385 2879 636 2926 καταθρήσατε]
657 2881 902 2926 κατωρθώσατε
923 2880 1077 2927 [κατορθ.
1099 2880 1220 2927 Pont.]
1239 2881 1299 2917 iid.
1615 2892 1670 2916 20.
1697 2883 1732 2916 δὲ
1751 2894 1821 2917 om.
1841 2883 1886 2918 Β.

301 2927 347 2969 τῷ
365 2937 428 2975 pro
447 2928 491 2971 νῷ
510 2926 604 2962 Aub.
794 2938 848 2962 21.
877 2927 1180 2973 συγκατανεύοντες
1199 2927 1290 2963 Edd.
1482 2939 1536 2963 22.
1563 2927 1704 2975 Κύριος]
1724 2930 1809 2965 Θεὸς
1826 2929 1884 2964 iid.

303 2971 347 3003 cf.
367 2971 466 3006 msra.

1914 620 1937 659 5

1915 1039 1963 1065 10

1913 1444 1960 1482 15

1909 2052 1959 2077 20

1909 2452 1956 2491 25
