1997 3361
79 152 177 201 ii.o,
204 164 237 204 7.
452 154 523 194 IN
567 154 980 194 ZACHAIMAM.
1042 153 1192 193 TUM.
1233 154 1261 193 1.
1569 152 1649 189 305

76 280 129 320 Ὠ
157 279 193 320 ὦ
220 283 396 337 <pem-cre
423 283 469 323 ἐκ
506 286 577 328 Γῆς
605 284 751 339 βορῤἁ,
779 285 887 330 λέΓει
920 283 1081 338 Κύριος,
1110 282 1213 323 δυ’τι
1241 282 1287 320 ὲκ
1317 280 1399 321 τῶν
1429 280 1649 334 τεσσάρων
1673 285 1693 317 (ι

143 367 313 413 ἀνέμων
357 371 429 407 τοῦ
473 368 656 424 οὐρανοῦ
701 368 870 408 συνάξω)
918 368 1037 415 ὑμᾶς,
1082 368 1190 413 λὲΓει
1232 366 1391 420 Κύριοι·
1440 362 1499 404 εἰς
1537 363 1692 404 ΣιὼνῚ

143 449 409 506 ἁναοώςεσθε
441 449 478 491 οἱ
513 454 808 491 κατοικοῦντες
842 451 1047 506 υω-ατέρα
1084 449 1348 498 Βαβυλῶνος.

149 582 512 649 Ἐπιστυγνάζει
536 584 619 646 μὲν
644 582 805 649 ὥσπερ
838 588 932 636 τοῖς
965 587 1173 634 παθοῦσι
1199 581 1283 644 τὴν
1309 578 1653 647 αἰχμαλωσίαν,

38 679 58 715 5
79 667 140 718 ὡς
178 666 433 716 δύσοιστον
469 668 704 717 ἁνατλᾶσι
743 666 827 730 τὴν
865 667 1204 730 ταλαιπωρίαν,
1235 666 1308 713 καὶ
1341 662 1396 725 δὴ
1430 663 1504 711 καὶ
1538 662 1654 710 ἀπο-
1674 664 1700 704 «Ι

79 747 388 814 νοσφίζεσθαι
420 748 594 799 κελεύει
635 748 804 799 λοιπὸν
842 751 924 811 τῆς
963 748 1218 797 Χαλδαίων
1258 745 1426 811 χώρας,
1454 745 1515 796 ὡς
1553 740 1656 792 ἐνὸν

77 829 165 893 ἤδη
204 836 341 881 τοῦτο
380 832 496 894 δρᾶν
536 832 703 892 αὐτοῖς,
731 830 1018 898 ἐξείργοντος
1057 827 1251 889 οὐδενὸς,
1280 828 1419 877 αὐτοῦ
1447 849 1494 876 τε
1526 831 1650 875 συλ-

78 911 299 976 λέγοντος
334 914 384 962 ἐκ
419 912 565 963 τόπου
598 912 773 966 παντὸς
805 911 911 965 τοὺς
940 914 998 978 τῇ
1033 916 1115 961 τοῦ
1148 908 1358 972 πολέμου
1396 910 1656 974 προσβολῇ

77 995 552 1058 κατεσκεδασμένους.
629 993 846 1064 θυγατέρα
903 994 951 1043 δὲ
1006 992 1269 1053 Βαβυλῶνος
1320 993 1394 1041 καὶ
1445 989 1523 1056 γῆν
1573 994 1656 1038 τοῦ

14 1093 60 1117 10
77 1077 210 1146 ,8σρῥᾶ
247 1075 331 1140 τὴν
369 1081 464 1127 τῶν
502 1078 758 1128 Χαλδαίων
795 1075 1004 1141 ὀνομάζει
1042 1075 1215 1142 χώραν,
1280 1077 1326 1123 αἱ
1358 1072 1451 1137 γὰρ
1485 1094 1657 1137 μητρο-

77 1157 238 1211 πόλεις
264 1160 311 1208 ἐν
337 1158 465 1227 τάξει
490 1158 700 1225 μητέρων
726 1158 947 1209 τέθεινται
981 1162 1080 1210 ταῖς
1115 1156 1299 1216 ἄλλαις,
1328 1154 1374 1205 αἳ
1408 1152 1657 1219 πράττοιεν

77 1241 135 1293 ἂν
183 1244 258 1294 ὑπ’
301 1244 475 1297 αὐταῖς.
541 1244 811 1310 βορειοτέρα
854 1241 911 1293 δέ
943 1265 1043 1295 πως
1087 1244 1162 1291 καὶ
1208 1239 1324 1306 πρὸς
1368 1238 1436 1303 ἠὼ
1474 1237 1656 1302 κειμένη

77 1329 172 1374 τῶν
198 1326 455 1376 Χαλδαίων
481 1326 507 1389 ἡ
533 1325 680 1392 χώρα.

170 1409 262 1457 Καὶ
308 1410 440 1458 ταυτὶ
479 1407 563 1471 μὲν
604 1407 726 1471 ἡμῖν,
768 1409 830 1459 ὡς
871 1404 988 1471 πρός
1032 1428 1085 1471 γε
1130 1404 1188 1455 τὰ
1228 1407 1278 1455 ἐκ
1322 1406 1404 1467 τῆς
1447 1403 1696 1469 ἱστορίας-Ο

14 1499 59 1537 15
78 1489 281 1555 εἰρήσθω
321 1489 483 1540 πάλιν.
550 1493 813 1558 μεταφοιτᾷ
857 1488 904 1539 δὲ
956 1490 980 1539 ὁ
1034 1487 1177 1553 λόγος
1229 1491 1291 1540 εἰς
1335 1486 1531 1552 θεωρίαν
1571 1484 1657 1548 τὴν

76 1571 401 1636 πνευματικὴν,
452 1574 527 1623 καὶ
577 1570 631 1623 τὸ
681 1577 764 1622 τοῦ
816 1574 1034 1638 Σωτῆρος
1087 1570 1176 1634 ἤδη
1232 1591 1332 1622 πως
1382 1567 1657 1633 εἶσκρίνεται

77 1652 351 1719 πρόσωπον,
389 1655 796 1720 καταλγυνομένου
830 1653 1007 1719 τρόπον
1044 1652 1160 1714 τινὰ,
1188 1651 1332 1715 μόνον
1362 1649 1410 1701 δὲ
1442 1650 1546 1716 οὐχὶ
1580 1650 1656 1699 καὶ

77 1736 431 1802 ἐπιδακρύοντος
464 1742 560 1790 τοῖς
598 1739 670 1788 ἐπὶ
702 1739 784 1801 τῆς
822 1740 923 1802 γῆς,
959 1734 1107 1786 διάτοι
1144 1735 1198 1785 τὸ
1236 1732 1415 1785 πάντας
1451 1730 1537 1796 τὴν
1574 1736 1657 1782 τοῦ

78 1817 453 1883 τυραννήσαντος
496 1823 681 1870 σατανᾶ
718 1819 939 1884 λατρείαν
978 1819 1272 1882 ὑποδραμεῖν,
1318 1816 1393 1865 καὶ
1443 1814 1658 1864 δουλείαν

12 1916 60 1940 20
79 1900 337 1964 ἀνατλῆναι
377 1899 463 1963 τὴν
502 1902 623 1951 οὕτω
665 1900 897 1966 σκληρὰν,
940 1902 1002 1955 ὡς
1047 1904 1143 1953 τοῖς
1182 1899 1353 1948 ἐκείνου
1392 1894 1658 1959 θελήμασιν

79 1983 282 2048 ὁρᾶσθαι
317 1982 732 2049 κατηχθισμένους.
801 1982 1050 2049 προτρέπει
1081 1981 1236 2032 τοίνυν
1274 1981 1560 2043 ἀποδραμεΐν
1595 1978 1695 2030 <hya
1723 1988 1810 2022 668
1828 1987 1876 2022 A.

80 2064 130 2115 ἐκ
168 2063 253 2130 γῆς
286 2066 434 2134 βορῥᾶ,
458 2063 716 2127 τουτέστιν,
747 2066 808 2117 ὡς
846 2063 938 2114 ἀπὸ
977 2063 1132 2131 χώρας
1170 2065 1252 2126 τῆς
1286 2059 1655 2128 κατεψυγμένης,

78 2146 152 2197 ἵνα
183 2145 259 2197 διὰ
293 2145 460 2196 τούτου
485 2147 700 2212 πλαγίως
731 2145 941 2196 διάθεσίν
966 2169 1069 2196 τινα
1096 2147 1171 2196 καὶ
1201 2145 1328 2208 ἠθῶν
1359 2141 1657 2193 κατάστασιν

77 2229 304 2291 ἐννοῶμεν
355 2227 601 2292 κοσμικὴν,
652 2227 710 2291 ἣν
760 2227 886 2293 εἴπερ
936 2250 1005 2280 τις
1055 2226 1164 2294 ἔχοι,
1205 2228 1279 2276 καὶ
1319 2223 1463 2288 αὐτὴν
1508 2224 1656 2291 ὁρῷτο

12 2327 60 2365 25
79 2314 323 2372 κατοικῶν,
352 2310 435 2360 οὐκ
470 2308 528 2360 ἂν
566 2309 632 2373 εἵη
671 2312 737 2378 τῷ
774 2308 1001 2373 πνεύματι
1039 2307 1162 2374 ζέων,
1199 2308 1295 2358 οὐδ’
1326 2305 1382 2356 ἂν
1412 2305 1509 2373 ε”χοι
1545 2304 1654 2355 κάτ-
1718 2315 1878 2389 Rom-xii-

79 2414 205 2443 οικον
231 2393 279 2442 ἐν
303 2392 450 2442 ἑαυτῶ
486 2391 569 2442 τὸν
603 2390 828 2457 διάπυρον
859 2396 941 2441 τοῦ
969 2394 1093 2441 Θεοῦ
1125 2389 1288 2455 λόγον.
1349 2386 1532 2455 ψάλλει
1562 2384 1655 2452 γάρ
1763 2383 1770 2389 ”

78 2497 170 2525 που
192 2496 310 2540 προς
335 2472 504 2524 Θεὸν
485 2496 510 2523 ο
536 2471 759 2538 μακάριος
784 2472 958 2522 Δαυείδ
985 2478 1010 2500 “
1032 2470 1376 2537 Πεπυρωμένον
1407 2468 1460 2519 τὸ
1491 2467 1656 2533 λόγιόν
1719 2476 1772 2507 Ps.

1717 2522 1825 2552 cxviii.

95 2563 223 2607 ίσου
266 2553 478 2624 σφόδρα,
526 2556 602 2606 καὶ
647 2555 671 2605 ὁ
714 2553 881 2607 δοῦλός
922 2576 1014 2604 σου
1055 2552 1302 2618 ἠγάπησεν
1346 2549 1484 2602 αὐτόῖ
1563 2550 1654 2618 ἔφη
1723 2575 1790 2605 140.

125 2729 158 2763 8.
183 2730 222 2772 τῇ
240 2730 299 2762 τοῦ
315 2728 467 2772 πολεμου
483 2729 664 2771 προσβολῇ
685 2726 725 2761 C.
743 2728 815 2762 ταῖς
831 2729 897 2761 τῶν
913 2724 1083 2770 πολεμίων
1092 2727 1314 2778 προσβολαῖς
1332 2723 1423 2758 Edd.
1539 2734 1591 2757 10.
1618 2723 1653 2757 ὀ-

79 2776 212 2818 νομάζει
228 2777 343 2820 χώραν
359 2775 426 2809 hoc
443 2775 564 2809 ordine
583 2775 623 2809 C.
627 2774 662 2809 b.
898 2784 950 2807 12
977 2773 1019 2806 ἕω
1036 2773 1071 2806 b.
1090 2772 1207 2806 invitis
1227 2772 1267 2806 C.
1273 2772 1319 2805 D.
1558 2780 1609 2811 15.
1636 2772 1654 2803 ὁ

77 2823 180 2866 λόγος
197 2822 257 2855 δέ
250 2834 322 2855 mv
340 2821 462 2855 ordine
481 2821 522 2856 C.
750 2830 802 2865 17.
829 2819 1117 2863 κατολγυνομένου
1136 2819 1176 2852 C.
1197 2820 1345 2863 καταγλυ
1349 2831 1541 2861 καινομενοι
1561 2816 1652 2850 Edd.

78 2868 114 2901 δε
133 2880 268 2903 erasum
287 2874 339 2902 est
354 2869 390 2901 in
410 2868 450 2902 C.
733 2878 787 2901 21.
814 2866 1104 2911 κατηχθεσμένους
1122 2865 1214 2901 Edd.
1520 2874 1575 2908 2.3
1602 2864 1656 2897 διὰ

77 2921 300 2959 assumptum
317 2927 358 2948 ex
378 2914 466 2950 B.C.
578 2925 633 2958 27.
658 2915 820 2957 μακάριος
837 2920 1058 2958 assumptum
1076 2925 1117 2947 ex
1137 2912 1177 2946 C.
1298 2909 1469 2956 28—306.
1496 2921 1529 2955 3.
1559 2909 1654 2944 Haec

77 2962 143 3005 ἔφη
161 2961 199 2994 δέ
214 2961 454 3006 που-πέτραν
464 2976 473 3002 3
501 2967 724 2996 accesserunt
741 2973 782 2994 ex
802 2960 842 2994 C.

134 3031 225 3059 voL.
250 3032 296 3059 ΙΙ.
843 3031 867 3057 R
890 3033 908 3057 Γ
