1997 3361
90 172 147 214 iii.
187 189 248 232 13.
539 184 607 224 IN
654 187 1653 240 ABACU(1.T()M.11.155

87 284 353 351 ηρημένους,
393 289 459 344 οἷς
506 295 581 344 καὶ
631 295 838 363 ε”φασκεν
879 301 1082 367 ἐναργῶς
1122 310 1147 332 “
1162 302 1314 368 Αμὴν
1356 305 1479 369 ἀμὴν
1529 308 1654 373 λεγω
1715 320 1862 401 §iii-'¹2¹¹-

86 368 299 431 “ὑμῖν,
275 393 344 421 οτι
371 371 450 423 ἐὰν
473 374 537 439 μὴ
560 380 844 443 πιστεύσητε
871 381 939 432 ὅτι
966 384 1057 448 ἐγώ
1085 389 1186 448 εἰμι,
1218 388 1266 437 ἐν
1288 393 1387 441 ταῖς
1412 391 1654 456 ἀμαρτιαις
1840 388 1846 395 ’

100 450 266 511 (ὑμῶν
291 453 646 509 ἀποθανεῖσθεῗ
712 461 881 529 ἐξῆλθες
907 466 1072 527 τοι’,νυν
1100 470 1262 535 φησὶν,
1290 472 1430 520 οἱονεί
1459 495 1527 525 τις
1564 479 1652 533 βα-

82 530 243 584 σιλευς
287 535 360 585 ἐπὶ
409 536 467 586 τὰ
516 544 608 590 τῶν
656 544 899 606 δυσμενῶν
949 546 1190 614 ἐρχόμενος
1236 551 1400 619 στιφη,
1447 555 1521 603 καὶ
1571 577 1651 605 τον
1668 561 1691 600 ‘l

41 612 290 676 5πολεμου
330 616 472 680 νόμον
514 621 878 689 ἐξωπλισμενος.
946 632 1020 679 καὶ
1071 631 1094 679 6
1138 635 1219 694 τῆς
1267 632 1428 701 εξόδου
1470 635 1650 690 σκοπὸς

81 694 314 748 ἀνασῶσαι
357 723 452 754 τους
486 725 687 768 χριστσυς
730 730 836 761 τους
874 710 1005 763 σούς
1054 714 1199 775 δῆλον
1237 714 1283 764 δε
1325 715 1395 766 ὅτι
1435 739 1542 771 τους
1583 723 1648 769 τῶ

78 774 226 846 Αγίῳ
250 801 579 846 κεχρισμενους
606 788 860 851 Πνεύματι,
889 794 993 856 περὶ
1028 791 1092 843 ῶν
1126 797 1200 845 καὶ
1235 796 1384 847 παλαι
1417 798 1492 848 διὰ
1523 823 1641 866 προ-

79 859 241 922 φητῶν
274 862 530 915 ἐνετείλατο
571 867 724 933 λεγων
759 870 889 935 ςίΜὴ
925 872 1132 925 ἅπτεσθε
1169 881 1262 927 τῶν
1299 884 1508 944 χριστῶν
1542 905 1645 945 μου,
1706 893 1840 966 1¹³⁸·05V·

93 941 204 990 ίκαι
240 942 288 992 ἐν
325 949 418 998 τοῖς
451 947 715 1016 προφηταις
752 975 841 1014 μου
878 953 942 1018 μὴ
980 957 1335 1023 πονηρεύεσθεμ
1373 965 1467 1011 τῶν
1497 963 1644 1028 γεμὴν
1732 947 1759 977 5-

11 1040 58 1065 10
76 1044 238 1086 ανομων
291 1047 567 1093 καταρτισαι
617 1029 804 1095 θάνατον,
856 1033 910 1085 ὃν
959 1037 1086 1088 αὐτοι
1142 1045 1242 1093 ταῖς
1293 1045 1436 1110 σφῶν
1491 1046 1643 1096 αὐτῶν

72 1102 448 1169 ἐπαντλήσαντες
487 1118 715 1180 κεφαλαῖς
749 1116 905 1167 ἁλοῖεν
944 1116 1019 1181 ἂν,
1054 1118 1138 1184 τὴν
1171 1124 1442 1175 δικαιοῦσαν
1479 1149 1641 1177 πιστιν

72 1184 125 1233 οὐ
150 1207 460 1251 προσιεμενοι.
527 1193 761 1261 τοιγάρτοι
786 1221 859 1248 και
893 1199 1135 1266 ἇῤῥηκτοις
1159 1204 1409 1256 ἐνδεδενται
1436 1209 1638 1271 δεσμοῖς,

70 1286 144 1315 και
169 1272 267 1321 ταῖς
299 1275 391 1320 τῶν
416 1272 542 1324 ἰδίων
568 1281 987 1342 πλημμεληματων
1012 1289 1188 1349 σειραῖς
1218 1289 1637 1355 κατασφιγγονται
1702 1292 1797 1359 PJOV·
1816 1305 1846 1325 v.

69 1348 144 1397 καὶ
175 1349 228 1399 οὐ
256 1358 469 1417 μερικῶς,
498 1357 608 1407 ἀλλ’
637 1358 733 1410 οἶον
768 1363 822 1412 δι’
850 1362 965 1413 ὅλου
998 1365 1231 1429 σώματος,
1257 1370 1332 1419 καὶ
1366 1369 1501 1437 με’χρι
1536 1395 1637 1441 τροι-

4 1446 48 1484 15
67 1421 221 1482 χῆλου.

141 1506 199 1554 Εὶ
233 1503 281 1556 δε
315 1505 371 1571 δὴ
397 1509 609 1575 λέγοιντο
635 1517 848 1580 Χριστοῦ
875 1517 933 1568 τὰ
959 1515 1121 1586 δὶα-μα,
1147 1524 1440 1587 θορυβεισθω
1464 1527 1632 1590 μηδείς.

64 1584 130 1634 ἀει
169 1585 261 1653 γάρ
297 1612 398 1643 πως
429 1591 488 1641 τὰ
519 1617 636 1645 κατα
671 1599 980 1665 συγχώρησιν
1007 1605 1132 1653 Θεοῦ
1162 1606 1486 1668 συμβαίνοντα
1510 1631 1634 1660 τισιν

63 1665 203 1719 αὐτοῦ
241 1670 472 1736 λεγονται·
515 1677 676 1728 ὁποῖόν
710 1681 813 1731 ε’στι
846 1681 900 1732 τό
926 1690 953 1711 “
974 1685 1128 1735 Οὐκ’
1109 1708 1211 1736 εστι
1249 1687 1383 1738 κακία
1412 1691 1459 1740 ἐν
1483 1689 1631 1755 πόλει,
1695 1702 1800 1776 ssmgs

64 1754 90 1776 ‘⁶
114 1747 171 1812 ἣν
199 1751 369 1818 Κυριος
392 1756 474 1807 οὐκ
498 1758 761 1823 εποίησενΪ
827 1764 880 1814 οὐ
905 1764 997 1831 γὰρ
1021 1765 1157 1820 αὐτὸς
1189 1774 1314 1820 ποιεῖ
1334 1769 1419 1834 τὴν
1450 1772 1628 1834 κακίαν,
1734 1771 1739 1776 ’
1783 1771 1789 1777 ’

0 1848 45 1873 20
62 1835 300 1896 συμβῆναι
334 1835 381 1887 δε
413 1843 601 1900 μᾶλλον
631 1848 731 1897 ταῖς
762 1849 855 1895 τῶν
887 1845 1073 1898 πόλεων
1105 1852 1547 1914 πλημμελουσαις’
1526 1878 1625 1906 επι-

61 1912 213 1977 τρέπει
237 1918 485 1974 πολλάκις.
551 1926 588 1973 εἷ
623 1924 670 1975 δὲ
704 1924 761 1990 δὴ
793 1932 968 1979 νοοῖντο
993 1929 1135 1998 τυχὸν
1161 1936 1254 1983 τῶν
1278 1935 1628 2001 ἐπαινουμενων,

59 2016 102 2043 οι
127 1996 287 2049 ἐνθάδε
312 2000 554 2065 λεγόμενοι
580 2002 743 2074 δὶα-μοι,
770 2009 916 2061 παλιν
940 2012 1082 2063 ε’κεῖνό
1105 2015 1327 2081 φαμεν,’
1303 2040 1372 2067 οτι
1396 2017 1627 2083 βεβληται
1646 2048 1668 2073 a
1708 2042 1785 2077 571
1798 2043 1847 2077 A.

57 2098 140 2138 μεν
165 2083 224 2132 εἷς
253 2081 467 2149 κεφαλας
493 2085 657 2154 ἀνέμων
686 2087 885 2154 θάνατος,
916 2095 1139 2146 συντείνει
1171 2095 1219 2146 δε
1257 2096 1419 2164 ὤσπερ
1446 2097 1626 2168 δεσμοῖς

57 2157 242 2224 ἀγάπης
279 2163 303 2212 6
347 2168 440 2214 τῶν
478 2165 603 2218 ὅλων
639 2169 759 2224 Θεὸς
804 2195 909 2227 τους
949 2177 1233 2275 προσιόντας
1274 2180 1413 2249 αὐτῶ,
1453 2185 1528 2232 καὶ
1566 2189 1624 2251 τῇ

0 2252 38 2290 25
56 2261 212 2292 πιστει
262 2244 634 2310 δεδικαιωμένους
674 2254 749 2302 καὶ
791 2254 1100 2320 ἡγιασμενους
1141 2261 1189 2310 ἐν
1234 2261 1486 2326 Πνευματι,
1522 2264 1621 2315 κατ’

56 2321 197 2374 ἐκεῖνό
221 2347 311 2377 που
336 2326 521 2383 πάντως
544 2329 597 2381 τὸ
621 2332 695 2383 διὰ
719 2337 802 2398 τῆς
825 2342 907 2387 τοῦ
931 2339 1177 2407 προφητου
1204 2345 1362 2410 φωνῆς
1387 2346 1623 2410 εἷρημενον

55 2424 158 2469 περι
196 2410 290 2457 τῶν
334 2409 391 2477 ἐξ
428 2410 618 2474 αἵματος
655 2415 855 2481 Ισραήλ
896 2426 922 2448 “
945 2423 1038 2471 Koa
1082 2420 1173 2487 ἐγὼ
1211 2425 1499 2477 συνεπόδισα
1539 2451 1621 2479 τον
1684 2440 1825 2473 ΗΘΒ-Χῖ-

103 2538 133 2563 1.
157 2529 242 2575 ἀμὴν
257 2532 401 2568 alterum
419 2542 637 2592 assumptum
656 2550 696 2573 ex
716 2539 756 2574 B.
777 2540 895 2576 deest
887 2555 924 2577 m
941 2544 989 2578 D.
1156 2558 1188 2582 2.
1214 2547 1265 2582 ὅτι
1282 2549 1378 2593 prius
1396 2559 1619 2597 assumptum

53 2584 94 2608 ex
112 2574 157 2610 D.
354 2591 388 2625 3.
354 2581 535 2626 3ἐξῆλθε
554 2584 645 2619 Edd.
663 2586 733 2620 inv.
753 2587 794 2621 B.
799 2588 844 2622 D.
849 2600 879 2622 a.
1090 2604 1124 2635 4.
1150 2594 1203 2628 καὶ
1221 2597 1301 2629 κατὰ
1318 2598 1375 2630 τὸν
1391 2600 1450 2631 τοῦ
1467 2600 1618 2642 πολέμου

52 2621 153 2664 νόμον
169 2622 216 2658 D.
369 2637 402 2670 5.
427 2630 677 2674 πολεμούμενον
693 2645 756 2677 pro
773 2648 809 2668 π.
827 2637 927 2680 νόμον
944 2648 974 2671 a.
1149 2640 1243 2674 6.δὲ
1261 2654 1329 2676 om.
1350 2643 1394 2677 D.
1400 2655 1429 2678 3.
1477 2646 1554 2681 τοὺς
1570 2651 1616 2694 τῷ

51 2665 106 2712 ἆγ.
123 2683 178 2703 πν.
196 2670 353 2714 δηλονότι
370 2689 463 2719 κεχρ.
480 2676 640 2721 πνεύματι
659 2680 738 2723 (Sic)
758 2680 804 2715 D.
911 2683 944 2718 8.
971 2683 1157 2719 ἐνετείλατο
1175 2698 1244 2721 om.
1264 2688 1309 2722 D.
1406 2702 1438 2735 9.
1464 2695 1530 2726 τῶν
1548 2694 1593 2729 D.
1597 2706 1617 2728 3

52 2711 166 2757 (prius
185 2718 335 2763 script..)
355 2720 446 2755 Edd.
465 2723 522 2756 τὸν
539 2735 559 2757 3
575 2736 636 2768 pet·
651 2737 718 2760 ras.
936 2741 988 2764 10.
1014 2733 1280 2776 καταρτίσασθαι
1299 2735 1346 2769 D.
1365 2750 1444 2781 κατη
1427 2736 1566 2781 ήρτισας
1583 2753 1613 2775 3.

55 2769 108 2793 11.
117 2761 391 2817 επαντλὴσαντες
407 2780 438 2802 a.
456 2769 619 2814 ἐπαρτὴσ.
634 2771 678 2806 D.
695 2772 786 2807 Edd.
834 2772 890 2820 ἂν]
910 2779 947 2817 —1—
963 2777 1065 2812 ὡςῙ).
1210 2791 1262 2814 12.
1286 2781 1468 2817 ἐνδέδενται
1487 2785 1529 2820 Β.
1535 2786 1579 2822 D.
1584 2799 1614 2822 a.

51 2804 237 2843 ενδεδονται
254 2811 346 2847 Edd.
524 2827 577 2859 14.
602 2817 701 2864 ὅλου]
726 2823 762 2859 -Ι-
783 2823 842 2854 τοῦ
860 2821 907 2855 D.
1098 2825 1150 2858 16.
1177 2825 1216 2869 δὴ
1234 2839 1302 2861 orn.
1321 2828 1366 2862 D.
1415 2831 1549 2875 λέγοιτο
1568 2834 1610 2868 Β.

51 2851 92 2885 τὰ
109 2853 139 2887 δ.
157 2859 219 2900 Χρ.
235 2857 305 2892 inv.
324 2859 398 2894 ord.
417 2860 465 2896 D.
633 2875 685 2910 17.
702 2866 893 2911 Assumpta
909 2883 979 2904 πως
995 2881 1036 2903 ex
1056 2870 1114 2912 D.‚
1132 2872 1172 2905 τὰ
1190 2885 1231 2906 ex
1251 2874 1291 2908 B.
1299 2874 1343 2909 D.
1393 2881 1613 2923 συγχώρησιν

53 2901 139 2932 Θεοῦ
154 2870 221 2936 hoc
237 2903 357 2939 ordine
375 2906 416 2941 Β.
422 2907 468 2943 D.
519 2908 644 2945 Statim
661 2914 815 2956 γινόμενα
833 2926 894 2958 pro
912 2917 1017 2958 συμβ.
1038 2917 1083 2951 D.
1305 2921 1356 2955 18.
1385 2924 1453 2957 Οὐκ
1474 2924 1513 2959 Β.
1520 2926 1564 2960 D.
1584 2927 1613 2960 εἷ

52 2942 142 2979 Edd.
161 2947 224 2991 (A.
232 2949 276 2983 V.
295 2951 356 2985 &c.
362 2952 379 2996 )
531 2965 586 3001 25.
611 2958 787 3004 πνεύματι]
806 2961 918 3006 χάριτι
938 2962 984 2997 D.
1126 2964 1179 2999 26.
1206 2966 1376 3011 εἰρημένον
1392 2979 1612 3017 assumptum

51 3000 92 3024 ex
111 2990 152 3026 B.
171 2993 287 3030 deest'
280 3008 315 3030 1n
335 2998 380 3032 D.

790 3065 815 3091 X
840 3066 862 3095 2
