2053 3382
288 166 373 204 426
674 168 723 206 Β.
768 165 1051 206 CYRILLI
1090 166 1472 205 ALEXANDR.
1636 165 1691 205 ix.
1721 163 1869 215 14-16,

291 274 429 341 αὐτῷ.
483 274 943 339 καταστρατεύεσθαι
971 273 1117 339 γεμὴν
1145 273 1193 323 εὖ
1218 272 1351 335 μάλα
1376 276 1539 340 φησὶν,
1561 274 1661 339 οὐχὶ
1688 277 1780 322 τῶν
1801 271 1875 321 διὰ

291 355 495 408 πίστεως
516 360 578 409 εἷς
598 356 839 406 δικαίωσιν
856 355 1258 420 σαγηνευομένων,
1278 354 1408 405 ἀλλὰ
1427 354 1546 405 κατὰ
1564 359 1658 404 τῶν
1677 354 1879 406 ἀνοσίως

293 435 650 500 ἀνθεστηκότων
685 441 751 506 τῷ
786 438 893 506 θείῳ
932 437 1207 502 κηρύγματι,
1248 436 1324 489 οῦς
1364 439 1438 486 καὶ
1475 438 1499 498 ὁ
1538 440 1732 489 Παῦλος
1770 435 1880 498 ἡμῖν

72 511 185 597 {gog
294 517 605 581 κατεσήμαινε
629 518 784 584 λέγων
809 526 834 547 “
856 519 992 585 Θύρα
1028 518 1121 583 γάρ
1158 541 1236 580 μοι
1275 518 1449 587 ἀνέῳγε
1488 515 1674 583 μεγάλη
1702 517 1776 567 καὶ
1803 518 1876 566 ε’ν-

294 607 320 629 “
346 599 498 665 εργὴς,
524 602 599 650 καὶ
634 602 933 664 ἀντικείμενοι
970 602 1191 651 πολλοί.”
1247 603 1445 650 σαλπιεῖ
1472 600 1639 661 τοίνυν,
1667 600 1830 667 φησὶν,
1857 598 1882 647 ὁ
1904 619 1925 656 5

255 705 276 730 c
297 679 442 750 Κύριος
483 683 518 732 ἐν
559 682 814 747 σάλπιγγι.
884 683 1121 745 λελάληκε
1156 682 1248 747 γὰρ
1284 684 1308 732 ὁ
1340 681 1553 745 Χριστὸς
1587 680 1640 730 τὸ
1668 679 1882 745 κήρυγμα

292 762 346 814 τὸ
391 764 711 829 εὑαγγελικὸν,
754 769 814 817 εὶς
859 769 1024 814 πᾶσαν
1069 764 1256 814 διάττον
1300 762 1386 826 τὴν
1432 764 1505 813 ὑπ’
1547 761 1756 828 οὐρανὸν,
1799 762 1877 829 ἐξ·

293 843 528 896 ἀκουστον
566 845 659 912 γὰρ
701 852 796 899 τοῖς
836 848 1110 912 ἁπανταχοῦ
1155 845 1208 895 τὸ
1253 849 1467 910 Χριστοῦ
1506 843 1784 909 μυστήριον.
1827 842 1883 906 ἧν

293 925 379 990 μὲν
413 927 510 993 ,γὰρ
543 928 841 996 ἰσχνόφωνος
880 930 954 978 καὶ
993 927 1381 993 βραδύγλωσσος
1422 927 1446 976 ὁ
1483 928 1714 989 Μωυσῆς·
1781 948 1877 975 τοι·

293 1008 459 1074 γάρτοι
484 1011 558 1060 καὶ
585 1009 723 1073 μόλις
751 1009 944 1074 ἠκούετο
977 1009 1094 1060 κατὰ
1129 1008 1276 1072 μόνην
1304 1008 1387 1071 τὴν
1413 1008 1657 1058 Ἰουδαίαν·
1712 1007 1884 1070 ἥκιστα
1910 1034 1956 1058 ιο

293 1090 441 1155 γεμὴν
481 1093 528 1141 ἐν
573 1093 752 1145 τούτοις
797 1093 927 1142 ἐστὶν
973 1093 997 1142 ὁ
1047 1091 1177 1156 παρὰ
1223 1095 1439 1156 Χριστοῦ
1486 1090 1643 1154 λόγος.
1714 1091 1883 1139 ἀναπε-

294 1172 481 1240 φώνηκε
523 1173 615 1239 γὰρ
658 1173 732 1224 0ἶά
775 1197 843 1227 τις
889 1173 1114 1241 σάλπιγξ
1152 1172 1309 1238 μακρὰ
1347 1174 1422 1222 καὶ
1463 1171 1765 1238 εῦηχεστάτη,
1809 1172 1883 1220 καὶ

293 1259 393 1308 ταῖς
420 1255 642 1306 ἁπάντων
668 1258 826 1308 ἀκοαῖς
853 1255 973 1322 ἠχὴν
1000 1257 1172 1305 ἐνιεῖσα
1198 1254 1282 1317 τὴν
1310 1252 1606 1319 διαπρύσιον.
1655 1254 1883 1311 βαδιεῖται

295 1335 342 1386 δὲ
387 1337 550 1402 ὥσπερ
582 1339 618 1388 ἐν
655 1338 788 1407 σάλῳ
828 1336 1020 1396 ἀπειλῆς
1057 1339 1199 1397 αὐτοῦ,
1237 1338 1506 1405 ὁπεροισπιεῖ
1535 1358 1584 1385 τε
1623 1336 1744 1384 οὕτω
1789 1338 1883 1383 τῶν

252 1421 278 1460 d
297 1420 459 1468 ἑαυτοῦ
504 1418 794 1486 δορυφόρων,
848 1421 910 1472 ὡς
962 1418 1059 1468 οἷον
1112 1417 1200 1468 ὑπὸ
1250 1417 1394 1483 πυρὸς
1438 1419 1739 1467 δαπανᾶσθαι
1778 1413 1882 1467 τοῦς
1909 1440 1954 1477 15

295 1499 676 1562 ἀνθισταμένους,
713 1500 858 1563 μόνον
900 1499 946 1550 δὲ
982 1500 1084 1566 οὐχὶ
1125 1501 1199 1549 καὶ
1239 1495 1490 1567 σφενδόναις
1529 1496 1695 1550 αὐτοὺς
1737 1520 1882 1548 καιτοι-

296 1580 446 1643 χῶσαι
491 1582 833 1635 καταπαίοντας
879 1586 1113 1646 γεννικῶς.
1183 1582 1409 1631 ὲκπιόντοιι
1457 1580 1503 1630 δὲ
1545 1582 1617 1629 καὶ
1665 1580 1709 1630 τὸ
1757 1577 1885 1645 αἷμα.

296 1662 450 1725 αὐτῶν,
478 1663 740 1725 τουτέστιν,
772 1663 845 1713 οἷά
877 1686 996 1716 τινες
1032 1666 1166 1728 θῆρες
1200 1662 1568 1727 ἐπιθρώσκοντες
1592 1661 1885 1725 περιέσονται

296 1745 484 1813 ῥαδίως,
516 1748 589 1795 καὶ
626 1745 812 1810 νεκροὺς
847 1747 1164 1812 ἀποφανοῦσι.
1233 1749 1581 1810 προσκομιοῦσι
1615 1742 1662 1793 δὲ
1694 1746 1760 1810 τῷ
1791 1746 1885 1792 τῶν

296 1827 610 1877 πεπτωκότων
657 1828 816 1890 αἵματι
862 1828 1045 1896 φιάλας
1092 1825 1474 1890 πεπληρωμένας,
1523 1825 1731 1889 καθάπερ
1781 1823 1885 1874 τινὰ
1908 1844 1956 1869 20

298 1908 514 1972 σπονδὴν
541 1911 612 1959 ἐπὶ
641 1909 694 1959 τὸ
722 1908 1026 1977 θυσιαστήριον.
1095 1909 1259 1958 εὐωδία
1293 1906 1386 1972 γὰρ
1415 1911 1482 1975 τῷ
1509 1911 1616 1974 Θεῷ
1643 1909 1716 1956 καὶ
1743 1907 1886 1956 θυσία

300 1989 436 2054 δεκτὴ
475 1995 568 2040 τῶν
607 1992 688 2040 οῦκ
723 1990 905 2041 ἐώντων
944 1990 1181 2056 σώζεσθαι
1209 1989 1313 2042 τοῦς
1341 1989 1725 2052 πεπλανημένους
1752 1989 1776 2038 ὁ
1803 1987 1887 2038 θά-

262 2090 282 2115 C
303 2090 451 2125 νατος·
493 2077 528 2122 εἰ
556 2072 648 2137 γὰρ
681 2077 774 2122 τῶν
807 2072 1044 2133 σωμάτων
1070 2071 1176 2124 τοὺς
1204 2071 1432 2138 φονευτάς
1458 2073 1538 2121 οὐκ
1567 2071 1700 2138 ἄξιον
1726 2071 1884 2120 ε’λεεῖν·

302 2155 623 2222 ὑποφέρεσθαι
659 2153 705 2203 δὲ
744 2159 933 2215 μᾶλλον
963 2158 1061 2205 ταῖς
1093 2154 1252 2210 δίκαις,
1282 2152 1339 2202 τὰ
1373 2153 1454 2202 ἴσα
1484 2152 1734 2213 παθόντας,
1759 2153 1807 2201 τί
1831 2152 1888 2201 ἄν

300 2258 368 2288 τις
396 2235 525 2299 λε’γοι
553 2237 656 2300 περὶ
685 2239 777 2285 τῶν
804 2235 845 2285 οἳ
872 2238 1044 2303 ψυχῶν
1072 2236 1288 2299 ὁλετῆρες
1315 2233 1541 2299 γεγόνασι
1566 2236 1639 2283 καὶ
1667 2232 1866 2298 φθόροι;
1909 2255 1956 2294 25

348 2422 379 2444 2.
407 2411 487 2443 κατὰ
506 2416 730 2454 assumptum
748 2422 787 2444 ex
809 2410 939 2444 C.D.b.
1005 2410 1150 2445 ἀνοσίως
1169 2409 1298 2444 C.D.b.
1317 2409 1442 2444 ἀθλίως
1461 2409 1552 2443 Edd.
1751 2419 1783 2453 3.
1811 2408 1887 2451 ἡμῖν

300 2463 523 2501 assumptum
541 2469 582 2490 ex
603 2456 644 2491 C.
664 2457 759 2490 deest
777 2457 812 2490 in
832 2457 878 2490 D.
1158 2469 1190 2498 4.
1218 2456 1437 2499 κατεσὴμαινε
1456 2455 1547 2489 C.D.
1567 2454 1775 2498 κατησήμηνε
1794 2454 1885 2488 Edd.

300 2503 435 2548 ἐνεργὴς
454 2503 501 2537 D.
517 2503 658 2548 ἐναργὴς
676 2503 767 2537 Edd.
788 2504 840 2537 καὶ
859 2503 967 2547 ἐνεργ.
985 2514 1055 2536 om.
1072 2502 1112 2536 C.
1260 2512 1293 2547 5.
1321 2502 1390 2547 καὶ]
1411 2506 1447 2542 —f-
1469 2503 1500 2536 οἱ
1519 2501 1610 2536 Edd.
1628 2513 1775 2545 repugn.
1792 2500 1885 2534 C.D.

299 2551 410 2594 φησὶν
427 2551 444 2582 ὁ
463 2549 586 2593 Κύριος
605 2551 670 2584 hoc
688 2550 808 2584 Ordine
828 2549 906 2584 C.b.
925 2551 1014 2594 φησι
1034 2548 1156 2593 Κύριος
1175 2549 1220 2583 D.
1441 2548 1473 2582 6.
1499 2549 1648 2592 Χριστὸς
1666 2547 1743 2581 C.b.
1764 2546 1887 2591 Κύριος

302 2596 348 2629 D.
369 2595 461 2630 Edd.
661 2605 690 2640 7.
718 2597 900 2630 διατάττων
919 2595 1008 2639 (sic)
1028 2595 1061 2629 b.
1262 2596 1295 2630 8.
1322 2597 1473 2639 Χριστοῦ
1491 2594 1587 2628 deest
1604 2594 1638 2627 in
1658 2593 1749 2627 Edd.
1767 2593 1886 2627 invitis

302 2642 429 2677 B.C.b.
715 2654 747 2687 9.
774 2644 792 2676 ὁ
810 2655 878 2676 om.
899 2642 938 2676 C.
958 2642 1062 2675 habet
1081 2641 1114 2675 b.
1396 2652 1448 2675 11.
1474 2641 1565 2685 παρὰ
1585 2639 1677 2674 C.D.
1695 2640 1772 2683 περὶ
1791 2639 1883 2673 Edd.

303 2688 480 2722 Neutrum
498 2688 603 2722 habet
620 2689 654 2723 b.
870 2700 922 2722 12.
948 2690 1056 2731 μακρὰ
1076 2688 1166 2722 C.D.
1184 2688 1323 2731 λαμπρὰ
1342 2687 1434 2722 Edd.
1650 2697 1702 2729 13.
1728 2684 1824 2730 ἠχεῖν
1843 2685 1883 2719 C.

305 2746 358 2776 14.
384 2735 587 2778 ὑπερασπιεῖ
603 2750 639 2769 τε
662 2735 838 2769 B.C.D.b.
859 2735 911 2768 καὶ
929 2735 1186 2779 ὑπερασπιεῖται
1206 2734 1297 2768 Edd.
1572 2741 1624 2775 15.
1652 2731 1882 2777 δαπανᾶσθαι]

302 2781 520 2816 ἀνασπᾶσθαι
538 2782 572 2815 b.
592 2782 709 2815 invitis
729 2782 822 2816 C.D.
1089 2781 1142 2814 16.
1170 2781 1373 2826 σφενδόναις
1393 2779 1484 2813 C.D.
1503 2778 1706 2822 σφενδόναις
1722 2779 1831 2814 λίθοις
1848 2778 1883 2812 b.

303 2829 492 2871 σφενδόνης
511 2828 618 2863 λίθοις
638 2828 727 2862 Edd.
803 2831 996 2872 καταχῶσαι
1016 2828 1256 2862 καταπαίοντας
1275 2826 1365 2859 ΟᾸ).
1385 2826 1625 2869 καταχὼσουσι
1649 2824 1884 2860 καταπαίοντες

304 2873 393 2906 Edd.
563 2885 614 2918 17.
640 2879 794 2920 γεννικῶς
813 2875 939 2908 retinui
958 2886 998 2907 ex
1020 2873 1109 2907 Edd.
1130 2877 1267 2918 γενικῶς
1287 2872 1422 2906 B.C.D.
1583 2882 1636 2915 23.
1665 2871 1772 2904 ἐλεεῖν
1792 2871 1882 2905 C.D.

302 2920 469 2952 ἐλεεῖσθαι
493 2920 581 2955 Edd.
816 2932 870 2965 25.
897 2921 972 2964 περὶ
993 2926 1057 2955 των
1076 2924 1104 2954 οἳ
1126 2921 1168 2953 l).
1193 2919 1281 2954 Edd.
1302 2933 1377 2963 περι
1396 2932 1492 2952 τινων
1510 2918 1537 2950 εἲ
1557 2917 1596 2951 C.
1646 2918 1769 2962 φθόροι
1790 2917 1881 2953 C.D.

302 2966 441 3009 φθορεῖς
462 2966 552 3000 Edd.
