2018 3387
131 160 214 201 xiv.
244 174 307 203 12.
499 161 575 202 IN
617 162 1033 202 ZACIIARIAM.
1095 159 1348 201 TOM.V1.
1633 158 1715 196 529

129 271 285 338 φαμὲν
323 272 442 323 κατὰ
483 272 568 336 τὴν
608 271 838 336 Βηθλεὲμ,
874 272 1096 337 Ἡρώδου
1139 268 1522 337 προστεταχότος
1569 267 1628 317 τὰ
1666 269 1714 317 ἐν

129 355 245 421 αὐτῇ
273 354 555 421 φονεύεσθαι
590 354 763 421 βρέφη.
819 353 976 420 Ῥαμὰ
1001 355 1156 404 τοίνυν
1183 351 1394 417 ὀνομάζει
1430 349 1515 413 τὴν
1540 350 1712 414 Ἰερου-

128 434 310 498 σαλὴμ,
331 434 407 485 διά
431 458 502 486 τοι
527 435 581 486 τὸ
608 437 655 486 ἐν
681 437 798 502 αὐτῇ
824 434 978 485 πολὺν
999 435 1217 499 γενέσθαι
1245 434 1327 484 τὸν
1354 434 1426 483 ἐπὶ
1451 434 1508 498 τῇ
1533 430 1714 480 ἁλώσει

127 518 315 579 θρῆνον.
372 516 659 580 εἰσκεκόμικε
694 522 809 581 γοῦν
843 515 988 579 αὐτὴν
1025 518 1049 565 ὁ
1085 515 1334 583 προφήτης
1367 513 1588 578 Ἱερεμίας
1624 534 1710 573 μο-

86 612 107 650 5
129 599 313 663 νονουχὶ
347 598 731 664 δακρυῤῥοοῦσάν
762 620 809 648 τε
849 600 924 647 καὶ
955 603 1050 650 τοῖς
1085 598 1212 650 ἰδίοις
1245 593 1557 646 ἀπολωλόσιν
1589 594 1714 642 ἐποι-

126 678 377 744 μώζουσαν
402 679 590 733 τέκνοις.
649 678 739 746 ε”φη
771 679 864 744 γάρ
899 678 969 728 ὅτι
996 685 1022 706 “
1042 678 1296 728 Κλαίουσα
1326 677 1530 726 ε”κλαυσε
1566 676 1709 735 νυκτὶ,

128 766 154 788 “
181 761 256 809 καὶ
282 758 341 810 τὰ
364 759 541 825 δάκρυα
566 761 708 824 αὐτῆς
732 762 806 811 ἐπὶ
832 764 926 811 τῶν
953 759 1193 824 σιαγόνων
1220 757 1407 821 αὐτῆς.”
1461 759 1537 807 καὶ
1563 756 1631 809 τίς
1657 755 1714 819 ἧν

128 842 153 891 ὁ
189 843 388 906 θρῆνοςς
428 841 708 907 “Παρθε’νοι
746 864 836 906 μου
872 843 948 891 καὶ
988 841 1222 891 νεανίσκοι
1260 863 1351 902 μου
1389 838 1714 904 ἐπορεύθησαν

127 929 155 950 “
181 923 229 972 ἐν
266 923 590 991 αἰχμαλωσίᾳ·
645 925 694 973 ἐν
733 924 946 991 ῥομφαίᾳ
985 925 1060 972 καὶ
1098 923 1146 972 ἐν
1185 925 1309 990 λιμῷ
1347 919 1627 981 ἀπέκτεινας,
1666 919 1715 969 ἐν

61 1020 108 1045 10
127 1010 153 1033 “
181 1003 328 1072 ἡμέρᾳ
355 1005 499 1070 ὀργῆς
526 1027 618 1056 σου
644 1006 990 1071 ε’μαγείρευσας,
1019 1005 1100 1054 οὐκ
1128 1004 1348 1072 ἐφείσω.”

202 1089 261 1135 Εἰ
288 1085 335 1136 δὲ
362 1085 418 1149 δή
445 1109 513 1139 τις
537 1085 761 1147 βούλοιτο
789 1084 908 1136 κατὰ
933 1088 1016 1148 τῆς
1053 1087 1218 1148 νοητῆς
1242 1080 1577 1149 Ἰερουσαλὴμ,
1608 1103 1714 1131 του-

126 1166 257 1216 τέστι
284 1170 366 1230 τῆς
390 1168 697 1230 Ἐκκλησίας,
721 1171 958 1218 τεθεῖσθαι
983 1166 1068 1230 τὴν
1095 1169 1282 1228 κλῆσιν,
1307 1164 1463 1232 Ῥαμοί
1493 1186 1542 1213 τε
1569 1160 1714 1224 αὐτὴν

127 1247 404 1311 ὠνομάσθαι
438 1252 550 1312 νυνὶ,
587 1248 744 1316 φαμὲν
778 1248 848 1299 ὅτι
887 1250 963 1299 καὶ
1000 1247 1133 1310 μάλα
1171 1248 1321 1312 ὀρθῶς
1360 1247 1384 1295 ὁ
1424 1243 1568 1309 λόγος
1601 1243 1708 1310 ἔχει.

1399 1334 1409 1356 6

126 1330 303 1379 πολλοὶ
328 1329 422 1396 γὰρ
458 1333 500 1381 οὶ
537 1332 777 1383 κλαίοντες
801 1332 849 1380 ἐν
875 1328 1160 1392 ἐκκλησίαις,
1188 1330 1262 1378 καὶ
1286 1327 1371 1390 τὴν
1414 1325 1561 1376 ςκατοὶ
1587 1324 1711 1376 Θεὸν

61 1427 106 1464 ¹5
129 1417 155 1439 ‘⁶
182 1411 364 1477 ἔχοντες
397 1411 569 1475 λύπην,
603 1412 702 1475 ἥτις
734 1410 982 1475 μετάνοιαν
1005 1413 1067 1463 εἷς
1093 1408 1332 1473 σωτηρίαν
1359 1407 1713 1471 ἀμεταμέλητον

130 1498 156 1520 “
181 1491 556 1557 κατεργάζεται.”
622 1493 897 1559 ἀποδέχεται
937 1491 986 1542 δὲ
1024 1490 1130 1544 τοὺς
1175 1489 1410 1542 τοιούτους
1455 1490 1530 1539 καὶ
1576 1486 1714 1541 αὐτὸς

130 1574 155 1623 ὁ
190 1572 403 1638 Χριστὸς
441 1575 562 1625 οὕτω
601 1574 757 1639 λέγων
793 1580 819 1602 “
840 1572 1078 1639 Μακάριοι
1115 1575 1156 1622 οἱ
1193 1575 1469 1625 πενθοῦντες
1509 1575 1604 1633 νῦν,
1644 1569 1714 1619 ὅτι

125 1660 152 1682 “
179 1655 310 1705 αὐτοὶ
344 1654 846 1722 παρακληθήσονται.”
898 1656 974 1706 καὶ
1009 1653 1158 1706 πάλιν
1185 1662 1211 1684 “
1233 1653 1473 1718 Μακάριοι
1505 1656 1546 1703 οἱ
1582 1652 1715 1702 κλαί-

125 1741 153 1763 “
180 1757 309 1789 οντες
348 1741 443 1798 νῦν,
484 1736 554 1788 ὅτι
593 1736 862 1802 γελάσετε.”
923 1737 1088 1787 οὐκοῦν
1127 1733 1215 1785 κᾶν
1254 1738 1290 1785 εὶ
1332 1734 1521 1799 λε’γοιτο
1554 1732 1715 1802 Ῥαμὰ

58 1835 107 1860 20
126 1815 202 1866 διὰ
242 1819 325 1879 τῆς
369 1823 451 1868 τοῦ
498 1817 759 1885 Προφήτου
805 1820 965 1885 φωνῆς
1011 1817 1039 1880 ἡ
1077 1815 1359 1880 Ἐκκλησία,
1402 1814 1595 1884 φορέσει
1640 1817 1716 1865 καὶ

126 1899 247 1948 οὕτω
290 1898 344 1948 τὸ
388 1899 587 1950 πιθανὸν
631 1900 656 1948 ὁ
701 1898 860 1964 λόγος.
930 1897 1062 1961 πλὴν
1109 1900 1182 1949 ἐπὶ
1227 1898 1361 1948 τόπου
1413 1898 1537 1963 φησὶ
1585 1900 1715 1963 μενεῖ,

125 1978 368 2030 τουτέστιν
405 1982 459 2030 οὐ
497 1979 863 2044 σαλευθήσεται.
917 1978 1180 2045 ἐρήρεισται
1216 1977 1325 2045 γὰρ,
1365 1980 1427 2031 ὡς
1466 1977 1598 2047 ἔφην,
1639 1981 1715 2028 καὶ

126 2060 256 2111 ἔστιν
283 2060 543 2126 ἀκλόνητος
569 2062 597 2125 ἡ
623 2061 891 2126 Ἐκκλησία
917 2064 1148 2126 Χριστοῦ.

131 2381 205 2421 Καὶ
244 2381 348 2422 afim
386 2380 505 2421 ἔσται
543 2380 566 2421 ἡ
602 2379 763 2422 Πτώσιε
802 2378 852 2420 ἢν
890 2379 1015 2429 κόψει
1051 2378 1198 2436 Κύριος
1237 2377 1399 2418 Πάντας
1439 2377 1536 2417 τοὺς
1580 2377 1710 2417 λαοὺς

61 2474 108 2512 25
194 2466 287 2507 ὅσοι
330 2464 675 2520 ἐπεστράτευσαν
717 2463 788 2504 ἐπὶ
817 2462 1116 2519 Ἰερουσαλήμ·
1170 2462 1428 2503 τακι-ἰσονται
1473 2458 1513 2500 αἱ
1558 2460 1712 2515 σάρκες

195 2547 337 2589 αὐτῶν
375 2546 621 2588 ἑστΗκότων
660 2545 802 2587 αὐτῶν
840 2545 910 2587 &ni
947 2545 1046 2586 τοὺς
1085 2544 1222 2587 Πόὸαε
1261 2544 1416 2594 αὐτῶν,
1452 2542 1519 2583 καὶ
1558 2540 1596 2583 οἱ
1634 2543 1714 2597 ὀφ-

175 2734 207 2768 3.
232 2724 291 2757 τὸν
307 2727 529 2766 assumptum
548 2733 589 2755 ex
609 2720 687 2756 C.b.
857 2734 889 2763 4.
912 2724 994 2766 γοῦν
1013 2721 1054 2755 C.
1080 2722 1146 2766 γὰρ
1165 2720 1256 2754 Edd.
1425 2728 1458 2763 5.
1485 2718 1711 2762 δακρυρροοῦ-

129 2771 194 2805 σάν
213 2769 254 2804 C.
272 2769 486 2813 ὃακρὺουσάν
502 2767 562 2801 iid.
715 2767 748 2802 6.
774 2768 922 2802 ἕκλαυσε
941 2767 982 2802 C.
1001 2769 1112 2801 ἔκλαιε
1130 2766 1190 2801 iid.
1336 2776 1388 2799 10.
1416 2764 1649 2810 ἐμαγήρευσας
1668 2764 1709 2798 C.

132 2827 186 2850 11.
212 2817 294 2850 κατὰ
313 2815 391 2850 C.b.
411 2814 490 2848 κάπὶ
509 2813 601 2848 Edd.
812 2825 864 2859 13.
890 2815 1076 2858 ὀνομᾶσθαι
1097 2813 1137 2848 C.
1355 2812 1407 2845 16.
1435 2812 1470 2845 δέ
1489 2817 1711 2855 assumptum

129 2874 170 2896 ex
190 2862 278 2895 B.C.
529 2868 582 2905 17.
609 2862 666 2894 νῦν
682 2868 904 2905 assumptum
922 2873 964 2894 ex
985 2860 1024 2894 C.
1276 2869 1328 2903 19.
1353 2857 1421 2903 ὅτι]
1446 2862 1483 2897 -Ι-
1504 2858 1597 2891 αὐτοὶ
1619 2857 1709 2891 Edd.

129 2908 244 2942 invitis
264 2907 351 2942 B.C.
404 2907 528 2941 Statim
547 2907 713 2950 γελάσετε
732 2906 772 2942 C.
790 2909 994 2952 γελάσονται
1014 2907 1055 2940 B.
1076 2905 1167 2940 Edd.
1361 2915 1414 2938 21.
1443 2903 1513 2949 ἐπὶ]
1540 2908 1574 2944 -†—
1597 2906 1656 2937 τοῦ
1674 2903 1708 2937 b.

130 2955 173 2987 cf.
193 2965 309 2998 supra.
327 2955 386 2987 τοῦ
404 2964 475 2987 non
494 2952 589 2987 addit
607 2952 663 2987 hic
683 2953 724 2987 C.
915 2964 969 2987 22.
997 2954 1179 2997 ἐρείρισται
1199 2950 1277 2994 (sic)
1299 2950 1338 2984 C.

187 3020 279 3048 VOL.
303 3021 351 3048 Π.
910 3022 933 3062 3
957 3021 980 3047 Y

1776 280 1937 310 &Matth

1776 325 1806 353 ii.
1825 326 1867 352 {(›-
1891 326 1935 352 ιΗ.

1732 610 1752 635 O

1774 682 1895 711 Throni

1775 726 1795 755 i.
1821 750 1844 755 -.

1776 846 1825 876 ΙΙ).
1841 846 1871 876 ii.
1887 854 1935 875 21.

1731 1308 1751 1331 a
1778 1299 1866 1332 806
1885 1297 1931 1330 Α.

1776 1347 1883 1397 ΞΗΟΟΓ.

1772 1401 1829 1422 Vll·
1851 1399 1898 1421 10.

1774 1571 1935 1602 S.]1att}1.

1775 1626 1805 1646 v.
1822 1626 1851 1654 4.

1776 1666 1809 1695 S.
1828 1666 1906 1695 Luc.

1775 1709 1817 1740 vi.
1842 1717 1888 1739 21.

1736 2388 1778 2412 12
