2001 3361
287 197 363 232 712

343 317 398 352 i.e.
432 326 499 362 pro
536 311 665 347 insulis
697 309 819 349 maris,
853 306 1044 342 Christum

343 377 605 426 accipientibus
635 376 709 410 681
735 386 781 417 c3
813 378 851 408 et
880 370 1047 407 Judaeae

344 450 380 478 et
398 440 585 477 Ecclesiae
601 438 782 475 terminus
800 438 875 473 738
891 449 931 481 a3
953 435 1046 470 mul-

344 505 512 542 titudinis
541 502 750 551 symbolum
783 503 859 537 802
881 513 927 541 a;
958 500 1046 535 item

345 569 471 605 mundi
510 568 624 603 totius
666 567 741 602 802
782 578 801 600 c
820 579 830 611 3
876 564 1048 612 primum,

344 635 464 681 figura
486 632 648 674 Israelis,
669 629 925 669 novissimum,
945 627 1047 663 Gen-

344 699 436 734 tium
459 699 535 733 802
559 696 592 731 d.

292 763 427 802 Maria,
450 761 570 797 Mosis
592 772 708 800 soror,
725 757 924 806 Aegyptiis
944 768 1049 804 pere-

347 826 496 862 untibus
531 824 713 860 insultans
743 828 779 858 et
812 822 892 857 Deo
927 827 963 857 et
994 821 1048 856 Is—

346 890 434 925 raeli
468 888 633 936 gloriosa
671 889 748 923 446
781 900 824 931 c;
862 885 1050 922 Ecclesiae

346 960 456 1002 typus
477 955 554 989 446
575 965 607 988 e.

293 1019 428 1061 Maria,
445 1018 564 1065 Virgo
580 1018 709 1061 Beata,
726 1021 836 1064 partu
856 1028 923 1050 suo
944 1027 1048 1062 prae-

348 1084 447 1118 dicta
467 1082 597 1118 Esaiae
620 1079 787 1128 implevit
809 1082 881 1116 551
907 1080 929 1114 d
951 1092 981 1115 e.

295 1147 487 1186 Maritimi,
510 1146 740 1181 Palaestinae
770 1143 906 1192 populi,
937 1143 1052 1179 exitio

349 1211 471 1247 devoti
495 1212 571 1247 596
594 1222 636 1254 a;
670 1211 744 1245 597
768 1209 803 1244 d.

295 1276 493 1323 Martyres,
519 1287 628 1322 quam
657 1273 866 1309 mercedem
888 1274 968 1309 Deo
990 1273 1052 1308 de-

350 1341 471 1376 derint
494 1341 569 1375 766
592 1339 614 1373 d
635 1351 654 1374 e
672 1351 682 1383 3
714 1350 806 1385 quae
826 1338 950 1374 forent
970 1350 1053 1384 pas-

351 1404 424 1440 suri
438 1403 627 1451 praedicta
645 1406 719 1439 774
735 1415 776 1447 a;
798 1408 1054 1449 persecutores

352 1481 439 1504 suos
460 1467 803 1514 obstupefaciebant
826 1469 900 1502 775
921 1467 956 1501 b.

298 1532 469 1568 Mascula
494 1532 677 1572 animalia,
699 1543 810 1578 quare
832 1531 867 1565 in
887 1530 1052 1566 votivum

353 1597 571 1632 sacrificium
594 1596 759 1643 quaesita
779 1597 854 1631 833
873 1595 909 1630 b.

300 1661 596 1701 Matrimonium,
637 1659 809 1695 omnibus
857 1660 1055 1694 honestum

359 1728 403 1761 16
434 1738 482 1770 a,
523 1737 606 1759 cum
636 1724 853 1764 idololatris,
885 1723 1057 1758 interdic-

354 1795 434 1825 tum
464 1789 602 1824 frustra
628 1790 676 1824 85
699 1788 745 1833 (13
776 1787 942 1823 illicitum
974 1800 1058 1823 cum

355 1853 572 1901 alienigenis
599 1853 644 1888 ab
672 1853 792 1888 Esdra
821 1853 1058 1888 maledictum

357 1921 433 1955 695
468 1930 510 1962 e3
558 1919 635 1953 696
669 1917 716 1961 b;
757 1917 1058 1966 alienigenarum,

356 1988 523 2030 tempore
583 1981 807 2023 Malachiae,
867 1981 1058 2022 usitatum,

359 2050 435 2083 840
449 2060 483 2092 e;
506 2046 661 2083 Judaeis
678 2046 917 2082 interdictum
936 2047 1058 2086 842a;

357 2117 515 2159 quantae
544 2111 655 2146 fuerit
685 2110 917 2159 corruptelae
952 2123 1062 2145 causa

359 2178 434 2212 842
453 2188 494 2221 e;
525 2181 562 2211 et
583 2175 782 2223 spiritualis
803 2181 839 2210 et
860 2174 1062 2222 corporalis

358 2246 414 2276 est
435 2240 649 2288 conjunctio
672 2242 748 2276 845
771 2252 803 2275 e.

304 2305 535 2346 Matthaeus,
557 2305 602 2340 ab
622 2305 701 2352 ipsa
721 2303 868 2339 officina
888 2303 1062 2339 avaritiae

359 2369 540 2405 excitatus
562 2371 637 2405 232
659 2381 692 2404 a.

304 2434 516 2470 Matutinae
535 2446 663 2481 preces
686 2435 760 2470 332
783 2445 814 2468 c.

305 2498 516 2534 Matutinus
547 2503 734 2545 quaestus,
757 2497 859 2544 quasi
888 2496 1062 2532 avaritiae

360 2564 508 2611 signum
529 2563 798 2598 condemnatur
820 2563 897 2596 646
919 2574 941 2596 a
959 2561 995 2596 b.

305 2627 464 2662 Maxilla
491 2627 699 2669 verberata,
732 2625 959 2674 ignominiae
990 2625 1063 2673 sig-

359 2704 448 2727 num
471 2694 546 2727 434
568 2691 604 2727 b.

307 2754 447 2796 Media,
482 2755 579 2790 exilii
618 2753 796 2790 Israelitis
830 2753 936 2790 sedes
969 2755 991 2790 9
1022 2765 1063 2799 c3

362 2821 410 2855 24
432 2831 473 2864 a;
506 2821 555 2855 26
578 2820 733 2865 a3186
755 2830 786 2853 e.

309 2881 499 2923 Mediatio‚
520 2888 557 2919 et
585 2882 832 2931 Angelorum,
854 2887 891 2918 et
912 2881 1063 2923 Christi,

364 2948 436 2981 661
460 2947 483 2982 b
504 2960 536 2982 c„

827 186 1035 223 INDEX
1097 186 1337 221 RERUM.

1749 196 1870 220 MARE.

1115 305 1268 347 Medici,
1313 303 1593 339 medicamentis
1641 303 1788 339 acribus
1834 310 1872 339 et

1169 369 1334 405 dolorem
1364 368 1586 404 facientibus
1619 373 1785 408 utuntur,
1825 367 1873 402 ad

1169 434 1341 468 morbum
1393 432 1653 479 depellendum
1700 433 1776 467 202
1826 443 1871 476 a;

1170 497 1257 544 quid
1296 497 1486 532 oculorum
1525 496 1655 531 morbo
1700 495 1872 530 laboran-

1169 561 1268 596 tibus

1172 627 1248 661 569
1275 638 1302 661 e.

1118 690 1316 735 Medicina,
1350 703 1441 738 quae
1476 690 1522 725 sit
1556 689 1707 736 optima,
1738 700 1873 735 nempe

1352 561 1582 608 praecipiant
1663 559 1872 595 faciendum

1173 755 1366 803 disciplina
1391 757 1440 790 94
1464 766 1507 798 a;
1540 753 1692 788 Gratiae
1716 752 1873 791 divinae,

1172 819 1325 855 vulnera
1344 824 1498 854 naturae
1519 823 1625 853 sanat
1641 819 1691 853 95
1713 829 1742 852 e.

1119 883 1292 928 Mellarii,
1326 896 1392 931 per
1427 883 1535 931 signa
1573 881 1752 929 quaedam
1788 892 1876 927 apes

1174 960 1405 996 congregare
1451 947 1643 987 facientes,
1682 944 1876 993 Apostolis

1173 1018 1435 1060 comparantur
1457 1014 1529 1048 751
1554 1024 1585 1047 c.

1120 1076 1350 1117 Memoriale,
1400 1076 1560 1117 Israelis,
1610 1075 1708 1124 apud
1756 1074 1877 1109 Deum

1174 1147 1353 1189 perpetuo
1375 1146 1561 1176 servatum
1585 1142 1659 1176 194
1680 1152 1712 1175 e.

1122 1206 1323 1253 Memphis,
1355 1205 1459 1252 quasi
1496 1205 1584 1240 urbs
1622 1210 1718 1240 esset
1756 1202 1875 1239 Arca-

1176 1270 1263 1305 dum
1286 1270 1471 1316 descripta
1494 1271 1566 1305 129
1589 1282 1621 1304 e.

1122 1335 1334 1375 Mendacia,
1349 1334 1601 1369 Israelitarum
1617 1333 1774 1380 plurima
1789 1344 1876 1368 con-

1178 1400 1374 1435 demnatur
1395 1401 1468 1434 451
1493 1410 1514 1434 a
1533 1410 1564 1433 c.

1124 1464 1375 1504 Mendacium,
1416 1475 1480 1510 per
1520 1475 1558 1498 se
1597 1474 1742 1509 semper
1779 1461 1879 1496 infir-

1179 1541 1278 1563 mum
1303 1530 1378 1563 326
1400 1540 1442 1570 e;
1474 1533 1514 1562 ut
1538 1526 1769 1562 Judaeorum
1790 1537 1878 1561 con-

1178 1598 1235 1627 tra
1257 1592 1446 1627 Christum
1472 1593 1546 1627 327
1570 1603 1599 1625 c.

1125 1656 1261 1691 Mensa
1282 1655 1446 1696 Domini,
1463 1667 1483 1689 a
1503 1653 1658 1689 Judaeis
1678 1657 1879 1692 contemta,

1179 1733 1200 1756 a
1239 1720 1423 1755 Gentibus
1470 1719 1676 1753 honoratur
1718 1719 1794 1752 830
1833 1728 1852 1750 c
1871 1728 1881 1761 3

1179 1783 1597 1831 neglecta‚impietatem
1613 1781 1738 1828 arguit
1756 1782 1828 1816 831
1846 1792 1881 1825 a;

1184 1862 1203 1884 a
1225 1848 1380 1883 Judaeis
1400 1847 1540 1894 polluta
1561 1848 1637 1881 824
1659 1846 1698 1887 b;
1724 1845 1882 1880 825bc.

1130 1903 1324 1942 Mensura,
1373 1907 1528 1936 extensa
1580 1911 1690 1947 super
1740 1899 1882 1942 urbem,

1183 1966 1271 2014 quid
1297 1965 1481 2013 significet
1505 1966 1580 2000 662
1603 1964 1652 2009 d3
1685 1964 1722 1998 in
1742 1963 1883 1999 visione

1183 2030 1385 2066 Zachariae

1183 2098 1259 2131 697
1282 2108 1314 2131 e.

1131 2171 1298 2212 Mentiri,
1347 2183 1419 2219 quo
1476 2183 1598 2213 sensu,
1647 2182 1713 2217 pro
1767 2168 1885 2217 patria

1179 2236 1401 2283 juberentur
1419 2235 1555 2271 Judaei
1578 2237 1653 2271 239
1675 2247 1708 2270 a.

1130 2300 1345 2336 Mercatura
1377 2299 1585 2343 saecularis,
1621 2298 1885 2335 sacrificiorum

1184 2365 1450 2400 contaminatio
1472 2366 1548 2400 644
1568 2364 1592 2399 b
1613 2376 1656 2409 c;
1689 2365 1764 2400 645
1786 2376 1818 2398 a.

1130 2429 1338 2471 Memedes,
1379 2428 1649 2465 Samaritarum
1688 2427 1884 2466 maximae,

1184 2494 1298 2529 exitio
1318 2494 1549 2530 devoventur
1570 2495 1644 2529 398
1666 2505 1695 2528 a.

1130 2559 1366 2600 Mercenarii,
1405 2571 1481 2594 non
1518 2558 1669 2605 impune
1717 2554 1886 2591 mercede

1184 2636 1251 2659 sua
1270 2623 1465 2671 privantur
1485 2625 1561 2659 854
1584 2634 1624 2666 e;
1655 2623 1731 2657 856
1753 2632 1785 2655 a.

1131 2687 1291 2729 Merces,
1326 2693 1411 2723 ante
1450 2686 1748 2722 Incarnationem
1786 2683 1888 2718 nulla

1185 2757 1264 2788 erat
1286 2754 1363 2788 720
1385 2752 1429 2797 (13
1453 2753 1525 2788 721
1550 2763 1591 2795 a3
1622 2761 1714 2796 quae
1735 2746 1887 2783 Christo

1186 2829 1206 2852 a
1246 2817 1322 2852 suis
1366 2816 1452 2852 data
1499 2815 1557 2859 sit,
1597 2825 1690 2861 quae
1729 2825 1749 2847 a
1786 2811 1889 2848 Juda

1187 2882 1262 2917 766
1284 2881 1351 2917 de.

1132 2945 1365 2985 Meretrices‚
1405 2955 1471 2991 pro
1509 2941 1713 2978 idololatris
1746 2941 1886 2977 dictum

1461 2029 1548 2077 quid

1621 2026 1885 2077 significaverit
