2053 3382
93 1427 188 1457 Rom.
206 1426 247 1457 xi.

97 1480 145 1508 24.

316 159 399 200 346
702 160 751 200 B.
797 159 1075 200 CYRILLI
1125 158 1507 199 ALEXANDR.
1663 159 1885 208 imm—14.

315 268 697 334 ἀναδεδειγμένοι,
727 267 801 318 διὰ
836 273 917 317 τοῦ
943 272 1225 335 μεταλαχεΐν
1250 268 1416 334 ‘Ayc'ov
1444 266 1730 328 Πνεύματος.
1785 266 1890 315 οὐκ-

315 356 397 400 οῦν
422 352 469 400 ἐν
495 351 635 419 ἐλαίῳ
661 373 710 400 τε
737 352 812 400 καὶ
839 348 1027 416 λύχνοις
1054 351 1081 412 ἡ
1107 355 1201 400 τῶν
1233 349 1314 401 δύο
1350 354 1483 400 λαῶν
1516 349 1697 414 ἵδρυσίς
1733 371 1781 398 τε
1817 350 1891 398 καὶ

314 432 631 498 παράστασις.
695 432 742 481 ἐν
777 434 899 499 φωτὶ
931 430 1025 498 γὰρ
1060 433 1191 496 ἡμῶν
1217 433 1244 496 ἡ
1269 435 1456 496 κλῆσις,
1485 433 1558 482 καὶ
1592 433 1653 484 ὡς
1679 433 1726 481 ἐν
1751 431 1892 499 ἐλαίῳ

314 517 380 582 τῷ
405 512 532 578 παρὰ
560 517 697 563 Θεοῦ·
738 512 865 578 ε’ίπερ
899 515 1029 563 ἐστὶν
1062 512 1248 579 ἀτρεκὲς
1283 518 1438 575 εἰπεῖν,
1465 516 1525 567 ὡς
1548 512 1786 577 ἠλεήμεθα
1809 513 1894 575 μὲν

315 594 516 645 θανάτου
555 597 628 645 καὶ
669 596 897 661 ἁμαρτίας
935 596 1296 661 ἀπηλλαγμένοι
1338 598 1411 646 καὶ
1444 596 1654 648 δουλείας
1687 598 1768 658 τῆς
1806 596 1889 660 ἀρ·
1913 610 1933 645 5

275 698 295 722 e
314 675 556 742 χαιοτέρας
600 677 928 731 ἀπολύσαντες
972 678 1055 728 τὸν
1103 677 1287 745 αὐχένα·
1339 678 1681 746 πεφωτίσμεθα
1723 675 1771 726 δὲ
1817 677 1890 734 αὖ,

313 757 395 808 τὸν
433 758 513 808 ἕνα
551 761 625 809 καὶ
662 759 805 827 φύσει
832 759 955 811 Θεὸν
994 760 1397 827 ἐπιγινώσκοντες,
1428 763 1503 810 καὶ
1541 762 1621 822 τῆς
1659 759 1892 810 πολυθέου

312 839 496 903 πλάνης
522 840 604 891 τὸν
630 842 805 892 σκότον
832 842 1149 907 ἐκβεβηκότες.

386 922 547 974 Ἀλλὰ
571 925 638 978 τίς
665 923 722 974 ἂν
749 925 816 989 ε’ίη
843 927 917 976 καὶ
943 926 968 975 ὁ
994 928 1075 988 τῆς
1110 924 1427 991 ἐπιτηρήσεως
1456 922 1612 989 λόγος,
1639 924 1687 973 τί
1717 922 1764 973 δὲ
1802 923 1893 988 ἄρα

313 1005 367 1057 τὸ
402 1005 615 1060 πεπεικὸς
653 1006 735 1058 τὸν
768 1008 996 1072 μακάριον
1034 1007 1312 1075 Προφήτην,
1344 1006 1408 1071 μὴ
1449 1005 1504 1070 δὴ
1539 1009 1707 1074 χρῆναι
1739 1004 1892 1070 λέγειν
1916 1028 1962 1051 10

314 1088 457 1142 αὐτὰς
496 1090 659 1144 ἐλαίας
694 1089 776 1152 μὲν
814 1090 892 1152 ἔτι,
936 1087 1128 1144 κλάδους
1167 1090 1214 1140 δέ
1252 1094 1442 1153 μᾶλλον
1480 1088 1651 1147 ἐλαιῶν,
1686 1086 1796 1156 φέρε
1836 1086 1892 1150 δὴ

315 1171 425 1239 φέρε
463 1171 867 1239 περιαθρήσωμεν.
935 1173 1233 1225 καλλιέλαιος
1271 1171 1354 1235 μὲν
1392 1171 1545 1222 τοίνυν
1576 1172 1602 1234 ἡ
1641 1175 1734 1221 τῶν
1768 1171 1889 1220 Ἰου-

315 1253 457 1304 δαίων
491 1253 795 1322 κεχρημάτικε
833 1254 1109 1320 Συναγωγὴ,
1137 1255 1402 1320 ἀγριέλαιος
1433 1251 1580 1319 γεμὴν
1614 1257 1708 1303 τῶν
1747 1255 1892 1303 ἐθνῶν

270 1342 296 1381 d
317 1336 342 1399 ἡ
383 1336 581 1400 πληθύς.
646 1338 766 1388 οὕτω
813 1336 905 1403 γὰρ
953 1338 1105 1387 αὐτῶν
1151 1336 1453 1400 διαμέμνηται
1495 1338 1568 1386 καὶ
1610 1336 1634 1385 ὁ
1669 1334 1892 1400 μακάριος

318 1425 525 1483 Παῦλος,
571 1422 725 1487 λέγων
773 1421 891 1488 πρὸς
935 1421 1040 1475 τοὺς
1090 1422 1145 1490 ἐξ
1192 1424 1337 1472 ἐθνῶν
1386 1420 1735 1472 πιστεύσαντας
1781 1428 1807 1449 “
1833 1423 1890 1470 Εἰ
1916 1436 1959 1471 15

317 1510 343 1532 ‘⁶
370 1502 463 1569 γὰρ
501 1503 565 1554 σὺ
603 1505 651 1554 ἐκ
686 1507 767 1567 τῆς
798 1503 916 1555 κατὰ
951 1504 1098 1572 φύσιν
1125 1502 1346 1572 ἐξεκόπης
1373 1504 1640 1569 ἀγριελαίου
1665 1504 1738 1552 καὶ
1764 1501 1892 1567 παρὰ

318 1592 344 1614 “
369 1585 517 1652 φύσιν
541 1587 887 1651 ἐνεκεντρίσθης
919 1590 981 1639 εἷς
1014 1586 1332 1643 καλλιέλαιον,
1360 1588 1531 1654 πολλῷ
1555 1589 1743 1645 μᾶλλον
1768 1584 1893 1634 οῦτοι

316 1674 342 1695 “
371 1671 411 1717 οὶ
446 1667 564 1718 κατὰ
600 1669 747 1736 φύσιν
774 1668 1244 1734 ἐγκεντρισθήσονται
1279 1672 1336 1734 τῇ
1373 1668 1464 1735 ἰδίᾳ
1489 1666 1668 1735 ἐλαίᾳ.”
1728 1666 1892 1716 οὐκοῦν

318 1753 617 1807 καλλιέλαιος
653 1753 736 1817 μὲν
773 1754 801 1817 ἡ
830 1753 1108 1819 Συναγωγὴ,
1136 1751 1344 1818 καθάπερ
1378 1751 1496 1820 ε”φην
1531 1750 1712 1817 ἀρτίως·
1754 1752 1887 1815 ἀγρι-

319 1837 472 1891 έλαιος
504 1838 550 1888 δέ
590 1839 617 1901 ἡ
652 1843 746 1889 τῶν
776 1841 920 1889 ἐθνῶν
952 1837 1117 1903 ἀγέλη.
1182 1841 1223 1887 οἱ
1258 1837 1341 1900 μὲν
1372 1836 1477 1902 γὰρ,
1516 1835 1600 1899 τὴν
1638 1834 1712 1885 διὰ
1752 1834 1894 1898 νόμου
1916 1857 1963 1881 20

319 1919 562 1971 παίδευσιν
583 1922 778 1988 ἔχοντες,
799 1922 881 1971 οὐκ
901 1921 1098 1987 ἄκαρποι
1126 1920 1369 1970 διετέλουν·
1411 1922 1453 1968 οἱ
1478 1917 1525 1968 δὲ
1550 1917 1675 1982 ἦσαν
1693 1922 1895 1985 σφηκῶν

295 2003 497 2068 ῐάγρίων
522 2004 860 2067 ἐνδιαιτήματα,
886 2002 1048 2069 πλήρη
1086 2003 1334 2065 δαιμονίων
1366 2001 1544 2067 ἔχοντες
1580 1999 1662 2050 τὸν
1690 2006 1796 2051 νοῦν
1821 2006 1896 2051 καὶ

322 2085 521 2150 ἄκαρποι
547 2091 803 2139 παντελῶς.
867 2085 996 2149 πλὴν
1031 2086 1134 2135 οὔτε
1168 2088 1303 2135 πᾶσα
1333 2087 1427 2133 τῶν
1451 2083 1689 2133 Ἰουδαίων
1714 2083 1741 2146 ἡ
1769 2086 1891 2133 Συν-

322 2166 485 2232 αγωγὴ
522 2167 608 2230 τὴν
646 2172 706 2221 εἰς
747 2166 961 2234 Χριστὸν
997 2166 1285 2235 παρεδέξατο
1328 2166 1503 2227 πίστιν,
1536 2166 1638 2215 οὔτε
1676 2164 1769 2228 μὴν
1807 2165 1897 2227 ὅλη

322 2254 416 2299 τῶν
449 2252 592 2300 ἐθνῶν
624 2251 651 2314 ἡ
683 2250 882 2313 πληθύς.
948 2249 1293 2318 ἐξεσπασμένοι
1321 2248 1367 2298 δὲ
1400 2246 1562 2313 ὥσπερ
1588 2248 1667 2313 ἀφ’
1697 2247 1896 2311 ἑκάστης
1919 2268 1966 2305 25

323 2331 541 2395 ἠλέηνται
587 2335 776 2394 πολλοὶ,
822 2334 895 2382 καὶ
937 2333 1184 2395 κέκληνται
1230 2330 1304 2380 διὰ
1348 2333 1428 2394 τῆς
1467 2330 1671 2382 πίστεως
1713 2332 1774 2382 εἷς
1815 2328 1897 2379 τὸν

325 2412 399 2463 διὰ
439 2419 521 2464 τοῦ
564 2415 837 2475 Πνεῦματος
880 2414 1145 2482 φωτισμόν.
1214 2410 1374 2464 κλαδσι
1427 2412 1482 2476 δὴ
1535 2413 1614 2462 οῦν
1659 2410 1814 2463 ἐλαιῶν
1855 2413 1896 2461 οἱ

326 2495 682 2559 ἀπεσπασμένοι
725 2498 885 2547 νοοῖντ’
924 2496 980 2546 ἂν
1023 2495 1220 2558 εἰκότως,
1259 2495 1301 2545 οἳ
1337 2498 1410 2546 καὶ
1448 2493 1664 2558 ἠλεήνται
1704 2493 1778 2544 διὰ
1815 2495 1897 2555 τῆς

377 2696 405 2717 1.
430 2685 614 2727 μετασχεῖν
632 2683 722 2717 Edd.
741 2684 811 2717 inv.
834 2682 919 2717 B.C.
1400 2682 1524 2714 ,λαῶν
1542 2680 1587 2713 D.
1608 2678 1697 2712 Edd.
1717 2678 1839 2712 ελαίων
1858 2678 1898 2712 C.

328 2739 360 2773 5.
386 2730 606 2774 ἀρχαιοτέρας
625 2730 664 2763 C.
683 2730 905 2774 ἀρχαιοτάτης
924 2729 1015 2763 Edd.
1173 2728 1205 2763 6.
1231 2743 1270 2762 av
1289 2731 1510 2771 assumptum
1529 2738 1569 2759 ex
1589 2725 1630 2759 C.
1787 2735 1816 2770 7.
1842 2726 1901 2758 τὸν

328 2777 384 2810 ἕνα
403 2778 454 2810 καὶ
474 2776 513 2810 C.
533 2777 588 2809 ἕνα
605 2778 663 2810 τὸν
681 2776 771 2810 Edd.
1098 2788 1129 2819 9.
1156 2777 1214 2819 τῆς
1231 2773 1457 2817 ἐπιτηρὴσεως
1477 2773 1516 2806 C.
1523 2773 1567 2806 D.
1586 2775 1651 2805 τῶν
1671 2772 1792 2806 ἐλαιῶν
1808 2771 1898 2805 Edd.

333 2834 384 2856 10.
410 2824 454 2866 μὴ
472 2823 511 2865 δὴ
533 2823 621 2857 Edd.
640 2823 721 2866 μηδὲ
742 2823 781 2857 C.
968 2834 1019 2856 12.
1044 2821 1171 2867 τοίνυν]
1194 2826 1231 2862 -ὶ-
1254 2820 1271 2864 ἡ
1288 2821 1399 2854 τοίνυν
1416 2819 1509 2852 Aub.
1702 2822 1754 2851 16.
1781 2819 1837 2853 σοὶ
1857 2818 1897 2852 C.

335 2879 386 2913 17.
412 2869 520 2914 οὗτοι]
541 2870 634 2903 αὐτοὶ
653 2869 694 2904 C.
1252 2878 1305 2911 23.
1331 2870 1396 2900 τῶν
1411 2864 1610 2900 Ἰοιδαίων
1597 2880 1614 2907 η
1633 2864 1698 2899 hoc
1716 2877 1755 2899 01
1758 2865 1837 2899 dlne
1855 2865 1896 2899 C.

332 2927 385 2956 24.
413 2917 559 2958 Χριστὸν
578 2916 714 2951 Ο.Υἱὸν
733 2916 823 2950 Edd.
1015 2925 1069 2960 25.
1096 2914 1156 2959 ἀφ’
1176 2914 1216 2948 C.
1223 2914 1267 2948 D.
1289 2914 1390 2947 Pont.
1409 2911 1463 2957 ἐφ’
1483 2912 1575 2945 Aub.
1761 2912 1815 2947 26.
1841 2913 1899 2955 τῆς

332 2974 400 2994 om.
422 2962 461 2995 C.
482 2962 585 2996 habet
605 2963 647 2996 D.
837 2972 891 3007 27.
917 2964 946 2996 οἱ
965 2974 1034 2996 om.
1037 2941 1095 2996 ΘΟ
1114 2961 1241 2996 habent
1260 2961 1305 2994 D.
1309 2960 1342 2994 b.
1533 2959 1586 2993 28.
1613 2958 1710 2992 νοοῖ-π’
1732 2958 1772 2992 C.
