<?xml version="1.0" encoding="UTF-8"?>
<!DOCTYPE html PUBLIC "-//W3C//DTD XHTML 1.0 Transitional//EN"
    "http://www.w3.org/TR/xhtml1/DTD/xhtml1-transitional.dtd">
<html xmlns="http://www.w3.org/1999/xhtml" xml:lang="en" lang="en">
 <head>
  <title>
</title>
<meta http-equiv="Content-Type" content="text/html;charset=utf-8" />
  <meta name='ocr-system' content='tesseract 3.04.00' />
  <meta name='ocr-capabilities' content='ocr_page ocr_carea ocr_par ocr_line ocrx_word'/>
</head>
<body>
  <div class='ocr_page' id='page_1' title='image "./operacyrilli02cyriuoft/operacyrilli02cyriuoft_0565.png"; bbox 0 0 2018 3387; ppageno 0'>
   <div class='ocr_carea' id='block_1_1' title="bbox 108 180 1695 234">
    <p class='ocr_par' dir='ltr' id='par_1_1' title="bbox 108 180 1695 234">
     <span class='ocr_line' id='line_1_1' title="bbox 108 180 1695 234; baseline -0.001 -14"><span class='ocrx_word' id='word_1_1' title='bbox 108 181 133 221; x_wconf 89' lang='lat' dir='ltr'>i.</span> <span class='ocrx_word' id='word_1_2' title='bbox 159 182 198 231; x_wconf 88' lang='lat'>6,</span> <span class='ocrx_word' id='word_1_3' title='bbox 224 193 260 234; x_wconf 87' lang='lat'>7.</span> <span class='ocrx_word' id='word_1_4' title='bbox 482 183 554 223; x_wconf 89' lang='lat' dir='ltr'>IN</span> <span class='ocrx_word' id='word_1_5' title='bbox 597 182 1036 223; x_wconf 75' lang='lat' dir='ltr'><strong>MALACHIAM.</strong></span> <span class='ocrx_word' id='word_1_6' title='bbox 1097 181 1250 222; x_wconf 80' lang='lat' dir='ltr'><strong>TOM.</strong></span> <span class='ocrx_word' id='word_1_7' title='bbox 1285 181 1319 221; x_wconf 95' lang='lat' dir='ltr'>I.</span> <span class='ocrx_word' id='word_1_8' title='bbox 1613 180 1695 218; x_wconf 76' lang='lat'>557</span> 
     </span>
    </p>
   </div>
   <div class='ocr_carea' id='block_1_2' title="bbox 176 291 1695 435">
    <p class='ocr_par' dir='ltr' id='par_1_2' title="bbox 176 291 1695 435">
     <span class='ocr_line' id='line_1_2' title="bbox 176 291 1694 353; baseline -0.004 -17"><span class='ocrx_word' id='word_1_9' title='bbox 176 311 255 344; x_wconf 87' lang='grc' dir='ltr'>μου</span> <span class='ocrx_word' id='word_1_10' title='bbox 298 296 454 353; x_wconf 71' lang='grc' dir='ltr'>ἄρτους</span> <span class='ocrx_word' id='word_1_11' title='bbox 504 297 824 347; x_wconf 59' lang='grc' dir='ltr'>ιἰλιοι-Ημὲνους,</span> <span class='ocrx_word' id='word_1_12' title='bbox 869 296 936 336; x_wconf 77' lang='grc' dir='ltr'>καὶ</span> <span class='ocrx_word' id='word_1_13' title='bbox 987 293 1137 336; x_wconf 79' lang='grc' dir='ltr'>εἴπατε</span> <span class='ocrx_word' id='word_1_14' title='bbox 1170 293 1246 334; x_wconf 86' lang='grc' dir='ltr'>Ἐν</span> <span class='ocrx_word' id='word_1_15' title='bbox 1284 292 1360 334; x_wconf 78' lang='grc' dir='ltr'>τίνι</span> <span class='ocrx_word' id='word_1_16' title='bbox 1405 291 1694 338; x_wconf 43' lang='lat' dir='ltr'>fnum-&amp;mmm</span> 
     </span>
     <span class='ocr_line' id='line_1_3' title="bbox 177 375 1695 435; baseline -0.004 -17"><span class='ocrx_word' id='word_1_17' title='bbox 177 379 357 431; x_wconf 58' lang='grc' dir='ltr'>αὐτούς,</span> <span class='ocrx_word' id='word_1_18' title='bbox 411 380 455 420; x_wconf 79' lang='grc' dir='ltr'>ἐν</span> <span class='ocrx_word' id='word_1_19' title='bbox 494 382 554 434; x_wconf 75' lang='grc' dir='ltr'>τῷ</span> <span class='ocrx_word' id='word_1_20' title='bbox 599 382 735 426; x_wconf 75' lang='grc' dir='ltr'>λὲΓειν</span> <span class='ocrx_word' id='word_1_21' title='bbox 777 380 884 428; x_wconf 65' lang='grc' dir='ltr'>ὑμᾶς</span> <span class='ocrx_word' id='word_1_22' title='bbox 928 378 1125 435; x_wconf 68' lang='grc' dir='ltr'>Τράηεζα</span> <span class='ocrx_word' id='word_1_23' title='bbox 1178 376 1327 434; x_wconf 82' lang='grc' dir='ltr'>Κυρίου</span> <span class='ocrx_word' id='word_1_24' title='bbox 1371 375 1695 422; x_wconf 65' lang='grc' dir='ltr'>ὲξουὸενωμενκ</span> 
     </span>
    </p>
   </div>
   <div class='ocr_carea' id='block_1_3' title="bbox 176 460 1409 519">
    <p class='ocr_par' dir='ltr' id='par_1_3' title="bbox 176 460 1409 519">
     <span class='ocr_line' id='line_1_4' title="bbox 176 460 1409 519; baseline -0.002 -16"><span class='ocrx_word' id='word_1_25' title='bbox 176 462 278 513; x_wconf 73' lang='grc' dir='ltr'>ἐστι,</span> <span class='ocrx_word' id='word_1_26' title='bbox 318 462 385 503; x_wconf 76' lang='grc' dir='ltr'>καὶ</span> <span class='ocrx_word' id='word_1_27' title='bbox 424 464 473 504; x_wconf 77' lang='grc' dir='ltr'>τὰ</span> <span class='ocrx_word' id='word_1_28' title='bbox 513 463 784 512; x_wconf 75' lang='grc' dir='ltr'>ἐπιτιθέμενα</span> <span class='ocrx_word' id='word_1_29' title='bbox 825 461 1029 519; x_wconf 76' lang='grc' dir='ltr'>βρώματα</span> <span class='ocrx_word' id='word_1_30' title='bbox 1069 460 1409 509; x_wconf 68' lang='grc' dir='ltr'>ἐξουδενωμὲνα.</span> 
     </span>
    </p>
   </div>
   <div class='ocr_carea' id='block_1_4' title="bbox 44 633 1703 1276">
    <p class='ocr_par' dir='ltr' id='par_1_4' title="bbox 183 633 1699 703">
     <span class='ocr_line' id='line_1_5' title="bbox 183 633 1699 703; baseline -0.001 -19"><span class='ocrx_word' id='word_1_31' title='bbox 183 633 478 685; x_wconf 82' lang='grc' dir='ltr'>Ἐπαιτιᾶται</span> <span class='ocrx_word' id='word_1_32' title='bbox 510 636 704 703; x_wconf 85' lang='grc' dir='ltr'>σφόδρα</span> <span class='ocrx_word' id='word_1_33' title='bbox 736 640 831 686; x_wconf 92' lang='grc' dir='ltr'>τῶν</span> <span class='ocrx_word' id='word_1_34' title='bbox 856 636 1095 686; x_wconf 83' lang='grc' dir='ltr'>Ἰουδαίων</span> <span class='ocrx_word' id='word_1_35' title='bbox 1120 634 1174 686; x_wconf 82' lang='grc' dir='ltr'>τὸ</span> <span class='ocrx_word' id='word_1_36' title='bbox 1208 634 1437 703; x_wconf 76' lang='grc' dir='ltr'>ῥᾴθυμον,</span> <span class='ocrx_word' id='word_1_37' title='bbox 1468 633 1534 687; x_wconf 74' lang='grc' dir='ltr'>οἷς</span> <span class='ocrx_word' id='word_1_38' title='bbox 1569 635 1643 684; x_wconf 79' lang='grc' dir='ltr'>καὶ</span> <span class='ocrx_word' id='word_1_39' title='bbox 1675 634 1699 683; x_wconf 86' lang='grc' dir='ltr'>ὁ</span> 
     </span>
    </p>

    <p class='ocr_par' dir='ltr' id='par_1_5' title="bbox 44 714 1703 1276">
     <span class='ocr_line' id='line_1_6' title="bbox 67 714 1697 785; baseline -0.001 -19"><span class='ocrx_word' id='word_1_40' title='bbox 67 733 89 771; x_wconf 84' lang='grc'><strong>5</strong></span> <span class='ocrx_word' id='word_1_41' title='bbox 111 714 250 779; x_wconf 88' lang='grc' dir='ltr'>νόμος</span> <span class='ocrx_word' id='word_1_42' title='bbox 284 719 511 785; x_wconf 86' lang='grc' dir='ltr'>ἐπιφωνεΐ</span> <span class='ocrx_word' id='word_1_43' title='bbox 539 717 593 768; x_wconf 90' lang='grc' dir='ltr'>τό</span> <span class='ocrx_word' id='word_1_44' title='bbox 628 719 908 778; x_wconf 56' lang='grc' dir='ltr'>4(Εὐλαβεῖς</span> <span class='ocrx_word' id='word_1_45' title='bbox 945 722 1115 769; x_wconf 80' lang='grc' dir='ltr'>ποιεῖτε</span> <span class='ocrx_word' id='word_1_46' title='bbox 1150 717 1258 770; x_wconf 72' lang='grc' dir='ltr'>τοὺς</span> <span class='ocrx_word' id='word_1_47' title='bbox 1293 715 1415 770; x_wconf 73' lang='grc' dir='ltr'>υἱοὺς</span> <span class='ocrx_word' id='word_1_48' title='bbox 1450 715 1697 781; x_wconf 86' lang='grc' dir='ltr'>Ἰσραήλ.”</span> 
     </span>
     <span class='ocr_line' id='line_1_7' title="bbox 110 797 1700 867; baseline 0.001 -18"><span class='ocrx_word' id='word_1_49' title='bbox 110 799 276 867; x_wconf 80' lang='grc' dir='ltr'>ἕψεται</span> <span class='ocrx_word' id='word_1_50' title='bbox 314 797 406 865; x_wconf 80' lang='grc' dir='ltr'>γὰρ</span> <span class='ocrx_word' id='word_1_51' title='bbox 452 801 515 854; x_wconf 87' lang='grc' dir='ltr'>ὡς</span> <span class='ocrx_word' id='word_1_52' title='bbox 558 799 729 851; x_wconf 81' lang='grc' dir='ltr'>ἐπίπαν</span> <span class='ocrx_word' id='word_1_53' title='bbox 771 804 871 853; x_wconf 88' lang='grc' dir='ltr'>ταῖς</span> <span class='ocrx_word' id='word_1_54' title='bbox 918 803 1012 850; x_wconf 90' lang='grc' dir='ltr'>τῶν</span> <span class='ocrx_word' id='word_1_55' title='bbox 1057 799 1328 865; x_wconf 76' lang='grc' dir='ltr'>ἡγουμένων</span> <span class='ocrx_word' id='word_1_56' title='bbox 1374 797 1628 850; x_wconf 85' lang='grc' dir='ltr'>ἐπιεικείαις</span> <span class='ocrx_word' id='word_1_57' title='bbox 1672 798 1700 861; x_wconf 84' lang='grc' dir='ltr'>ἡ</span> 
     </span>
     <span class='ocr_line' id='line_1_8' title="bbox 111 880 1696 948; baseline -0.001 -17"><span class='ocrx_word' id='word_1_58' title='bbox 111 880 200 931; x_wconf 81' lang='grc' dir='ltr'>ὑπὸ</span> <span class='ocrx_word' id='word_1_59' title='bbox 236 885 368 948; x_wconf 86' lang='grc' dir='ltr'>χεῖρα</span> <span class='ocrx_word' id='word_1_60' title='bbox 400 882 600 947; x_wconf 76' lang='grc' dir='ltr'>πληθὺς,</span> <span class='ocrx_word' id='word_1_61' title='bbox 632 883 851 932; x_wconf 80' lang='grc' dir='ltr'>ἀδικεῖται</span> <span class='ocrx_word' id='word_1_62' title='bbox 887 880 935 932; x_wconf 75' lang='grc' dir='ltr'>δὲ</span> <span class='ocrx_word' id='word_1_63' title='bbox 971 882 1024 932; x_wconf 83' lang='grc' dir='ltr'>οὐ</span> <span class='ocrx_word' id='word_1_64' title='bbox 1059 882 1270 948; x_wconf 79' lang='grc' dir='ltr'>μετρίως,</span> <span class='ocrx_word' id='word_1_65' title='bbox 1302 880 1415 931; x_wconf 79' lang='grc' dir='ltr'>ὅταν</span> <span class='ocrx_word' id='word_1_66' title='bbox 1446 880 1518 948; x_wconf 87' lang='grc' dir='ltr'>’ίδῃ</span> <span class='ocrx_word' id='word_1_67' title='bbox 1552 903 1696 943; x_wconf 90' lang='grc' dir='ltr'>κατη-</span> 
     </span>
     <span class='ocr_line' id='line_1_9' title="bbox 109 960 1702 1030; baseline 0.002 -18"><span class='ocrx_word' id='word_1_68' title='bbox 109 962 376 1027; x_wconf 88' lang='grc' dir='ltr'>μεληκότας</span> <span class='ocrx_word' id='word_1_69' title='bbox 404 967 487 1027; x_wconf 82' lang='grc' dir='ltr'>τῆς</span> <span class='ocrx_word' id='word_1_70' title='bbox 512 963 631 1029; x_wconf 84' lang='grc' dir='ltr'>πρὸς</span> <span class='ocrx_word' id='word_1_71' title='bbox 658 964 784 1014; x_wconf 80' lang='grc' dir='ltr'>Θεὸν</span> <span class='ocrx_word' id='word_1_72' title='bbox 811 967 980 1017; x_wconf 76' lang='grc' dir='ltr'>αἰδοῦς.</span> <span class='ocrx_word' id='word_1_73' title='bbox 1037 963 1418 1030; x_wconf 86' lang='grc' dir='ltr'>συγκαθίσταται</span> <span class='ocrx_word' id='word_1_74' title='bbox 1445 961 1538 1027; x_wconf 75' lang='grc' dir='ltr'>γὰρ</span> <span class='ocrx_word' id='word_1_75' title='bbox 1570 960 1702 1015; x_wconf 74' lang='grc' dir='ltr'>εὐθὺς</span> 
     </span>
     <span class='ocr_line' id='line_1_10' title="bbox 110 1044 1703 1114; baseline -0.001 -19"><span class='ocrx_word' id='word_1_76' title='bbox 110 1047 186 1095; x_wconf 79' lang='grc' dir='ltr'>καὶ</span> <span class='ocrx_word' id='word_1_77' title='bbox 231 1047 563 1113; x_wconf 81' lang='grc' dir='ltr'>συναῤῥωστεῖ</span> <span class='ocrx_word' id='word_1_78' title='bbox 607 1045 660 1097; x_wconf 83' lang='grc' dir='ltr'>τὸ</span> <span class='ocrx_word' id='word_1_79' title='bbox 709 1045 922 1114; x_wconf 76' lang='grc' dir='ltr'>ῥᾴθυμον</span> <span class='ocrx_word' id='word_1_80' title='bbox 968 1048 1030 1100; x_wconf 77' lang='grc' dir='ltr'>εἷς</span> <span class='ocrx_word' id='word_1_81' title='bbox 1079 1044 1330 1106; x_wconf 81' lang='grc' dir='ltr'>εὐλάβειαν</span> <span class='ocrx_word' id='word_1_82' title='bbox 1374 1046 1449 1095; x_wconf 86' lang='grc' dir='ltr'>καὶ</span> <span class='ocrx_word' id='word_1_83' title='bbox 1501 1047 1559 1112; x_wconf 85' lang='grc' dir='ltr'>τῇ</span> <span class='ocrx_word' id='word_1_84' title='bbox 1609 1048 1703 1094; x_wconf 91' lang='grc' dir='ltr'>τῶν</span> 
     </span>
     <span class='ocr_line' id='line_1_11' title="bbox 44 1125 1703 1195; baseline 0.001 -17"><span class='ocrx_word' id='word_1_85' title='bbox 44 1152 92 1178; x_wconf 90' lang='lat'>10</span> <span class='ocrx_word' id='word_1_86' title='bbox 111 1131 390 1195; x_wconf 87' lang='grc' dir='ltr'>καθηγητῶν</span> <span class='ocrx_word' id='word_1_87' title='bbox 430 1128 657 1179; x_wconf 84' lang='grc' dir='ltr'>ὑπτιώσει</span> <span class='ocrx_word' id='word_1_88' title='bbox 702 1127 1076 1191; x_wconf 88' lang='grc' dir='ltr'>συμπλάττεται.</span> <span class='ocrx_word' id='word_1_89' title='bbox 1142 1127 1212 1178; x_wconf 80' lang='grc' dir='ltr'>ὅτι</span> <span class='ocrx_word' id='word_1_90' title='bbox 1255 1127 1312 1177; x_wconf 74' lang='grc' dir='ltr'>δέ</span> <span class='ocrx_word' id='word_1_91' title='bbox 1347 1127 1477 1177; x_wconf 88' lang='grc' dir='ltr'>ἐστιν</span> <span class='ocrx_word' id='word_1_92' title='bbox 1522 1125 1703 1190; x_wconf 78' lang='grc' dir='ltr'>ἀληθὴς</span> 
     </span>
     <span class='ocr_line' id='line_1_12' title="bbox 111 1206 1701 1276; baseline -0.001 -18"><span class='ocrx_word' id='word_1_93' title='bbox 111 1209 136 1258; x_wconf 89' lang='grc' dir='ltr'><strong>ὁ</strong></span> <span class='ocrx_word' id='word_1_94' title='bbox 179 1208 339 1274; x_wconf 80' lang='grc' dir='ltr'>λόγος,</span> <span class='ocrx_word' id='word_1_95' title='bbox 383 1210 680 1261; x_wconf 81' lang='grc' dir='ltr'>πιστώσεται</span> <span class='ocrx_word' id='word_1_96' title='bbox 726 1210 881 1276; x_wconf 80' lang='grc' dir='ltr'>λέγων</span> <span class='ocrx_word' id='word_1_97' title='bbox 920 1212 944 1261; x_wconf 88' lang='grc' dir='ltr'>ὁ</span> <span class='ocrx_word' id='word_1_98' title='bbox 989 1215 1084 1261; x_wconf 89' lang='grc' dir='ltr'>τῶν</span> <span class='ocrx_word' id='word_1_99' title='bbox 1127 1210 1254 1261; x_wconf 81' lang='grc' dir='ltr'>ὅλων</span> <span class='ocrx_word' id='word_1_100' title='bbox 1298 1207 1419 1262; x_wconf 78' lang='grc' dir='ltr'>Θεός</span> <span class='ocrx_word' id='word_1_101' title='bbox 1462 1206 1615 1259; x_wconf 59' lang='grc' dir='ltr'>ωὈτι</span> <span class='ocrx_word' id='word_1_102' title='bbox 1661 1211 1701 1258; x_wconf 78' lang='grc' dir='ltr'>οἱ</span> 
     </span>
    </p>
   </div>
   <div class='ocr_carea' id='block_1_5' title="bbox 111 1289 1750 1360">
    <p class='ocr_par' dir='ltr' id='par_1_6' title="bbox 111 1289 1750 1360">
     <span class='ocr_line' id='line_1_13' title="bbox 111 1289 1750 1360; baseline -0.001 -18"><span class='ocrx_word' id='word_1_103' title='bbox 111 1297 138 1319; x_wconf 89' lang='grc'><strong><em>“</em></strong></span> <span class='ocrx_word' id='word_1_104' title='bbox 164 1292 377 1354; x_wconf 78' lang='grc' dir='ltr'>ποιμένες</span> <span class='ocrx_word' id='word_1_105' title='bbox 418 1292 778 1360; x_wconf 85' lang='grc' dir='ltr'>ἠφρονεύσαντο</span> <span class='ocrx_word' id='word_1_106' title='bbox 823 1294 898 1343; x_wconf 81' lang='grc' dir='ltr'>καὶ</span> <span class='ocrx_word' id='word_1_107' title='bbox 940 1290 1022 1343; x_wconf 79' lang='grc' dir='ltr'>τὸν</span> <span class='ocrx_word' id='word_1_108' title='bbox 1064 1292 1241 1358; x_wconf 84' lang='grc' dir='ltr'>Κύριον</span> <span class='ocrx_word' id='word_1_109' title='bbox 1280 1292 1362 1342; x_wconf 79' lang='grc' dir='ltr'>οὐκ</span> <span class='ocrx_word' id='word_1_110' title='bbox 1403 1289 1750 1359; x_wconf 76' lang='grc' dir='ltr'>ἐξεζήτησαν,ἀ</span> 
     </span>
    </p>
   </div>
   <div class='ocr_carea' id='block_1_6' title="bbox 44 1372 1704 2017">
    <p class='ocr_par' dir='ltr' id='par_1_7' title="bbox 44 1372 1704 2017">
     <span class='ocr_line' id='line_1_14' title="bbox 112 1372 1702 1439; baseline 0.001 -16"><span class='ocrx_word' id='word_1_111' title='bbox 112 1380 138 1403; x_wconf 83' lang='grc'><strong>“</strong></span> <span class='ocrx_word' id='word_1_112' title='bbox 166 1372 241 1423; x_wconf 74' lang='grc' dir='ltr'>διὰ</span> <span class='ocrx_word' id='word_1_113' title='bbox 266 1379 405 1425; x_wconf 88' lang='grc' dir='ltr'>τοῦτο</span> <span class='ocrx_word' id='word_1_114' title='bbox 432 1375 515 1425; x_wconf 80' lang='grc' dir='ltr'>οῦκ</span> <span class='ocrx_word' id='word_1_115' title='bbox 542 1373 707 1438; x_wconf 84' lang='grc' dir='ltr'>ἐνόησε</span> <span class='ocrx_word' id='word_1_116' title='bbox 734 1379 871 1425; x_wconf 79' lang='grc' dir='ltr'>πᾶσα</span> <span class='ocrx_word' id='word_1_117' title='bbox 899 1375 926 1438; x_wconf 82' lang='grc' dir='ltr'>ἡ</span> <span class='ocrx_word' id='word_1_118' title='bbox 955 1373 1074 1438; x_wconf 86' lang='grc' dir='ltr'>νομὴ</span> <span class='ocrx_word' id='word_1_119' title='bbox 1102 1377 1177 1424; x_wconf 83' lang='grc' dir='ltr'>καὶ</span> <span class='ocrx_word' id='word_1_120' title='bbox 1213 1374 1702 1439; x_wconf 86' lang='grc' dir='ltr'>διεσκορπίσθησαν.”</span> 
     </span>
     <span class='ocr_line' id='line_1_15' title="bbox 111 1454 1700 1521; baseline -0.001 -15"><span class='ocrx_word' id='word_1_121' title='bbox 111 1457 278 1507; x_wconf 82' lang='grc' dir='ltr'>οὐκοῦν</span> <span class='ocrx_word' id='word_1_122' title='bbox 316 1458 377 1510; x_wconf 85' lang='grc' dir='ltr'>ὡς</span> <span class='ocrx_word' id='word_1_123' title='bbox 416 1457 586 1507; x_wconf 77' lang='grc' dir='ltr'>ἐπίπαν</span> <span class='ocrx_word' id='word_1_124' title='bbox 625 1460 666 1507; x_wconf 81' lang='grc' dir='ltr'>οἱ</span> <span class='ocrx_word' id='word_1_125' title='bbox 703 1461 798 1507; x_wconf 90' lang='grc' dir='ltr'>τῶν</span> <span class='ocrx_word' id='word_1_126' title='bbox 832 1456 966 1507; x_wconf 88' lang='grc' dir='ltr'>θείων</span> <span class='ocrx_word' id='word_1_127' title='bbox 1001 1456 1276 1521; x_wconf 88' lang='grc' dir='ltr'>μυστηρίων</span> <span class='ocrx_word' id='word_1_128' title='bbox 1313 1457 1542 1521; x_wconf 78' lang='grc' dir='ltr'>ἱερουργοὶ</span> <span class='ocrx_word' id='word_1_129' title='bbox 1579 1454 1700 1521; x_wconf 87' lang='grc' dir='ltr'>πρό-</span> 
     </span>
     <span class='ocr_line' id='line_1_16' title="bbox 45 1536 1704 1609; baseline -0.003 -17"><span class='ocrx_word' id='word_1_130' title='bbox 45 1553 92 1592; x_wconf 84' lang='lat'>15</span> <span class='ocrx_word' id='word_1_131' title='bbox 113 1544 262 1609; x_wconf 88' lang='grc' dir='ltr'>φασις</span> <span class='ocrx_word' id='word_1_132' title='bbox 301 1540 596 1605; x_wconf 85' lang='grc' dir='ltr'>εὑρίσκονται</span> <span class='ocrx_word' id='word_1_133' title='bbox 635 1544 731 1593; x_wconf 89' lang='grc' dir='ltr'>τοῖς</span> <span class='ocrx_word' id='word_1_134' title='bbox 776 1539 945 1593; x_wconf 78' lang='grc' dir='ltr'>ἄλλοις</span> <span class='ocrx_word' id='word_1_135' title='bbox 989 1539 1234 1601; x_wconf 82' lang='grc' dir='ltr'>εὐδοκίμου</span> <span class='ocrx_word' id='word_1_136' title='bbox 1278 1536 1363 1601; x_wconf 79' lang='grc' dir='ltr'>μὲν</span> <span class='ocrx_word' id='word_1_137' title='bbox 1402 1537 1537 1604; x_wconf 74' lang='grc' dir='ltr'>ζωῆς,</span> <span class='ocrx_word' id='word_1_138' title='bbox 1579 1538 1704 1604; x_wconf 77' lang='grc' dir='ltr'>ε’ίπερ</span> 
     </span>
     <span class='ocr_line' id='line_1_17' title="bbox 110 1618 1703 1690; baseline -0.001 -18"><span class='ocrx_word' id='word_1_139' title='bbox 110 1621 293 1672; x_wconf 81' lang='grc' dir='ltr'>ἕλοιντο</span> <span class='ocrx_word' id='word_1_140' title='bbox 331 1624 543 1680; x_wconf 80' lang='grc' dir='ltr'>διαβιοῦν</span> <span class='ocrx_word' id='word_1_141' title='bbox 578 1622 744 1688; x_wconf 81' lang='grc' dir='ltr'>ὀρθῶς,</span> <span class='ocrx_word' id='word_1_142' title='bbox 788 1622 863 1672; x_wconf 76' lang='grc' dir='ltr'>καὶ</span> <span class='ocrx_word' id='word_1_143' title='bbox 903 1620 1012 1672; x_wconf 83' lang='grc' dir='ltr'>καθ’</span> <span class='ocrx_word' id='word_1_144' title='bbox 1040 1619 1093 1671; x_wconf 74' lang='grc' dir='ltr'>ὃν</span> <span class='ocrx_word' id='word_1_145' title='bbox 1123 1619 1354 1687; x_wconf 85' lang='grc' dir='ltr'>προσήκει</span> <span class='ocrx_word' id='word_1_146' title='bbox 1388 1618 1563 1686; x_wconf 86' lang='grc' dir='ltr'>τρόπον</span> <span class='ocrx_word' id='word_1_147' title='bbox 1596 1623 1703 1690; x_wconf 71' lang='grc' dir='ltr'>Θεῷ</span> 
     </span>
     <span class='ocr_line' id='line_1_18' title="bbox 111 1701 1696 1771; baseline -0.001 -17"><span class='ocrx_word' id='word_1_148' title='bbox 111 1701 166 1754; x_wconf 81' lang='grc' dir='ltr'>τὸ</span> <span class='ocrx_word' id='word_1_149' title='bbox 210 1704 360 1765; x_wconf 76' lang='grc' dir='ltr'>σε’βας</span> <span class='ocrx_word' id='word_1_150' title='bbox 403 1702 637 1754; x_wconf 81' lang='grc' dir='ltr'>ἀνάπτειν·</span> <span class='ocrx_word' id='word_1_151' title='bbox 697 1706 912 1771; x_wconf 80' lang='grc' dir='ltr'>αἰσχρῶν</span> <span class='ocrx_word' id='word_1_152' title='bbox 956 1702 1004 1754; x_wconf 81' lang='grc' dir='ltr'>δὲ</span> <span class='ocrx_word' id='word_1_153' title='bbox 1050 1705 1124 1753; x_wconf 82' lang='grc' dir='ltr'>καὶ</span> <span class='ocrx_word' id='word_1_154' title='bbox 1168 1705 1414 1768; x_wconf 83' lang='grc' dir='ltr'>βδελυρῶν</span> <span class='ocrx_word' id='word_1_155' title='bbox 1459 1704 1696 1765; x_wconf 85' lang='grc' dir='ltr'>ἐπιτηδευ-</span> 
     </span>
     <span class='ocr_line' id='line_1_19' title="bbox 111 1783 1702 1852; baseline -0.001 -17"><span class='ocrx_word' id='word_1_156' title='bbox 111 1784 289 1848; x_wconf 80' lang='grc' dir='ltr'>μάτων,</span> <span class='ocrx_word' id='word_1_157' title='bbox 324 1788 361 1836; x_wconf 73' lang='lat' dir='ltr'>el</span> <span class='ocrx_word' id='word_1_158' title='bbox 399 1783 492 1852; x_wconf 88' lang='grc' dir='ltr'>πρό</span> <span class='ocrx_word' id='word_1_159' title='bbox 530 1808 585 1851; x_wconf 86' lang='grc' dir='ltr'>γε</span> <span class='ocrx_word' id='word_1_160' title='bbox 623 1790 717 1836; x_wconf 91' lang='grc' dir='ltr'>τῶν</span> <span class='ocrx_word' id='word_1_161' title='bbox 755 1785 924 1835; x_wconf 76' lang='grc' dir='ltr'>ἄλλων</span> <span class='ocrx_word' id='word_1_162' title='bbox 963 1785 1090 1836; x_wconf 81' lang='grc' dir='ltr'>οῦτοι</span> <span class='ocrx_word' id='word_1_163' title='bbox 1128 1783 1188 1835; x_wconf 78' lang='grc' dir='ltr'>τὰ</span> <span class='ocrx_word' id='word_1_164' title='bbox 1225 1784 1378 1834; x_wconf 82' lang='grc' dir='ltr'>τοιάδε</span> <span class='ocrx_word' id='word_1_165' title='bbox 1417 1788 1511 1834; x_wconf 89' lang='grc' dir='ltr'>τῶν</span> <span class='ocrx_word' id='word_1_166' title='bbox 1546 1788 1702 1834; x_wconf 89' lang='grc' dir='ltr'>κακῶν</span> 
     </span>
     <span class='ocr_line' id='line_1_20' title="bbox 112 1864 1702 1934; baseline -0.001 -17"><span class='ocrx_word' id='word_1_167' title='bbox 112 1868 401 1932; x_wconf 86' lang='grc' dir='ltr'>εὑρίσκοιντο</span> <span class='ocrx_word' id='word_1_168' title='bbox 451 1865 912 1934; x_wconf 84' lang='grc' dir='ltr'>κατηῤῥωστηκότες.</span> <span class='ocrx_word' id='word_1_169' title='bbox 986 1866 1205 1934; x_wconf 86' lang='grc' dir='ltr'>ταύτῃτοι</span> <span class='ocrx_word' id='word_1_170' title='bbox 1257 1868 1332 1916; x_wconf 83' lang='grc' dir='ltr'>καὶ</span> <span class='ocrx_word' id='word_1_171' title='bbox 1378 1866 1402 1915; x_wconf 84' lang='grc' dir='ltr'>ὁ</span> <span class='ocrx_word' id='word_1_172' title='bbox 1449 1864 1702 1920; x_wconf 77' lang='grc' dir='ltr'>θεσπέσιος</span> 
     </span>
     <span class='ocr_line' id='line_1_21' title="bbox 44 1947 1702 2017; baseline 0.001 -21"><span class='ocrx_word' id='word_1_173' title='bbox 44 1971 94 1996; x_wconf 89' lang='lat'>20</span> <span class='ocrx_word' id='word_1_174' title='bbox 114 1952 310 2002; x_wconf 80' lang='grc' dir='ltr'>Παῦλος</span> <span class='ocrx_word' id='word_1_175' title='bbox 359 1953 457 2003; x_wconf 85' lang='grc' dir='ltr'>τοῖς</span> <span class='ocrx_word' id='word_1_176' title='bbox 509 1955 702 2000; x_wconf 85' lang='grc' dir='ltr'>τελοῦσι</span> <span class='ocrx_word' id='word_1_177' title='bbox 759 1948 1072 2001; x_wconf 83' lang='grc' dir='ltr'>διδασκαλίας</span> <span class='ocrx_word' id='word_1_178' title='bbox 1120 1947 1347 2016; x_wconf 82' lang='grc' dir='ltr'>ἐπεφώνει</span> <span class='ocrx_word' id='word_1_179' title='bbox 1397 1952 1578 2017; x_wconf 88' lang='grc' dir='ltr'>σοφῶς,</span> <span class='ocrx_word' id='word_1_180' title='bbox 1632 1947 1702 1999; x_wconf 79' lang='grc' dir='ltr'>ὅτι</span> 
     </span>
    </p>
   </div>
   <div class='ocr_carea' id='block_1_7' title="bbox 1719 711 1912 1242">
    <p class='ocr_par' dir='ltr' id='par_1_8' title="bbox 1719 711 1912 1242">
     <span class='ocr_line' id='line_1_22' title="bbox 1719 711 1912 754; baseline -0.005 -14"><span class='ocrx_word' id='word_1_181' title='bbox 1719 729 1740 754; x_wconf 66' lang='lat'>(3</span> <span class='ocrx_word' id='word_1_182' title='bbox 1761 711 1841 741; x_wconf 71' lang='lat' dir='ltr'>Lev,</span> <span class='ocrx_word' id='word_1_183' title='bbox 1859 721 1912 740; x_wconf 83' lang='lat' dir='ltr'>XV.</span> 
     </span>
     <span class='ocr_line' id='line_1_23' title="bbox 1762 764 1814 794; baseline 0 -9"><span class='ocrx_word' id='word_1_184' title='bbox 1762 764 1814 794; x_wconf 85' lang='lat'>31·</span> 
     </span>
     <span class='ocr_line' id='line_1_24' title="bbox 1765 1211 1911 1242; baseline 0.007 -1"><span class='ocrx_word' id='word_1_185' title='bbox 1765 1211 1858 1242; x_wconf 84' lang='lat' dir='ltr'>Hier.</span> <span class='ocrx_word' id='word_1_186' title='bbox 1879 1222 1911 1242; x_wconf 92' lang='lat' dir='ltr'>x.</span> 
     </span>
    </p>
   </div>
   <div class='ocr_carea' id='block_1_8' title="bbox 1766 1263 1817 1284">
    <p class='ocr_par' dir='ltr' id='par_1_9' title="bbox 1766 1263 1817 1284">
     <span class='ocr_line' id='line_1_25' title="bbox 1766 1263 1817 1284; baseline 0 0"><span class='ocrx_word' id='word_1_187' title='bbox 1766 1263 1817 1284; x_wconf 78' lang='lat'>21.</span> 
     </span>
    </p>
   </div>
   <div class='ocr_carea' id='block_1_9' title="bbox 111 2029 1924 2098">
    <p class='ocr_par' dir='ltr' id='par_1_10' title="bbox 111 2029 1924 2098">
     <span class='ocr_line' id='line_1_26' title="bbox 111 2029 1924 2098; baseline -0.003 -16"><span class='ocrx_word' id='word_1_188' title='bbox 111 2033 352 2097; x_wconf 85' lang='grc' dir='ltr'>προσῆκεν</span> <span class='ocrx_word' id='word_1_189' title='bbox 378 2029 544 2084; x_wconf 75' lang='grc' dir='ltr'>αὐτοὺς</span> <span class='ocrx_word' id='word_1_190' title='bbox 571 2030 743 2084; x_wconf 85' lang='grc' dir='ltr'>τύπους</span> <span class='ocrx_word' id='word_1_191' title='bbox 771 2030 992 2095; x_wconf 78' lang='grc' dir='ltr'>γενέσθαι</span> <span class='ocrx_word' id='word_1_192' title='bbox 1025 2034 1120 2084; x_wconf 91' lang='grc' dir='ltr'>τοῖς</span> <span class='ocrx_word' id='word_1_193' title='bbox 1149 2030 1392 2093; x_wconf 86' lang='grc' dir='ltr'>ποιμνίοις.</span> <span class='ocrx_word' id='word_1_194' title='bbox 1445 2033 1567 2098; x_wconf 69' lang='grc' dir='ltr'>ὑμεῖς</span> <span class='ocrx_word' id='word_1_195' title='bbox 1594 2031 1701 2080; x_wconf 86' lang='grc' dir='ltr'>ἐστε</span> <span class='ocrx_word' id='word_1_196' title='bbox 1719 2053 1740 2079; x_wconf 86' lang='lat' dir='ltr'>e</span> <span class='ocrx_word' id='word_1_197' title='bbox 1767 2043 1777 2064; x_wconf 88' lang='lat'>¹</span> <span class='ocrx_word' id='word_1_198' title='bbox 1799 2033 1830 2064; x_wconf 81' lang='lat' dir='ltr'>S.</span> <span class='ocrx_word' id='word_1_199' title='bbox 1851 2034 1924 2065; x_wconf 79' lang='lat' dir='ltr'><strong>Pet.</strong></span> 
     </span>
    </p>
   </div>
   <div class='ocr_carea' id='block_1_10' title="bbox 46 2111 1703 2591">
    <p class='ocr_par' dir='ltr' id='par_1_11' title="bbox 46 2111 1703 2591">
     <span class='ocr_line' id='line_1_27' title="bbox 111 2111 1702 2179; baseline 0 -16"><span class='ocrx_word' id='word_1_200' title='bbox 111 2113 281 2174; x_wconf 88' lang='grc' dir='ltr'>τοίνυν,</span> <span class='ocrx_word' id='word_1_201' title='bbox 310 2114 474 2178; x_wconf 66' lang='grc' dir='ltr'>φησιν,</span> <span class='ocrx_word' id='word_1_202' title='bbox 501 2116 543 2163; x_wconf 80' lang='grc' dir='ltr'>οἱ</span> <span class='ocrx_word' id='word_1_203' title='bbox 567 2117 661 2165; x_wconf 88' lang='grc' dir='ltr'>τοῖς</span> <span class='ocrx_word' id='word_1_204' title='bbox 688 2115 769 2176; x_wconf 83' lang='grc' dir='ltr'>τῆς</span> <span class='ocrx_word' id='word_1_205' title='bbox 798 2112 1052 2177; x_wconf 79' lang='grc' dir='ltr'>ἱερωσύνης</span> <span class='ocrx_word' id='word_1_206' title='bbox 1079 2111 1321 2179; x_wconf 74' lang='grc' dir='ltr'>αὐχήμασι</span> <span class='ocrx_word' id='word_1_207' title='bbox 1356 2112 1702 2178; x_wconf 74' lang='grc' dir='ltr'>διαπρέποντες,</span> 
     </span>
     <span class='ocr_line' id='line_1_28' title="bbox 114 2192 1703 2264; baseline -0.001 -19"><span class='ocrx_word' id='word_1_208' title='bbox 114 2200 148 2246; x_wconf 84' lang='grc' dir='ltr'>οἱ</span> <span class='ocrx_word' id='word_1_209' title='bbox 188 2195 477 2264; x_wconf 73' lang='grc' dir='ltr'>φαυλιζοντες</span> <span class='ocrx_word' id='word_1_210' title='bbox 515 2194 560 2244; x_wconf 59' lang='grc' dir='ltr'>τὶ)</span> <span class='ocrx_word' id='word_1_211' title='bbox 602 2194 737 2262; x_wconf 65' lang='grc' dir='ltr'>ὄνομά</span> <span class='ocrx_word' id='word_1_212' title='bbox 773 2219 872 2261; x_wconf 77' lang='grc' dir='ltr'>μου.</span> <span class='ocrx_word' id='word_1_213' title='bbox 935 2192 1023 2244; x_wconf 77' lang='grc' dir='ltr'>κᾶν</span> <span class='ocrx_word' id='word_1_214' title='bbox 1061 2198 1098 2245; x_wconf 79' lang='grc' dir='ltr'>εὶ</span> <span class='ocrx_word' id='word_1_215' title='bbox 1136 2194 1375 2255; x_wconf 87' lang='grc' dir='ltr'>βούλεσθε</span> <span class='ocrx_word' id='word_1_216' title='bbox 1419 2198 1582 2257; x_wconf 79' lang='grc' dir='ltr'>μαθεῖν</span> <span class='ocrx_word' id='word_1_217' title='bbox 1620 2199 1703 2244; x_wconf 90' lang='grc' dir='ltr'>τοῦ</span> 
     </span>
     <span class='ocr_line' id='line_1_29' title="bbox 114 2274 1703 2344; baseline -0.001 -18"><span class='ocrx_word' id='word_1_218' title='bbox 114 2280 393 2344; x_wconf 88' lang='grc' dir='ltr'>φαυλισμοῦ</span> <span class='ocrx_word' id='word_1_219' title='bbox 436 2276 519 2327; x_wconf 83' lang='grc' dir='ltr'>τὸν</span> <span class='ocrx_word' id='word_1_220' title='bbox 562 2276 751 2341; x_wconf 89' lang='grc' dir='ltr'>τρόπον,</span> <span class='ocrx_word' id='word_1_221' title='bbox 794 2276 1059 2327; x_wconf 82' lang='grc' dir='ltr'>ἀκούσεσθε</span> <span class='ocrx_word' id='word_1_222' title='bbox 1110 2274 1466 2343; x_wconf 88' lang='grc' dir='ltr'>διακεκραγότος</span> <span class='ocrx_word' id='word_1_223' title='bbox 1504 2276 1590 2326; x_wconf 91' lang='grc' dir='ltr'>Ἐν</span> <span class='ocrx_word' id='word_1_224' title='bbox 1636 2279 1703 2343; x_wconf 78' lang='grc' dir='ltr'>τῷ</span> 
     </span>
     <span class='ocr_line' id='line_1_30' title="bbox 46 2356 1697 2427; baseline 0.002 -22"><span class='ocrx_word' id='word_1_225' title='bbox 46 2378 93 2415; x_wconf 91' lang='lat'>25</span> <span class='ocrx_word' id='word_1_226' title='bbox 113 2358 403 2427; x_wconf 76' lang='grc' dir='ltr'>προσφέρειν</span> <span class='ocrx_word' id='word_1_227' title='bbox 431 2359 548 2421; x_wconf 82' lang='grc' dir='ltr'>ὑμᾶς</span> <span class='ocrx_word' id='word_1_228' title='bbox 573 2361 635 2412; x_wconf 78' lang='grc' dir='ltr'>εἷς</span> <span class='ocrx_word' id='word_1_229' title='bbox 661 2358 707 2409; x_wconf 66' lang='grc' dir='ltr'>τὶ</span> <span class='ocrx_word' id='word_1_230' title='bbox 743 2357 1032 2427; x_wconf 73' lang='grc' dir='ltr'>θυσιαστήριόν</span> <span class='ocrx_word' id='word_1_231' title='bbox 1059 2382 1144 2426; x_wconf 79' lang='grc' dir='ltr'>μου</span> <span class='ocrx_word' id='word_1_232' title='bbox 1179 2357 1331 2426; x_wconf 67' lang='grc' dir='ltr'>ἄρτους</span> <span class='ocrx_word' id='word_1_233' title='bbox 1365 2356 1697 2424; x_wconf 70' lang='grc' dir='ltr'>ἦλισγημένους.</span> 
     </span>
     <span class='ocr_line' id='line_1_31' title="bbox 114 2432 1702 2505; baseline 0 -15"><span class='ocrx_word' id='word_1_234' title='bbox 114 2444 152 2491; x_wconf 81' lang='grc' dir='ltr'>εὶ</span> <span class='ocrx_word' id='word_1_235' title='bbox 195 2439 242 2490; x_wconf 76' lang='grc' dir='ltr'>δὲ</span> <span class='ocrx_word' id='word_1_236' title='bbox 288 2438 343 2503; x_wconf 89' lang='grc' dir='ltr'>δὴ</span> <span class='ocrx_word' id='word_1_237' title='bbox 369 2432 573 2505; x_wconf 38' lang='grc' dir='ltr'>’λε’γοιτε</span> <span class='ocrx_word' id='word_1_238' title='bbox 618 2441 694 2490; x_wconf 77' lang='grc' dir='ltr'>καὶ</span> <span class='ocrx_word' id='word_1_239' title='bbox 740 2438 860 2505; x_wconf 79' lang='grc' dir='ltr'>πρὸς</span> <span class='ocrx_word' id='word_1_240' title='bbox 901 2445 1039 2490; x_wconf 91' lang='grc' dir='ltr'>τοῦτο</span> <span class='ocrx_word' id='word_1_241' title='bbox 1088 2439 1234 2491; x_wconf 87' lang='grc' dir='ltr'>πάλιν</span> <span class='ocrx_word' id='word_1_242' title='bbox 1275 2442 1379 2490; x_wconf 64' lang='grc' dir='ltr'>Τίνα</span> <span class='ocrx_word' id='word_1_243' title='bbox 1424 2438 1481 2503; x_wconf 86' lang='grc' dir='ltr'>δὴ</span> <span class='ocrx_word' id='word_1_244' title='bbox 1527 2438 1702 2505; x_wconf 89' lang='grc' dir='ltr'>τρόπον</span> 
     </span>
     <span class='ocr_line' id='line_1_32' title="bbox 114 2519 1701 2591; baseline 0.001 -19"><span class='ocrx_word' id='word_1_245' title='bbox 114 2523 425 2591; x_wconf 74' lang='grc' dir='ltr'>ἧλισγήο-οιμεν</span> <span class='ocrx_word' id='word_1_246' title='bbox 465 2521 651 2582; x_wconf 61' lang='grc' dir='ltr'>αὐτούς,</span> <span class='ocrx_word' id='word_1_247' title='bbox 696 2522 783 2587; x_wconf 85' lang='grc' dir='ltr'>ε’ρῶ</span> <span class='ocrx_word' id='word_1_248' title='bbox 821 2520 939 2587; x_wconf 82' lang='grc' dir='ltr'>πρὸς</span> <span class='ocrx_word' id='word_1_249' title='bbox 978 2523 1096 2584; x_wconf 80' lang='grc' dir='ltr'>ὑμᾶς</span> <span class='ocrx_word' id='word_1_250' title='bbox 1133 2522 1218 2574; x_wconf 86' lang='grc' dir='ltr'>Ὡς</span> <span class='ocrx_word' id='word_1_251' title='bbox 1256 2521 1410 2572; x_wconf 76' lang='grc' dir='ltr'>οἴεσθε</span> <span class='ocrx_word' id='word_1_252' title='bbox 1448 2519 1534 2584; x_wconf 78' lang='grc' dir='ltr'>μὲν</span> <span class='ocrx_word' id='word_1_253' title='bbox 1571 2521 1701 2583; x_wconf 85' lang='grc' dir='ltr'>ἰ’σως,</span> 
     </span>
    </p>
   </div>
   <div class='ocr_carea' id='block_1_11' title="bbox 115 2706 1699 3032">
    <p class='ocr_par' dir='ltr' id='par_1_12' title="bbox 115 2706 1699 3032">
     <span class='ocr_line' id='line_1_33' title="bbox 165 2706 1699 2753; baseline -0.001 -11"><span class='ocrx_word' id='word_1_254' title='bbox 165 2719 196 2743; x_wconf 87' lang='lat'>2.</span> <span class='ocrx_word' id='word_1_255' title='bbox 221 2708 466 2752; x_wconf 82' lang='grc' dir='ltr'>ἐξυυδενωμὲνη</span> <span class='ocrx_word' id='word_1_256' title='bbox 487 2709 528 2742; x_wconf 88' lang='lat' dir='ltr'>B.</span> <span class='ocrx_word' id='word_1_257' title='bbox 547 2708 675 2753; x_wconf 89' lang='lat' dir='ltr'>(XII.)</span> <span class='ocrx_word' id='word_1_258' title='bbox 694 2708 737 2742; x_wconf 86' lang='lat' dir='ltr'>cf.</span> <span class='ocrx_word' id='word_1_259' title='bbox 756 2708 856 2742; x_wconf 81' lang='lat' dir='ltr'><strong>infra.</strong></span> <span class='ocrx_word' id='word_1_260' title='bbox 876 2706 1084 2751; x_wconf 79' lang='grc' dir='ltr'>ἧλισγημένη</span> <span class='ocrx_word' id='word_1_261' title='bbox 1103 2706 1195 2742; x_wconf 86' lang='lat' dir='ltr'><strong>Edd.</strong></span> <span class='ocrx_word' id='word_1_262' title='bbox 1214 2706 1326 2751; x_wconf 65' lang='lat' dir='ltr'><strong>(A.V.</strong></span> <span class='ocrx_word' id='word_1_263' title='bbox 1344 2707 1396 2751; x_wconf 59' lang='lat' dir='ltr'>N).</span> <span class='ocrx_word' id='word_1_264' title='bbox 1551 2718 1583 2751; x_wconf 88' lang='lat'>3.</span> <span class='ocrx_word' id='word_1_265' title='bbox 1608 2708 1699 2751; x_wconf 82' lang='grc' dir='ltr'>βρώ-</span> 
     </span>
     <span class='ocr_line' id='line_1_34' title="bbox 115 2754 1698 2799; baseline -0.001 -10"><span class='ocrx_word' id='word_1_266' title='bbox 115 2770 203 2798; x_wconf 85' lang='grc' dir='ltr'>ματα</span> <span class='ocrx_word' id='word_1_267' title='bbox 221 2767 290 2789; x_wconf 91' lang='lat' dir='ltr'>om.</span> <span class='ocrx_word' id='word_1_268' title='bbox 311 2756 352 2789; x_wconf 90' lang='lat' dir='ltr'>B.</span> <span class='ocrx_word' id='word_1_269' title='bbox 370 2756 478 2789; x_wconf 83' lang='lat' dir='ltr'>invito</span> <span class='ocrx_word' id='word_1_270' title='bbox 498 2756 534 2789; x_wconf 89' lang='lat' dir='ltr'>F.</span> <span class='ocrx_word' id='word_1_271' title='bbox 556 2755 675 2799; x_wconf 82' lang='lat' dir='ltr'>(Alex.</span> <span class='ocrx_word' id='word_1_272' title='bbox 696 2754 802 2799; x_wconf 84' lang='lat' dir='ltr'>XII.)</span> <span class='ocrx_word' id='word_1_273' title='bbox 821 2760 854 2788; x_wconf 87' lang='lat' dir='ltr'>et</span> <span class='ocrx_word' id='word_1_274' title='bbox 872 2754 916 2787; x_wconf 89' lang='lat' dir='ltr'>cf.</span> <span class='ocrx_word' id='word_1_275' title='bbox 935 2754 1036 2787; x_wconf 83' lang='lat' dir='ltr'>infra.</span> <span class='ocrx_word' id='word_1_276' title='bbox 1448 2762 1480 2795; x_wconf 89' lang='lat'>5.</span> <span class='ocrx_word' id='word_1_277' title='bbox 1508 2755 1546 2787; x_wconf 91' lang='grc' dir='ltr'>τό</span> <span class='ocrx_word' id='word_1_278' title='bbox 1564 2765 1635 2787; x_wconf 89' lang='lat' dir='ltr'>om.</span> <span class='ocrx_word' id='word_1_279' title='bbox 1656 2754 1698 2788; x_wconf 90' lang='lat' dir='ltr'>B.</span> 
     </span>
     <span class='ocr_line' id='line_1_35' title="bbox 120 2799 1698 2846; baseline -0.002 -10"><span class='ocrx_word' id='word_1_280' title='bbox 120 2812 173 2835; x_wconf 87' lang='lat'>12.</span> <span class='ocrx_word' id='word_1_281' title='bbox 192 2801 470 2846; x_wconf 77' lang='grc' dir='ltr'>ηὐφρονεύσαντο</span> <span class='ocrx_word' id='word_1_282' title='bbox 485 2801 576 2835; x_wconf 88' lang='lat' dir='ltr'>Edd.</span> <span class='ocrx_word' id='word_1_283' title='bbox 591 2808 671 2834; x_wconf 75' lang='lat' dir='ltr'>ante</span> <span class='ocrx_word' id='word_1_284' title='bbox 686 2801 819 2845; x_wconf 64' lang='lat' dir='ltr'>Bligne.</span> <span class='ocrx_word' id='word_1_285' title='bbox 870 2799 1075 2843; x_wconf 79' lang='grc' dir='ltr'>ἐξεζήτησαν</span> <span class='ocrx_word' id='word_1_286' title='bbox 1086 2799 1178 2834; x_wconf 82' lang='lat' dir='ltr'><strong>Edd.</strong></span> <span class='ocrx_word' id='word_1_287' title='bbox 1195 2800 1309 2843; x_wconf 84' lang='lat' dir='ltr'>(Alex.</span> <span class='ocrx_word' id='word_1_288' title='bbox 1323 2799 1423 2842; x_wconf 76' lang='lat' dir='ltr'><strong>XII.)</strong></span> <span class='ocrx_word' id='word_1_289' title='bbox 1436 2799 1480 2834; x_wconf 82' lang='lat' dir='ltr'>cf.</span> <span class='ocrx_word' id='word_1_290' title='bbox 1496 2811 1601 2844; x_wconf 84' lang='lat' dir='ltr'>supra</span> <span class='ocrx_word' id='word_1_291' title='bbox 1614 2810 1656 2843; x_wconf 84' lang='lat'>74</span> <span class='ocrx_word' id='word_1_292' title='bbox 1664 2800 1698 2839; x_wconf 88' lang='lat' dir='ltr'>d,</span> 
     </span>
     <span class='ocr_line' id='line_1_36' title="bbox 117 2844 1698 2893; baseline 0 -12"><span class='ocrx_word' id='word_1_293' title='bbox 117 2848 186 2892; x_wconf 84' lang='lat'>316</span> <span class='ocrx_word' id='word_1_294' title='bbox 198 2848 232 2888; x_wconf 83' lang='lat' dir='ltr'>d,</span> <span class='ocrx_word' id='word_1_295' title='bbox 253 2858 319 2893; x_wconf 76' lang='lat'>793</span> <span class='ocrx_word' id='word_1_296' title='bbox 331 2860 360 2882; x_wconf 80' lang='lat' dir='ltr'>c.</span> <span class='ocrx_word' id='word_1_297' title='bbox 380 2847 544 2891; x_wconf 76' lang='grc' dir='ltr'>ἐζήτησαν</span> <span class='ocrx_word' id='word_1_298' title='bbox 563 2847 606 2881; x_wconf 90' lang='grc' dir='ltr'>Β.</span> <span class='ocrx_word' id='word_1_299' title='bbox 626 2846 747 2891; x_wconf 83' lang='lat' dir='ltr'><strong>(Vat.)</strong></span> <span class='ocrx_word' id='word_1_300' title='bbox 766 2858 872 2891; x_wconf 84' lang='lat' dir='ltr'>supra</span> <span class='ocrx_word' id='word_1_301' title='bbox 892 2846 956 2890; x_wconf 84' lang='lat'>756</span> <span class='ocrx_word' id='word_1_302' title='bbox 972 2858 1001 2880; x_wconf 75' lang='lat' dir='ltr'>e.</span> <span class='ocrx_word' id='word_1_303' title='bbox 1126 2857 1178 2888; x_wconf 79' lang='lat'>14.</span> <span class='ocrx_word' id='word_1_304' title='bbox 1197 2844 1319 2891; x_wconf 67' lang='grc' dir='ltr'>μυσπ]</span> <span class='ocrx_word' id='word_1_305' title='bbox 1336 2847 1587 2889; x_wconf 82' lang='grc' dir='ltr'>θυσιαστηρίων</span> <span class='ocrx_word' id='word_1_306' title='bbox 1607 2846 1698 2881; x_wconf 78' lang='lat' dir='ltr'><strong>Edd.</strong></span> 
     </span>
     <span class='ocr_line' id='line_1_37' title="bbox 122 2893 1698 2939; baseline 0 -12"><span class='ocrx_word' id='word_1_307' title='bbox 122 2903 175 2938; x_wconf 88' lang='lat'>15.</span> <span class='ocrx_word' id='word_1_308' title='bbox 199 2894 259 2936; x_wconf 85' lang='grc' dir='ltr'>μὲν</span> <span class='ocrx_word' id='word_1_309' title='bbox 277 2896 359 2937; x_wconf 79' lang='grc' dir='ltr'>ζωῆς</span> <span class='ocrx_word' id='word_1_310' title='bbox 376 2894 443 2928; x_wconf 90' lang='lat' dir='ltr'>hoc</span> <span class='ocrx_word' id='word_1_311' title='bbox 461 2894 582 2928; x_wconf 87' lang='lat' dir='ltr'>ordine</span> <span class='ocrx_word' id='word_1_312' title='bbox 602 2893 643 2928; x_wconf 91' lang='lat' dir='ltr'>B.</span> <span class='ocrx_word' id='word_1_313' title='bbox 813 2893 866 2928; x_wconf 89' lang='lat'>16.</span> <span class='ocrx_word' id='word_1_314' title='bbox 893 2895 967 2939; x_wconf 76' lang='grc' dir='ltr'>Θεῷ</span> <span class='ocrx_word' id='word_1_315' title='bbox 985 2893 1130 2926; x_wconf 81' lang='lat' dir='ltr'>accessit</span> <span class='ocrx_word' id='word_1_316' title='bbox 1148 2904 1188 2926; x_wconf 87' lang='lat' dir='ltr'>ex</span> <span class='ocrx_word' id='word_1_317' title='bbox 1209 2893 1251 2928; x_wconf 87' lang='lat' dir='ltr'>B.</span> <span class='ocrx_word' id='word_1_318' title='bbox 1418 2903 1473 2926; x_wconf 93' lang='lat'>20.</span> <span class='ocrx_word' id='word_1_319' title='bbox 1500 2895 1637 2928; x_wconf 80' lang='grc' dir='ltr'>Παῦλος</span> <span class='ocrx_word' id='word_1_320' title='bbox 1657 2893 1698 2927; x_wconf 88' lang='lat' dir='ltr'>B.</span> 
     </span>
     <span class='ocr_line' id='line_1_38' title="bbox 118 2937 1697 2985; baseline -0.001 -11"><span class='ocrx_word' id='word_1_321' title='bbox 118 2940 249 2984; x_wconf 86' lang='grc' dir='ltr'>Πέτρος</span> <span class='ocrx_word' id='word_1_322' title='bbox 267 2940 357 2974; x_wconf 85' lang='lat' dir='ltr'>Edd.</span> <span class='ocrx_word' id='word_1_323' title='bbox 423 2940 641 2975; x_wconf 81' lang='grc' dir='ltr'>διδασκάλοις</span> <span class='ocrx_word' id='word_1_324' title='bbox 658 2938 717 2974; x_wconf 75' lang='lat' dir='ltr'>iid.</span> <span class='ocrx_word' id='word_1_325' title='bbox 877 2951 931 2984; x_wconf 81' lang='lat'>23.</span> <span class='ocrx_word' id='word_1_326' title='bbox 958 2937 1034 2985; x_wconf 78' lang='grc' dir='ltr'>κᾶν]</span> <span class='ocrx_word' id='word_1_327' title='bbox 1055 2940 1108 2973; x_wconf 83' lang='grc' dir='ltr'>καὶ</span> <span class='ocrx_word' id='word_1_328' title='bbox 1125 2938 1183 2974; x_wconf 81' lang='lat' dir='ltr'>iid.</span> <span class='ocrx_word' id='word_1_329' title='bbox 1352 2949 1406 2985; x_wconf 83' lang='lat'>²5·</span> <span class='ocrx_word' id='word_1_330' title='bbox 1433 2939 1619 2985; x_wconf 82' lang='grc' dir='ltr'>προφέρειν</span> <span class='ocrx_word' id='word_1_331' title='bbox 1638 2939 1697 2973; x_wconf 75' lang='lat' dir='ltr'>iid.</span> 
     </span>
     <span class='ocr_line' id='line_1_39' title="bbox 121 2985 1135 3032; baseline -0.001 -12"><span class='ocrx_word' id='word_1_332' title='bbox 121 2986 174 3029; x_wconf 89' lang='lat'>26,</span> <span class='ocrx_word' id='word_1_333' title='bbox 195 2995 248 3031; x_wconf 72' lang='lat'>27.</span> <span class='ocrx_word' id='word_1_334' title='bbox 274 2985 425 3032; x_wconf 77' lang='grc' dir='ltr'>λε’γοιτε]</span> <span class='ocrx_word' id='word_1_335' title='bbox 446 2986 599 3032; x_wconf 81' lang='grc' dir='ltr'>λέγοιντο</span> <span class='ocrx_word' id='word_1_336' title='bbox 617 2986 675 3022; x_wconf 76' lang='lat' dir='ltr'><strong>iid.</strong></span> <span class='ocrx_word' id='word_1_337' title='bbox 742 2987 781 3030; x_wconf 81' lang='grc' dir='ltr'>δὴ</span> <span class='ocrx_word' id='word_1_338' title='bbox 800 2987 857 3020; x_wconf 76' lang='lat' dir='ltr'>alt.</span> <span class='ocrx_word' id='word_1_339' title='bbox 878 2994 910 3021; x_wconf 82' lang='lat' dir='ltr'>et</span> <span class='ocrx_word' id='word_1_340' title='bbox 928 2986 987 3030; x_wconf 80' lang='grc' dir='ltr'>μὲν</span> <span class='ocrx_word' id='word_1_341' title='bbox 1006 2998 1074 3020; x_wconf 87' lang='lat' dir='ltr'>om.</span> <span class='ocrx_word' id='word_1_342' title='bbox 1097 2986 1135 3019; x_wconf 87' lang='lat' dir='ltr'>B.</span> 
     </span>
    </p>
   </div>
   <div class='ocr_carea' id='block_1_12' title="bbox 1762 2086 1843 2117">
    <p class='ocr_par' dir='ltr' id='par_1_13' title="bbox 1762 2086 1843 2117">
     <span class='ocr_line' id='line_1_40' title="bbox 1762 2086 1843 2117; baseline 0 -9"><span class='ocrx_word' id='word_1_343' title='bbox 1762 2088 1792 2109; x_wconf 89' lang='lat' dir='ltr'>v.</span> <span class='ocrx_word' id='word_1_344' title='bbox 1814 2086 1843 2117; x_wconf 80' lang='lat'>3.</span> 
     </span>
    </p>
   </div>
  </div>
 </body>
</html>
