2049 3366
579 755 873 816 INDEX
942 755 1272 816 RERUM.

493 1097 526 1133 A

130 1162 290 1208 Ainon,
303 1174 371 1210 pro
387 1162 548 1210 peccatis
564 1163 689 1211 populi
705 1162 891 1199 Mediato-

185 1227 236 1263 ris
261 1232 405 1275 partem
433 1227 589 1274 gerebat
611 1230 656 1263 71
676 1240 718 1268 e;
751 1227 892 1263 Christi

185 1298 296 1340 typus
322 1299 412 1334 erat,
438 1292 699 1329 Sanctum-ium
726 1292 891 1341 ingredi-

185 1371 265 1399 ens„
286 1371 362 1394 non
382 1359 539 1395 vitulum
559 1359 699 1395 faciens
722 1361 798 1395 366
814 1359 839 1394 b
852 1371 891 1405 03

186 1422 315 1459 Aaron
346 1423 535 1460 Mediator
568 1423 715 1466 missus,
746 1423 893 1471 insigne

185 1487 345 1524 Divinae
369 1501 460 1536 erga
481 1489 655 1525 Israelem
683 1488 891 1524 misericor-
928 1521 930 1524 ,

186 1552 268 1588 diae
306 1553 498 1601 exemplar
536 1555 613 1590 446
648 1565 693 1599 c;
752 1552 894 1589 Christi
928 1571 930 1587 ι

186 1621 298 1664 typus
319 1619 396 1653 446
417 1629 460 1659 e;
493 1619 569 1654 675
592 1629 625 1654 e.

131 1681 298 1728 Abacuc,
328 1682 527 1730 Propheta,
552 1687 686 1730 gentes
706 1694 772 1730 per
791 1681 893 1729 Apo—

187 1746 303 1782 stolos
324 1746 536 1795 spoliandas
557 1746 736 1794 praedicit
758 1747 834 1782 442
850 1746 893 1792 (13

186 1819 225 1850 et
244 1813 376 1861 peritia
391 1819 429 1849 et
445 1812 587 1861 Spiritu
607 1813 737 1861 plenus
759 1815 835 1849 517
853 1824 894 1858 a;

186 1877 350 1914 Judaeos
366 1878 510 1926 justum
522 1877 704 1926 judicium
719 1889 895 1926 passuros

188 1942 353 1979 ostendit
384 1945 460 1979 518
482 1955 528 1989 a3
569 1943 704 1991 impios
734 1943 893 1979 insecta-

187 2014 260 2050 tur,
305 2008 599 2056 Babyloniorum
649 2007 894 2055 irruptionem

187 2073 368 2121 praedicit
404 2075 479 2109 518
511 2073 560 2119 b;
627 2072 743 2120 ipsius
781 2071 893 2108 etiam

189 2138 393 2187 Babylonis
419 2138 686 2187 arrogantiam,
714 2143 751 2174 et
778 2137 893 2185 capti-

187 2203 343 2239 vitatem
379 2205 455 2240 518
486 2215 532 2249 c;
580 2203 668 2239 item
708 2201 894 2250 Redemp-

188 2269 330 2305 tionem
378 2281 444 2317 per
490 2267 684 2306 Christum
733 2269 808 2304 518
844 2267 894 2314 d;

189 2333 409 2369 miserorum
448 2333 727 2381 oppressionem
772 2331 895 2368 consi-

190 2398 338 2440 derans,
372 2397 482 2434 nimis
521 2398 657 2445 longae
694 2396 896 2444 patientiae
929 2441 931 2455 Ι

189 2463 334 2498 incusat
363 2463 488 2499 Deum
519 2464 595 2499 519
617 2461 702 2507 bc;
741 2461 787 2497 de
816 2473 897 2497 cor·
929 2457 931 2468 '

189 2528 362 2576 ruptione
394 2528 621 2576 judiciorum
656 2527 897 2575 conqueritur

191 2596 265 2630 521
307 2607 353 2641 a3
412 2594 457 2630 de
500 2593 652 2641 judiciis
695 2593 896 2635 eventuris,

720 2657 897 2694 admonet

192 2726 269 2760 522
292 2736 338 2770 a;
379 2723 607 2772 Babylonios
633 2723 815 2760 Judaeam
845 2723 899 2759 in-

191 2800 346 2824 vasuros
392 2787 584 2836 praedicit,
634 2793 671 2824 et
723 2787 900 2823 describit

190 2658 436 2694 admiratione
511 2658 645 2706 dignis,

193 2854 270 2888 522
299 2865 318 2888 e
335 2865 346 2899 3
385 2865 514 2900 regem
550 2851 900 2887 Nabuchodonosor

193 2917 369 2953 describit
401 2920 478 2955 523
506 2929 553 2963 ες
592 2917 821 2954 Judaeorum
855 2918 896 2953 fi-

193 2993 278 3017 nem
307 2987 517 3018 extremum
545 2981 723 3030 praedicit
749 2984 825 3020 525
848 2982 896 3030 d3
929 2986 932 3025 l

253 3056 345 3086 VOL.
369 3056 416 3086 11.

1016 1099 1221 1135 Jcchoniac
1264 1097 1517 1146 captivitatem
1563 1098 1640 1133 526
1674 1096 1723 1144 d;

1017 1166 1178 1201 reditum
1210 1165 1439 1201 Judaeorum
1481 1166 1556 1199 527
1579 1163 1662 1209 bc;
1705 1176 1726 1199 a

1018 1230 1098 1266 Deo
1131 1230 1336 1265 instructus
1366 1229 1412 1264 ad
1443 1227 1624 1276 judicium
1659 1227 1723 1264 de-

1017 1295 1233 1331 clarandum
1262 1297 1338 1331 528
1360 1295 1408 1341 d3
1442 1293 1510 1329 Dei
1541 1293 1725 1329 infinitam

1018 1361 1181 1396 declarat
1220 1360 1420 1408 puritatem
1457 1360 1533 1395 528
1562 1371 1607 1404 e3
1653 1358 1726 1394 Dei

1018 1424 1274 1473 longanimam
1294 1423 1512 1472 patientiam
1529 1435 1621 1470 erga
1637 1435 1726 1458 con-

1019 1495 1224 1538 temptores
1275 1488 1505 1537 obstupescit
1557 1490 1634 1525 529
1675 1487 1726 1534 b3

1020 1555 1065 1591 de
1082 1554 1303 1590 demonibus
1318 1554 1417 1601 loqui
1436 1553 1584 1589 videtur
1598 1552 1726 1598 530b;

1019 1619 1108 1655 item
1127 1619 1172 1655 de
1193 1631 1332 1666 genere
1351 1618 1516 1654 humano
1537 1623 1619 1653 toto
1639 1629 1724 1664 pec-

1019 1689 1128 1721 cante
1139 1687 1254 1730 53lc;
1271 1684 1452 1719 visionem
1465 1681 1727 1719 habetChristi

1019 1750 1164 1787 venturi
1182 1753 1257 1787 532
1273 1763 1312 1796 a;
1343 1756 1380 1786 et
1396 1750 1520 1798 justos
1536 1761 1602 1797 per
1615 1748 1726 1784 fidem

1019 1816 1204 1864 accepturi
1228 1819 1304 1852 534
1322 1816 1368 1863 b3
1399 1821 1631 1864 arrogantes,
1649 1815 1728 1852 sive

1019 1881 1262 1930 Babylonios,

1019 1946 1142 1982 medio
1157 1946 1323 1982 sublatos
1338 1945 1382 1982 iri
1399 1946 1578 1994 praedicit
1595 1947 1671 1982 534
1686 1957 1727 1991 c;

1020 2013 1097 2048 536
1121 2011 1171 2056 b3
1211 2017 1248 2047 et
1278 2011 1381 2059 Cyri,
1412 2015 1450 2046 et
1485 2010 1627 2046 Christi
1661 2010 1725 2046 ad-

1019 2082 1186 2117 ventum,
1210 2078 1285 2112 537
1308 2088 1354 2121 a3
1386 2081 1423 2111 et
1450 2074 1661 2111 Chaldaeos
1690 2081 1729 2111 et

1325 1880 1401 1917 sive
1459 1880 1650 1922 Satanam,
1706 1893 1727 1916 e

1021 2140 1198 2178 Satanan]
1219 2141 1432 2190 cupiditatis
1459 2141 1656 2177 damnatos
1683 2141 1727 2177 iri

1022 2209 1097 2243 538
1128 2207 1217 2253 be3
1266 2219 1332 2255 per
1369 2207 1509 2254 figuras
1549 2205 1726 2253 lapidum,

1022 2271 1226 2320 Babylonis
1246 2272 1390 2307 ruinam
1410 2271 1573 2307 insinuat
1593 2274 1670 2308 540
1684 2285 1728 2319 a3

1021 2336 1343 2385 sanguinolentiae
1415 2336 1612 2372 damnatos
1682 2336 1726 2373 iri

1022 2401 1243 2443 Chaldaeos
1264 2401 1352 2437 item
1373 2400 1603 2437 Judaeorum
1624 2401 1725 2448 prin-

1020 2465 1132 2513 cipes,
1181 2465 1341 2501 affirmat
1382 2468 1459 2502 540
1493 2465 1543 2512 d;
1613 2478 1726 2514 quare

1021 2536 1232 2578 temporum
1273 2529 1472 2566 discrimen
1521 2531 1726 2567 confundat

1022 2597 1096 2631 541
1139 2595 1192 2641 d;
1268 2595 1437 2643 gentium
1489 2596 1723 2632 vocationem

1021 2659 1202 2707 praedicit
1250 2661 1325 2696 542
1358 2659 1407 2706 b3
1463 2660 1552 2696 item
1594 2661 1723 2696 Phari-

1019 2736 1190 2759 saeorum
1223 2723 1404 2760 insaniam
1438 2726 1514 2761 543
1537 2725 1585 2770 b3
1635 2725 1724 2761 item

1020 2787 1306 2824 Haereticorum
1353 2787 1517 2825 fallacias
1566 2792 1642 2826 543
1678 2803 1723 2836 c;

1019 2851 1266 2888 confidentiae
1300 2852 1592 2901 Babyloniorum
1631 2854 1724 2890 iram

1019 2917 1181 2953 divinam
1227 2917 1386 2953 intentat
1427 2920 1502 2955 544
1535 2919 1584 2964 bg
1635 2918 1723 2954 item

1019 2982 1301 3019 Pharisaeorum
1338 2985 1414 3019 545
1445 2996 1490 3031 ej
1542 2983 1725 3020 idolorum

1186 3057 1265 3097 421
