2049 3366
120 217 261 241 FAMES.

172 326 374 361 carnalium
409 331 446 362 et
480 327 720 374 profanorum
754 327 875 363 homi-

171 402 261 426 num
285 396 396 439 typus
424 392 500 428 260
523 392 567 436 d;
604 394 676 428 821
702 404 747 438 ej
778 393 877 439 quod

170 454 275 490 fratri
318 456 487 491 redeunti
535 456 724 503 placabilis
766 457 876 492 fuerit

170 519 342 555 laudatur
370 522 443 556 261
468 532 515 566 e3
555 520 682 567 quales
706 526 876 568 posteros

169 583 340 620 habuerit
372 587 445 620 261
479 598 524 628 e;
566 588 642 621 355
675 584 723 630 bg
763 597 875 632 quare

170 648 253 684 Deo
270 661 408 685 cxosus
424 649 534 685 fuerit
551 652 628 686 820
642 662 661 685 e
676 664 684 691 ;
706 654 875 685 terrenus

168 713 238 749 fuit
258 720 296 749 ct
315 714 465 750 nomine
487 720 523 750 et
543 720 676 750 natura
697 716 770 750 821
790 726 810 749 3
826 713 862 749 b.

114 777 256 814 Esdras
289 778 387 814 inter
416 779 622 826 Prophetas
655 784 875 814 numeratus

170 845 247 880 232
278 843 327 889 (13
375 855 514 879 uxores
553 843 780 891 alienigenas
818 855 875 878 re-

167 907 377 955 pudiandas
397 908 552 943 curabat
573 911 650 944 233
672 921 715 950 a;
747 919 875 943 muros

167 972 271 1008 urbis
300 973 504 1008 renovabat
529 975 605 1009 233
633 972 683 1018 b;
716 972 754 1008 in
781 971 874 1007 valle

165 1036 351 1084 Josaphat
431 1037 663 1073 adversarios
741 1036 875 1072 sternit

168 1103 245 1138 233
267 1101 316 1147 d,
346 1102 507 1150 perjuris
528 1107 565 1138 et
590 1101 735 1138 furibus
759 1101 872 1137 malc—

167 1166 370 1203 dictionem
397 1166 528 1203 indicit
552 1169 628 1203 695
651 1179 696 1212 e;
728 1167 804 1202 696
827 1178 872 1212 03

165 1231 379 1267 sacerdotes
413 1231 665 1280 negligentiae
696 1231 874 1279 objurgat

167 1296 245 1332 859
267 1296 302 1332 b.

114 1357 270 1403 Esdras‚
291 1360 384 1397 liber
403 1358 670 1409 Apocryphus,
697 1360 873 1396 laudatur

167 1425 243 1461 627
265 1437 295 1461 e.

111 1487 276 1531 Ethniei‚
303 1488 537 1538 oppressioni
565 1488 728 1525 maxime
757 1489 873 1526 dediti

173 1557 246 1591 173
268 1566 301 1590 c.

110 1619 347 1657 Eucharistia
361 1618 445 1654 vide
460 1617 681 1654 Benedictio
702 1617 871 1667 mystica,

165 1686 397 1724 Sacrificium
418 1685 674 1722 Incruentum.
714 1683 772 1720 De
792 1684 870 1720 Eu-

163 1750 339 1787 charistia
366 1755 476 1786 caute
503 1755 541 1786 et
565 1749 679 1786 tacite
704 1749 872 1797 loquitur

164 1814 205 1851 S.
219 1814 381 1864 Oyrillus
402 1816 478 1851 814
499 1814 536 1850 b.

109 1879 349 1928 Evangelicis
386 1877 728 1926 praedicationibus
771 1877 870 1914 orbis

161 1950 348 1980 terrarum
366 1942 562 1978 inauratus
579 1947 636 1978 est
657 1943 734 1978 670
755 1954 787 1978 e.

109 2007 374 2056 Evangelium,
401 2006 478 2055 legi
502 2006 625 2042 Mosis
654 2006 869 2054 opponitur,

164 2071 377 2121 Spiritualis
425 2070 711 2108 communionis
763 2083 869 2118 prae-

163 2142 273 2185 cepta
301 2135 497 2172 continens
526 2137 574 2172 52
596 2135 679 2181 cd3
712 2134 752 2171 in
779 2135 870 2171 Hie-

162 2201 350 2249 rosolyma
364 2200 656 2248 praedicandum
673 2212 871 2247 praemon-

162 2272 257 2302 strat
288 2265 374 2301 Joel
406 2266 479 2301 231
510 2265 559 2310 (13
601 2277 696 2300 onus
726 2264 868 2312 peccati

163 2330 294 2366 eximit
327 2332 402 2366 412
437 2341 482 2371 e;
527 2341 657 2378 pacem
690 2328 868 2376 gentibus

162 2395 340 2431 daturum
359 2393 584 2442 praedicitur
601 2396 677 2430 427
692 2393 715 2429 d
730 2405 741 2439 3
773 2405 868 2441 quae

161 2458 357 2495 benefacta
417 2457 618 2493 contulerit
682 2457 868 2505 descripta

162 2525 239 2560 549
266 2535 313 2568 a;
347 2527 530 2570 quantum
558 2522 643 2569 lege
669 2521 791 2558 Mosis
820 2521 868 2558 sit

160 2586 412 2636 praestantius
438 2588 514 2623 642
536 2599 578 2629 c;
610 2586 741 2622 Tubae
767 2599 868 2622 com-

160 2658 324 2700 paratur,
353 2651 439 2699 quia
464 2651 649 2687 minarum
677 2651 724 2687 sit
750 2651 868 2687 abun-

161 2717 254 2752 dans
288 2718 363 2753 742
397 2728 438 2757 c;
480 2715 570 2751 item
599 2714 750 2757 fundae,
781 2715 867 2763 quia

160 2780 331 2829 supplicii
353 2782 427 2817 742
451 2779 484 2816 d.

107 2845 433 2894 Evangelizantes,
469 2843 538 2880 sub
576 2855 737 2891 persona
775 2843 866 2892 Cyri

161 2909 340 2957 praedicti
379 2911 454 2946 493
487 2908 538 2954 (13
586 2907 711 2944 Deum
748 2907 786 2944 in
826 2920 866 2944 se

161 2973 358 3021 loquentes
378 2973 517 3010 habent
538 2974 614 3009 517
636 2985 670 3009 a.

657 207 867 244 INDEX
927 208 1171 245 RERUM.

1630 212 1707 246 677

947 328 1118 370 Excelsa,
1142 329 1162 364 i.
1180 341 1212 365 e.
1235 328 1374 376 templa
1394 329 1430 364 in
1459 329 1651 366 montibus
1672 335 1709 365 et

1001 394 1157 429 collibus
1180 396 1256 430 422
1279 406 1309 429 c.

948 458 1193 508 Exemplum,
1232 464 1446 505 parentum,
1486 470 1560 493 non
1606 458 1708 493 omni

999 530 1166 570 tempore
1188 523 1407 559 imitandum
1431 524 1506 558 857
1531 535 1563 558 c.

945 588 1112 628 Exodus,
1136 588 1181 622 ab
1203 586 1395 635 Aegypto,
1424 586 1709 634 Redemptionis

999 658 1111 700 typus
1144 654 1217 688 271
1251 652 1301 697 (13
1348 654 1424 687 446
1460 664 1505 697 c,
1551 653 1626 687 469
1660 663 1708 696 a;

1001 719 1076 753 563
1102 729 1143 757 c;
1187 718 1259 752 641
1286 716 1335 762 b3
1378 719 1452 752 753
1478 728 1520 755 e:
1563 718 1637 751 754
1660 727 1708 760 33

1000 784 1076 817 779
1092 794 1112 816 3
1130 793 1139 826 3
1159 781 1380 816 describitur
1395 782 1472 816 480
1486 780 1529 826 1)3
1553 779 1708 821 Christi,

999 846 1223 881 describitur
1250 848 1326 881 570
1357 845 1409 891 d;
1450 850 1555 880 motu
1585 851 1707 880 terrae

997 910 1147 946 insolito
1168 910 1370 958 insignitus
1392 912 1465 945 641
1491 922 1522 945 a.

943 975 1193 1023 Experientia‚
1212 975 1353 1022 optima
1369 974 1550 1022 magistra
1570 975 1582 1008 1
1598 974 1642 1008 12
1662 985 1706 1017 33

997 1045 1227 1088 contempta,
1244 1038 1568 1086 contemptoribus
1589 1037 1706 1073 exitio

997 1110 1054 1141 est
1078 1106 1151 1141 112
1173 1104 1220 1146 b;
1258 1106 1331 1140 113
1353 1116 1386 1139 e.

943 1169 1179 1209 Exsufflatio,
1205 1169 1250 1204 de
1274 1168 1378 1204 vanis
1404 1167 1594 1203 laboribus
1625 1166 1703 1202 dic-

996 1239 1077 1270 tum
1099 1236 1174 1270 634
1197 1246 1228 1269 a.

943 1299 1112 1339 Ezekias,
1142 1299 1220 1334 Rex
1246 1297 1354 1333 unice
1383 1296 1467 1345 pius
1496 1298 1518 1332 9
1540 1307 1588 1340 c;
1621 1294 1705 1330 Deo

996 1375 1103 1399 carus
1146 1364 1219 1399 150
1254 1374 1302 1407 e3
1351 1367 1388 1397 et
1427 1374 1448 1396 a
1486 1359 1705 1409 Babyloniis

996 1433 1147 1475 ereptus
1176 1429 1253 1463 223
1275 1438 1317 1472 a;
1354 1427 1431 1463 336
1461 1424 1506 1470 d,·
1549 1427 1624 1461 433
1657 1423 1704 1469 d;

993 1492 1168 1528 laudatur
1191 1493 1268 1528 579
1289 1491 1326 1527 b.

942 1557 1106 1597 Ezekiel,
1124 1557 1272 1592 Bonum
1291 1556 1483 1591 Pastorem
1507 1552 1702 1589 Christum

994 1621 1177 1670 praevidit
1204 1623 1255 1657 29
1275 1632 1318 1665 e;
1352 1619 1451 1656 Solis
1476 1618 1641 1654 cultores
1666 1617 1703 1651 in

994 1686 1136 1734 templo
1180 1685 1282 1721 videt
1321 1686 1370 1721 86
1411 1683 1434 1719 d
1456 1695 1467 1729 3
1518 1681 1702 1718 visionem

995 1751 1160 1787 virorum
1207 1761 1293 1785 cum
1343 1747 1536 1784 securibus
1587 1745 1703 1781 habet

993 1817 1043 1852 89
1072 1815 1118 1856 d3
1154 1819 1283 1849 mutus
1311 1812 1433 1848 factus
1461 1813 1538 1847 227
1567 1810 1611 1856 d;
1649 1809 1704 1845 vi-

993 1879 1137 1915 sionem
1189 1877 1305 1913 habet
1350 1875 1481 1923 templi
1528 1874 1702 1910 diruendi

995 1946 1070 1980 342
1110 1955 1130 1978 a
1154 1954 1163 1987 ;
1217 1941 1399 1977 visionem
1445 1939 1518 1976 Dei
1562 1939 1701 1975 claram

993 2006 1126 2044 habuit
1146 2008 1223 2043 659
1245 2005 1282 2042 d.

1303 2122 1334 2158 F

940 2199 1084 2241 Fxnm,
1099 2203 1275 2235 acuentes
1288 2208 1442 2238 cornua,
1456 2195 1493 2231 in
1508 2194 1703 2236 Zacharia,

990 2264 1059 2312 pro
1080 2263 1236 2311 Angelis
1257 2260 1399 2297 dictum
1420 2261 1497 2296 665
1520 2259 1543 2295 d
1559 2271 1590 2295 e.

938 2328 1067 2365 Facies
1103 2327 1187 2371 Dei,
1227 2326 1365 2363 Filium
1402 2323 1474 2360 Dei
1512 2322 1701 2372 significat

992 2395 1041 2429 94
1064 2405 1083 2429 c
1099 2393 1134 2428 d.

937 2457 1040 2500 Falx,
1062 2457 1101 2493 in
1120 2455 1262 2492 visione
1282 2453 1486 2490 Zachariae
1507 2451 1597 2500 quid
1624 2451 1702 2500 sig-

989 2520 1197 2558 nificaverit
1218 2521 1295 2556 695
1317 2518 1388 2554 ab.

936 2586 1052 2623 Fama
1070 2586 1182 2628 bona,
1204 2582 1341 2620 divitiis
1360 2585 1526 2630 praestat
1547 2581 1624 2616 266
1644 2592 1676 2615 c.

936 2651 1082 2691 Fames,
1112 2647 1400 2697 philostorgiam
1427 2644 1566 2692 alioqui
1591 2644 1698 2680 inex-

990 2713 1233 2764 pugnabilem
1263 2712 1412 2748 vincere
1444 2709 1547 2757 cogit
1575 2710 1625 2745 24
1652 2720 1671 2744 e
1687 2720 1698 2753 3

990 2778 1167 2816 audiendi
1202 2776 1360 2813 verbum
1397 2773 1553 2811 Domini
1590 2784 1698 2820 prae-

991 2843 1128 2880 dicitur
1155 2844 1203 2879 35
1232 2853 1275 2883 a;
1313 2842 1389 2877 227
1415 2851 1456 2884 c;
1494 2839 1570 2875 339
1596 2849 1643 2882 33
1679 2848 1701 2872 a

989 2905 1146 2945 locustis
1174 2906 1322 2942 invecta
1351 2905 1427 2941 214
1457 2915 1477 2939 c
1493 2914 1504 2949 3
1542 2900 1697 2937 idolola-

992 2972 1085 3009 triae
1118 2983 1239 3020 poena
1266 2971 1338 3007 291
1374 2968 1419 3014 d;
1463 2967 1500 3004 in
1531 2964 1700 3003 Samaria
