2001 3361
301 182 376 217 710
829 172 1042 208 INDEX
1101 172 1344 208 RERUM.

297 297 537 347 Lycophron,
568 295 726 341 scriptor
755 305 776 328 a
806 292 961 328 Graecis
990 291 1053 327 ad-

352 363 506 398 miratus
528 360 604 396 376
627 358 663 394 b.

656 486 699 521 M

299 553 551 592 MACCABAEI,
583 550 630 586 ob
662 555 852 586 strenuam
882 550 1054 585 certatio-

353 629 437 652 nem
457 615 596 651 laudati
613 616 686 651 201
704 627 741 655 a;
773 627 881 661 quam
898 614 1056 662 gloriam

353 679 531 728 martyrio
550 679 675 726 adepti
696 679 770 714 sint
792 680 866 715 748
890 678 923 714 d.

298 745 533 785 Macedonia,
565 755 629 791 per
653 743 834 779 visionem
865 742 1056 785 Divinam,

353 810 466 845 Paulo
489 808 751 844 commendata
773 809 849 844 229
872 819 903 843 c.

298 874 507 917 Machmas,
524 873 611 908 urbs
633 871 826 907 Arcadum
847 871 885 906 in
906 871 1056 919 Egypto

352 943 580 974 memoratur
605 939 679 973 130
701 949 731 972 a.

298 1003 543 1043 Madianitae,
570 1001 641 1037 Dei
671 1001 903 1037 adversarios
932 1013 1055 1048 repre-

353 1073 502 1103 sentant
535 1068 609 1102 154
640 1066 684 1111 d;
726 1067 801 1101 562
833 1077 873 1110 e;
911 1067 987 1101 564
1015 1077 1056 1109 a;

353 1143 492 1167 nomen
513 1130 601 1178 quid
621 1129 709 1165 velit
733 1130 808 1166 563
831 1141 864 1164 c.

300 1195 421 1243 Magi,
448 1194 636 1242 quomodo
664 1194 761 1241 apud
789 1193 986 1229 Ninevitas
1013 1193 1059 1228 ad

354 1271 519 1295 summos
533 1259 695 1294 honores
709 1257 827 1294 evecti
841 1257 913 1292 sint
928 1259 1004 1293 506
1018 1257 1057 1303 b;

354 1323 588 1371 ignorantiae
623 1322 782 1357 convicti
817 1324 892 1358 524
924 1334 968 1366 a;
1014 1323 1059 1358 ad

353 1387 490 1423 bellum
519 1399 665 1434 semper
684 1386 890 1421 incitabant
912 1388 987 1422 524
1013 1387 1057 1430 b;

355 1451 545 1488 Christum
599 1456 819 1486 venerantes
876 1450 1059 1497 primitiae

356 1515 533 1551 Gentium
569 1517 645 1550 537
677 1514 720 1557 d;
769 1514 960 1562 Babylone
996 1527 1060 1562 op-

354 1585 532 1626 pugnata,
581 1579 627 1614 ad
684 1578 782 1613 idola
837 1578 1059 1626 confugiunt

356 1645 433 1679 546
453 1643 488 1678 b.

301 1705 462 1755 Magica‚
504 1718 568 1754 per
614 1706 778 1753 virgines
823 1706 930 1741 idolis
968 1719 1055 1742 con-

356 1777 518 1807 secratas
574 1770 779 1806 exercitata
830 1777 1059 1806 memoratur

358 1838 432 1872 339
463 1847 512 1879 e;
545 1833 774 1870 Judaeorum
806 1835 926 1870 scelus
956 1847 1056 1870 com-

354 1912 465 1935 mune
491 1902 566 1935 443
589 1911 608 1934 c
630 1899 666 1934 d.

302 1964 560 2012 MagistratuS,
599 1963 668 1998 Dei
716 1968 896 2003 amantes,
937 1969 973 1998 et
1012 1963 1057 1999 ad

355 2028 476 2064 Deum
524 2040 611 2063 suos
651 2027 840 2072 ducentes,
878 2032 1056 2074 quantum

354 2092 492 2140 populo
511 2092 655 2139 prosint
677 2093 752 2127 267
775 2103 814 2135 c;
847 2093 923 2127 584
945 2103 977 2127 e.

300 2156 520 2195 Malachias‚
560 2156 669 2203 paulo
715 2161 799 2203 post
838 2155 1056 2190 Zachariam

354 2220 447 2255 vixit
469 2221 545 2256 816
568 2220 590 2256 b
608 2232 618 2265 3
641 2220 738 2254 unde
761 2231 897 2254 nomen
917 2219 1057 2267 Angeli

354 2283 530 2319 derivarit
579 2286 656 2320 817
697 2296 745 2329 a3
801 2283 898 2319 idem
947 2290 1056 2331 atque

356 2347 492 2384 Esdras
513 2360 533 2383 a
555 2348 774 2395 quibusdam
802 2347 914 2383 fuisse
941 2347 1054 2382 tradi·

352 2417 412 2447 tus
427 2414 501 2448 818
516 2411 556 2456 b;
584 2412 628 2447 de
643 2412 795 2447 Christo
811 2411 976 2459 loquitur
991 2411 1055 2456 ib.;

354 2476 522 2511 oratione
538 2475 765 2524 increpantis
780 2476 897 2512 utitur
919 2477 994 2512 818
1013 2488 1031 2511 e
1047 2491 1054 2517 ;

353 2540 446 2581 Deo,
475 2545 603 2587 utpote
635 2539 805 2588 diligenti
838 2552 905 2574 nos
944 2540 1057 2576 corda

353 2609 484 2639 nostra
512 2604 635 2639 danda
668 2616 748 2639 esse
787 2603 945 2639 affirmat
979 2606 1055 2640 819

353 2680 375 2702 a
399 2668 445 2708 b;
491 2680 563 2715 quo
595 2680 705 2703 sensu
736 2667 840 2703 Deus
869 2667 1055 2704 Jacobum

354 2731 537 2775 dilexerit,
563 2731 773 2768 considerat
800 2734 875 2768 819
907 2744 926 2768 e
944 2745 955 2778 3
987 2731 1054 2768 Di-

353 2795 476 2830 vinam
521 2795 813 2843 praescientiam,
851 2796 1054 2843 praedesti·

355 2859 516 2895 nationis
532 2872 681 2896 causam
698 2873 778 2896 esse
795 2860 904 2896 docet
921 2862 997 2897 820
1014 2873 1054 2906 c;

361 2922 565 2965 Idumaeae.
587 2924 645 2960 i.e.
671 2924 819 2968 saeculi,
845 2924 1053 2960 subversio·
1083 2969 1086 2973 Α

1628 185 1875 210 LYCOPHRON.

1178 303 1264 327 nem
1301 291 1480 339 praedicit
1519 293 1594 328 821
1635 303 1683 337 e;
1733 292 1880 329 Israelis

1179 355 1379 405 spiritualis
1405 355 1680 392 restitutionem
1702 357 1778 392 822
1799 357 1823 392 d
1838 369 1857 392 e
1869 371 1878 403 ;

1181 419 1274 461 Deo,
1324 425 1453 467 utpote
1506 420 1663 467 parenti,
1716 421 1880 468 parentis

1179 484 1336 532 gloriam
1371 484 1533 520 vindicat
1567 487 1643 521 823
1678 497 1721 530 c;
1758 497 1879 532 repre-

1180 548 1309 583 hendit
1325 548 1561 584 sacerdotum
1579 549 1770 596 profanam
1786 561 1878 597 neg-

1179 612 1371 659 ligentiam
1394 615 1472 648 824
1490 613 1528 654 b,
1550 611 1704 649 Mensae
1724 613 1880 649 Divinae

1181 676 1425 723 pollutionem
1463 679 1540 713 825
1576 690 1609 720 a,
1649 678 1881 713 victimarum

1182 741 1308 776 vilium
1355 741 1581 778 oblationem
1621 744 1698 778 826
1737 742 1785 787 b;
1835 741 1881 778 ad

1182 805 1447 852 poenitentiam
1461 812 1569 842 vocat
1584 808 1659 843 827
1683 806 1729 851 b;
1760 819 1881 842 sacer-

1181 869 1310 905 dotum
1335 870 1534 917 impiorum
1564 871 1816 906 exclusionem
1835 883 1881 906 ex

1180 946 1268 969 vero
1282 934 1422 981 templo
1438 935 1615 982 praedicit
1632 936 1708 971 828
1723 947 1745 970 a
1759 947 1767 980 ;
1793 934 1883 971 item

1181 998 1445 1034 sacrificiorum
1458 1005 1626 1035 veterum
1642 999 1883 1046 rejectionem

1182 1064 1258 1099 829
1298 1063 1345 1108 b3
1395 1063 1558 1098 melioris
1601 1063 1699 1110 apud
1740 1063 1883 1099 Gentes

1181 1127 1405 1163 oblationem
1434 1129 1511 1164 830
1532 1140 1553 1162 a
1572 1127 1615 1173 b;
1647 1127 1884 1175 reprehendit

1183 1192 1317 1227 iterum
1353 1204 1501 1227 mensae
1533 1190 1604 1228 Dei
1641 1192 1882 1240 pollutionem

1184 1257 1260 1292 830
1287 1268 1318 1298 e,
1349 1256 1584 1292 sacerdotum
1615 1256 1883 1305 negligentiam

1184 1323 1256 1357 831
1302 1321 1350 1365 b;
1409 1321 1662 1356 sacerdotibus
1709 1320 1881 1356 maledic-

1183 1385 1323 1420 tionem
1358 1385 1530 1427 intentat‚
1566 1385 1603 1420 ni
1639 1384 1712 1420 Dei
1743 1384 1884 1432 gloriae

1182 1449 1355 1485 studeant
1376 1451 1452 1486 833
1474 1462 1515 1494 a;
1546 1455 1584 1485 et
1608 1449 1882 1497 privilegiarum

1184 1513 1442 1554 reminiscitur,
1479 1514 1600 1549 officio
1630 1513 1803 1549 exclusos
1840 1513 1883 1548 iri

1181 1578 1397 1625 praedicens
1424 1581 1501 1614 834
1522 1578 1569 1622 d;
1600 1578 1880 1613 Testamentum

1182 1641 1252 1677 Dei
1281 1654 1364 1677 cum
1394 1642 1524 1678 iisdem
1554 1641 1693 1677 factum
1721 1653 1882 1677 comme-

1182 1719 1341 1750 morans,
1377 1707 1626 1742 recentiorum
1663 1706 1765 1747 vitia,
1796 1717 1881 1741 cum

1182 1770 1379 1806 virtutibus
1453 1771 1619 1818 priorum

1183 1836 1258 1871 836
1279 1835 1323 1877 b;
1355 1834 1630 1882 corruptionem
1653 1834 1883 1870 Testamenti

1182 1899 1381 1946 exprobrat
1421 1901 1497 1936 840
1531 1899 1575 1944 b;
1616 1905 1652 1934 et
1685 1898 1807 1935 Judae
1846 1903 1883 1934 et

1183 1962 1309 1998 Israeli
1327 1963 1453 1998 illicita
1468 1963 1643 2012 conjugia
1658 1963 1884 1999 condemnat

1690 1775 1883 1817 comparat

1182 2027 1254 2062 841
1279 2039 1322 2072 a;
1354 2027 1438 2063 inde
1467 2027 1607 2063 Judam
1636 2027 1757 2075 ipsum
1777 2026 1880 2062 odio-

1181 2103 1261 2126 sum
1285 2103 1365 2127 esse
1392 2091 1529 2127 factum
1552 2092 1717 2139 queritur
1738 2093 1814 2128 843
1836 2103 1880 2137 a;

1179 2155 1378 2203 lachrymis
1441 2156 1734 2192 contaminatum
1801 2167 1882 2192 esse

1180 2219 1294 2254 altare
1312 2219 1469 2255 affirmat
1485 2221 1561 2256 843
1579 2232 1619 2265 e3
1642 2220 1730 2256 item
1747 2232 1882 2255 uxores

1179 2282 1366 2330 legitimas
1420 2284 1635 2320 testamenti
1684 2284 1881 2332 participes

1180 2359 1261 2382 esse
1281 2348 1358 2383 845
1380 2347 1427 2393 b;
1457 2347 1585 2384 illicita
1611 2348 1768 2384 divortia
1793 2360 1881 2384 con-

1179 2410 1331 2446 demnat
1366 2413 1442 2447 846
1475 2424 1497 2447 a
1522 2412 1570 2457 d;
1614 2411 1735 2448 Deum
1771 2412 1878 2448 Levi-

1179 2475 1227 2511 tis
1258 2476 1452 2523 praecipue
1479 2476 1754 2517 exacerbatum,
1783 2476 1881 2523 quod

1179 2540 1296 2575 malos
1333 2552 1400 2587 pro
1438 2541 1546 2576 bonis
1582 2541 1764 2576 haberent
1801 2541 1877 2576 847

1180 2616 1199 2639 c
1229 2603 1273 2649 d;
1306 2604 1522 2640 Adventum
1557 2603 1808 2649 Immanuelis,
1842 2610 1880 2640 et

1179 2668 1387 2715 praenuntii
1421 2669 1501 2716 ejus
1534 2668 1739 2716 Baptistae,
1771 2679 1878 2715 prae-

1179 2732 1268 2768 dicit
1288 2734 1364 2769 849
1390 2733 1434 2778 b3
1464 2732 1550 2769 inde
1579 2732 1685 2768 bonis
1709 2731 1877 2766 consola-

1178 2797 1461 2845 tionem,impiis
1476 2796 1731 2833 confusionem
1746 2797 1823 2831 850
1837 2807 1877 2841 e;

1179 2861 1266 2908 igne
1294 2861 1511 2910 purgatorio
1539 2858 1742 2896 Ecclesiam
1768 2871 1877 2894 mun·

1179 2925 1302 2962 datam
1332 2925 1375 2961 iri
1405 2924 1582 2973 praedicit
1612 2925 1688 2960 852
1719 2923 1764 2968 b;
1795 2928 1876 2959 tan-
