2053 3382
287 198 309 231 6

315 198 363 232 54
818 192 1029 228 INDEX
1088 191 1334 228 RERUM.

340 314 541 352 Parabolae
570 325 658 349 suae
689 311 776 360 Ipse
810 318 868 348 est
898 314 974 349 558
1006 312 1044 349 d.

340 379 527 419 Christus,
542 390 617 425 quo
630 389 742 413 sensu
758 382 908 421 terram,
924 376 1045 421 simul,

340 450 376 480 et
405 447 564 487 moveat,
586 447 623 478 et
653 446 751 477 stare
779 441 890 477 faciat
914 442 991 477 560
1013 453 1045 476 a.

341 507 525 551 Christus,
550 519 625 554 quo
655 518 767 542 sensu
794 504 1046 553 “Respiciat''

341 573 417 607 560
426 571 460 607 b.
478 571 665 611 Christus,
675 570 720 606 de
734 582 844 606 carne
858 582 926 606 sua
938 582 1044 605 man—

339 635 512 670 ducanda
540 635 630 682 quid
658 634 889 682 praeceperit
916 636 992 670 562
1015 646 1046 669 a.

339 699 528 742 Christus,
546 699 708 735 Satanae
729 711 888 747 regnum
911 698 1046 746 quibus

338 764 451 799 armis
476 764 651 800 everterit
673 765 748 800 563
771 776 800 799 e.
859 762 1046 807 Christus,

338 828 479 864 “Pacis
510 827 676 864 fluvius”
709 827 808 875 apud
840 827 1047 874 Prophetas

338 893 554 929 nominatus
589 895 666 929 565
699 905 731 928 c.
791 891 977 936 Christus,
1009 890 1046 926 in

340 958 547 1005 Evangelio
595 956 844 1005 praedicando
891 956 1044 991 demon-

340 1028 480 1058 stratus
502 1024 578 1058 566
596 1022 631 1058 b.
664 1021 851 1061 Christus,
872 1020 1047 1056 laudatus

339 1087 377 1122 in
407 1086 554 1135 abysso,
586 1087 607 1121 i.
629 1098 662 1122 e.
693 1092 774 1122 tum
804 1085 1047 1133 Angelorum,

339 1157 421 1187 tum
454 1151 661 1194 hominum,
697 1150 938 1186 multitudine
971 1150 1047 1185 566

341 1216 413 1252 de.
471 1215 657 1255 Christus,
691 1214 758 1251 Sol
790 1215 979 1255 Justitiae,
1012 1218 1049 1248 et

342 1280 492 1316 Lucifer
507 1279 769 1315 intellectualis
786 1285 914 1314 noster
928 1280 1003 1314 567
1014 1277 1047 1312 d.

343 1345 530 1389 Christus,
552 1344 756 1392 egreditur,
779 1343 854 1379 suis
876 1343 1048 1382 salutem,

344 1410 516 1445 hostibus
542 1414 715 1449 mortem,
736 1408 859 1444 ferens
880 1410 957 1443 570
979 1419 998 1442 c
1014 1407 1049 1442 d.

345 1474 530 1515 Christus,
570 1473 690 1521 capita
728 1472 938 1520 potentium
977 1483 1051 1518 quo

346 1550 459 1574 sensu
481 1537 646 1573 diviserit
668 1540 741 1573 571
759 1537 782 1572 b
799 1549 831 1572 e.
864 1536 1050 1576 Christus,

347 1615 421 1650 quo
437 1602 519 1638 cibo
539 1614 632 1637 usus
653 1601 699 1637 sit
718 1604 793 1637 573
809 1614 842 1637 a.
866 1601 1051 1640 Christus,

346 1667 455 1703 testis
483 1666 594 1702 velox
624 1672 756 1702 contra
785 1665 918 1713 impios
951 1665 1052 1700 futu-

347 1744 411 1767 rus
460 1733 536 1767 585
580 1742 611 1767 c.
696 1730 884 1772 Christus,
926 1729 1055 1764 Homo

349 1797 482 1837 factus,
539 1801 577 1831 et
635 1795 812 1831 lsraelem
871 1793 1055 1836 liberavit,

350 1867 388 1897 et
421 1860 565 1896 Gentes
599 1861 675 1895 614
711 1871 743 1894 e.
801 1859 988 1899 Christus,
1020 1857 1057 1892 in

351 1925 423 1961 hoc
461 1931 498 1961 et
536 1930 709 1960 mortuus
747 1929 818 1964 est,
857 1929 894 1960 et
935 1935 1057 1959 resur-

352 1990 461 2031 rexit,
510 1995 554 2025 ut
600 1989 714 2024 vitam
763 1988 839 2024 suis
887 1987 1059 2023 redderet

354 2057 431 2091 614
455 2054 498 2099 d;
521 2056 598 2090 615
616 2066 656 2098 c;
679 2055 755 2089 618
777 2053 847 2089 bc.
877 2052 1059 2097 Christus,

355 2125 412 2155 est
438 2118 515 2155 suis
542 2124 580 2154 et
608 2117 831 2165 Redemptio
855 2122 892 2152 et
914 2116 1059 2152 Justifi-

356 2184 453 2219 catio
473 2188 509 2219 et
531 2182 643 2219 Salus
665 2184 738 2218 621
764 2182 832 2218 ed.
873 2180 1062 2225 Christus,

356 2248 524 2284 omnium
553 2248 750 2288 bonorum,
772 2251 903 2282 auctor
932 2247 1006 2282 621
1030 2257 1060 2281 e.

357 2313 543 2353 Christus,
574 2312 621 2348 ad
654 2311 847 2348 fidendum
877 2323 966 2346 suos
994 2310 1062 2345 im-

358 2378 460 2426 pellit
483 2382 522 2413 et
541 2389 631 2413 voce
656 2382 694 2412 et
721 2375 866 2424 Spiritu
893 2376 970 2411 622
991 2374 1015 2410 b
1031 2386 1063 2410 c.

360 2442 548 2482 Christus,
603 2441 680 2477 suis
737 2441 970 2481 immoratus,
1028 2444 1066 2474 et

358 2507 535 2543 laetificat
581 2512 618 2542 et
663 2505 825 2541 laetatur
871 2506 948 2541 622
991 2503 1014 2539 d
1034 2515 1064 2539 e.

362 2571 551 2611 Christus,
591 2569 752 2606 Satanae
790 2580 924 2604 manus
962 2566 1065 2603 colli-

362 2636 465 2684 gavit
495 2637 571 2672 623
592 2635 630 2670 b.
688 2633 877 2676 Christus,
898 2638 936 2668 et
959 2631 1068 2667 Zioni

364 2705 401 2735 et
435 2699 612 2748 gentibus
640 2699 719 2746 jam
753 2696 946 2734 exhaustis
980 2696 1067 2732 sub-

365 2764 466 2800 venit
513 2765 589 2800 624
638 2775 669 2799 a.
744 2762 918 2799 Christus
969 2761 1069 2797 ultro

366 2827 559 2875 gratisque
609 2827 820 2864 misericors
868 2828 945 2863 624
993 2838 1015 2861 a
1033 2825 1069 2861 b.

367 2891 554 2934 Christus,
588 2903 717 2939 pacem
754 2891 949 2934 ambobus,
988 2902 1070 2939 gra-

368 2955 471 2997 tiam,
512 2956 681 3002 gloriam,
720 2955 953 2993 confirmavit
994 2956 1069 2991 624

1663 200 1870 226 CHRISTUS.

1169 324 1189 348 c
1219 312 1255 348 d.
1349 310 1536 352 Christus,
1604 321 1699 358 quae
1764 308 1874 345 nobis

1167 375 1309 416 fecerit.
1343 387 1409 423 per
1448 374 1749 411 incarnationem
1785 372 1874 408 fecit

1171 442 1248 477 625
1298 440 1376 476 ab.

1170 505 1245 541 filio
1274 504 1453 548 Josedek,
1475 503 1648 539 Salvator
1676 513 1874 550 praemon-

1170 575 1310 605 stratus
1349 570 1426 606 632
1465 580 1510 613 c;
1558 567 1647 603 item
1691 565 1876 603 Sacerdos

1171 635 1247 670 632
1284 633 1331 675 ἀς
1374 633 1463 668 item
1500 631 1653 668 Justitia
1689 636 1727 667 et
1765 630 1876 666 Salus

1170 700 1247 734 632
1278 710 1311 733 e.
1376 696 1562 741 Christus,
1594 696 1692 731 intra
1720 706 1876 730 suomm

1170 762 1312 798 animas
1340 761 1541 810 praecipue
1566 760 1710 796 habitat
1740 761 1816 795 634
1838 757 1876 793 d.

1171 827 1357 868 Christus,
1407 825 1507 860 solus
1554 829 1683 861 auctor
1729 822 1878 859 virtutis

1171 893 1247 928 637
1279 903 1310 927 e.
1369 889 1556 931 Christus,
1581 902 1602 925 a
1625 889 1730 936 Rege
1760 887 1877 922 Zoro-

1170 955 1279 991 babel
1316 962 1354 991 et
1392 954 1483 990 Jesu
1523 953 1738 994 Sacerdote,
1774 963 1878 999 prae-

1171 1021 1354 1068 figuratus
1405 1020 1480 1055 638
1529 1030 1551 1054 a
1578 1018 1612 1054 b.
1692 1016 1878 1056 Christus,

1171 1085 1363 1120 Mediator
1382 1089 1419 1119 et
1443 1082 1627 1119 Sacerdos
1653 1087 1781 1117 noster
1802 1081 1877 1117 638

1172 1162 1205 1185 c.
1245 1147 1430 1189 Christus,
1465 1160 1486 1183 a
1517 1147 1595 1182 viro
1625 1146 1731 1194 regio
1762 1145 1880 1180 Zoro-

1461 439 1648 480 Christus‚
1696 437 1733 473 in
1780 437 1874 473 Jesu

1172 1214 1292 1255 babel,
1305 1212 1434 1260 templi
1448 1211 1687 1248 conditorum
1701 1209 1881 1258 praeside,

1173 1278 1447 1327 praefiguratus
1477 1278 1555 1313 650
1586 1275 1658 1311 de.
1693 1274 1881 1315 Christus,

1174 1342 1421 1391 signaculum,
1442 1341 1466 1376 i.
1482 1353 1511 1377 e.
1541 1351 1718 1388 expressa
1743 1338 1880 1387 imago,

1175 1407 1295 1444 Patris
1343 1408 1421 1442 650
1473 1418 1506 1442 e.
1582 1403 1766 1445 Christus,
1814 1414 1883 1450 pro

1176 1471 1338 1520 peccatis
1377 1470 1544 1506 omnium
1582 1475 1619 1505 et
1659 1467 1885 1515 Propitiator

1176 1543 1213 1573 et
1260 1535 1451 1572 Mediator
1489 1536 1563 1571 661
1605 1546 1638 1569 c.

1177 1601 1338 1637 Satanae
1366 1600 1498 1640 victor,
1521 1599 1598 1635 666
1624 1610 1656 1634 e.
1696 1596 1882 1636 Christus,

1181 1665 1365 1701 Ecclesiae
1381 1663 1500 1713 gloria
1514 1665 1589 1699 667
1607 1675 1628 1698 a
1639 1662 1672 1698 b.
1699 1661 1886 1701 Christus,

1178 1742 1329 1766 suorum
1377 1729 1556 1765 collector
1602 1732 1640 1763 et
1687 1725 1886 1773 colligator

1179 1796 1255 1832 668
1288 1806 1320 1830 e.
1362 1793 1548 1833 Christus,
1583 1791 1750 1827 omnium
1785 1789 1889 1825 omni

1178 1865 1347 1906 tempore
1367 1857 1588 1905 populorum
1612 1856 1789 1891 liberator
1809 1855 1886 1890 668

1181 1923 1218 1959 d.
1255 1923 1441 1963 Christus,
1464 1921 1549 1957 ideo
1575 1921 1795 1957 Incarnatus
1820 1918 1890 1954 fuit

1181 1994 1224 2024 ut
1271 1992 1404 2035 gentes
1458 1985 1660 2033 spoliantes
1714 1983 1890 2032 spoliaret

1183 2053 1260 2088 669
1309 2063 1341 2087 a.
1404 2048 1591 2091 Christus,
1641 2061 1738 2091 suos,
1786 2046 1890 2096 quasi

1182 2116 1360 2165 pupillam
1408 2127 1512 2151 suam
1554 2119 1681 2150 tuetur
1716 2113 1891 2160 fovetque

1186 2183 1262 2218 669
1292 2180 1329 2217 b.
1369 2179 1554 2220 Christus,
1585 2178 1717 2226 quibus
1751 2177 1891 2214 charis-

1185 2245 1295 2281 matis
1311 2257 1397 2280 suos
1410 2244 1540 2280 induat
1553 2245 1630 2280 669
1645 2255 1675 2279 e.
1707 2242 1891 2283 Christus,

1186 2322 1299 2358 quare
1319 2314 1404 2357 post
1424 2308 1582 2356 gloriam
1603 2307 1738 2343 missus
1759 2308 1836 2343 670
1856 2305 1891 2342 b.

1187 2375 1372 2416 Christus,
1413 2385 1523 2421 quam
1569 2371 1749 2408 laetitiam
1791 2369 1893 2407 Sioni

1188 2438 1369 2488 spirituali
1413 2437 1576 2474 adventu
1619 2448 1687 2472 suo
1727 2434 1895 2471 intulerit

1189 2506 1266 2541 670
1315 2503 1339 2539 d
1362 2514 1396 2539 e.
1472 2501 1658 2543 Christus,
1708 2499 1894 2536 Gentibus

1188 2567 1375 2616 refugium
1430 2566 1552 2602 factus
1599 2570 1655 2601 est
1712 2566 1789 2601 670
1846 2574 1893 2608 e;

1695 1532 1883 1571 Christus,

1190 2633 1237 2669 ad
1266 2632 1374 2674 Eum,
1395 2635 1622 2667 concurrunt
1650 2641 1697 2665 ex
1725 2627 1896 2664 terminis

1189 2703 1323 2739 terrae,
1354 2707 1440 2731 cum
1470 2694 1526 2730 Eo
1555 2693 1724 2729 habitant
1751 2693 1825 2728 671
1859 2704 1894 2728 a.

1191 2761 1377 2803 Christus,
1406 2757 1616 2807 praesentia
1648 2769 1716 2792 sua
1746 2756 1896 2792 Patrem

1192 2825 1248 2862 sui
1280 2824 1523 2872 archetypum
1553 2820 1716 2857 ostendit
1750 2821 1823 2856 671
1859 2820 1894 2856 b.

1194 2889 1379 2930 Christus,
1400 2886 1505 2935 eligit
1525 2884 1763 2921 circumcisos
1784 2883 1897 2920 corde

1195 2955 1267 2989 671
1314 2951 1389 2988 cd.
1448 2949 1634 2990 Christus
1674 2961 1746 2996 quo
1785 2960 1897 2984 sensu
