2053 3382
263 187 341 222 636

260 307 544 349 Adolescentes,
565 306 673 343 idolis
694 307 914 347 consecrati,
935 307 1025 344 artis

313 373 482 421 magicae
529 371 690 408 ministri
739 374 817 409 339
856 384 876 408 e
892 384 903 418 3
960 384 1026 421 per

313 438 398 473 Dan
436 445 474 473 et
512 436 722 472 Beersabee
760 436 889 484 jurare
927 436 1025 473 soliti

315 506 392 540 340
437 501 461 538 b
482 513 492 547 3
550 501 817 549 praedicuntur
871 502 1025 550 perituri

315 569 393 603 340
421 578 467 612 c;
506 566 652 603 roboris
681 566 885 603 firmissimi
914 573 1025 616 typus

313 633 391 668 340
413 630 448 666 d.

257 695 417 738 Adonis,
453 695 521 732 sub
559 696 711 732 nomine
748 696 971 739 Thammuz,
1004 709 1026 734 a

311 761 334 797 J
340 760 467 798 udaeis
487 762 666 799 adoratus
689 765 738 800 79
759 763 797 800 b.

257 826 438 874 Adoptio,
466 826 629 864 filiorum
656 828 741 871 Dei,
769 828 870 865 Novi
896 829 1025 865 Testa-

312 891 430 927 menti
459 904 596 928 munus
621 894 691 929 101
719 905 764 939 a;
804 893 842 929 in
873 893 1026 930 Christo

312 956 422 992 datur
454 959 530 993 465
566 957 616 1003 b;
660 960 737 995 470
775 959 825 1005 (1;
865 961 941 996 472
975 959 1025 1005 d,-

312 1023 391 1058 687
413 1033 458 1066 e;
494 1034 561 1069 per
591 1023 893 1060 Incarnationem
922 1036 1023 1060 com-

311 1092 442 1133 parata
463 1088 540 1123 549
559 1087 606 1132 b3
636 1089 711 1124 718
729 1100 776 1134 a;
805 1087 922 1130 Sioni,
941 1095 1025 1136 post

313 1150 615 1188 lncarnationem
643 1152 859 1189 extenditur
881 1156 956 1190 735
978 1165 997 1189 c
1017 1165 1025 1197 3

313 1219 389 1253 736
412 1230 443 1253 a.

257 1281 459 1323 Adrianus,
499 1281 698 1328 lacessivit,
737 1296 814 1319 non
857 1284 1024 1325 abduxit,

310 1346 475 1382 Judaeos
499 1350 575 1384 350
598 1360 629 1384 c.

257 1411 500 1453 Adulatores,
542 1412 788 1449 Samaritanis
827 1412 1023 1460 perniciosi

313 1481 420 1512 erant
441 1479 517 1513 288
541 1477 576 1513 b.

260 1540 431 1583 Advena,
449 1554 524 1577 non
546 1541 697 1590 impune
717 1542 876 1579 violatus
897 1546 972 1580 854
991 1557 1021 1580 e.

259 1604 470 1646 Adventus,
511 1606 666 1648 Christi,
707 1620 782 1643 non
831 1613 1023 1644 aeternum

312 1671 518 1707 tardandus
540 1674 617 1708 533
640 1684 687 1718 c;
723 1672 858 1708 Exodo
886 1673 1019 1709 Judae-

312 1749 420 1772 orum
441 1737 487 1772 ab
510 1737 662 1785 Egypto
687 1744 925 1786 comparatur
946 1740 1019 1774 641

311 1801 361 1846 b;
401 1801 613 1849 praedictus
642 1804 719 1839 670
746 1815 765 1838 c
783 1802 830 1849 (1;
873 1805 948 1840 799
976 1816 1024 1850 a3

311 1872 461 1914 tempus
491 1867 715 1903 visitationis
745 1871 819 1905 735
848 1880 893 1914 c3
934 1868 1023 1904 item

311 1930 475 1967 laetitiae
499 1934 575 1968 735
597 1944 643 1977 ες
678 1932 874 1968 renovabit
900 1932 1025 1968 omnia

313 1998 392 2033 800
407 2009 445 2042 e3
467 2002 615 2045 tempus
631 1997 875 2034 correctionis
893 2000 968 2034 829
984 2011 1023 2043 e3

311 2060 359 2096 ad
388 2061 571 2109 templum
601 2062 831 2109 repentinus,
853 2075 874 2098 a
900 2062 1021 2098 Mala-

309 2125 396 2162 chia
413 2126 637 2174 praedictus,
652 2127 740 2175 quid
756 2127 867 2164 fuerit
884 2130 962 2165 850
978 2127 1023 2174 b;

311 2190 403 2226 nulli
441 2190 688 2239 despicabilis,
726 2191 927 2227 incredulis
970 2192 1024 2227 in-

255 2253 263 2292 ’.
311 2254 516 2291 tolerabilis
537 2257 611 2292 851
630 2256 653 2291 b
667 2267 687 2292 e
698 2268 709 2302 3
740 2256 819 2305 igni
839 2262 1025 2305 purgante

313 2325 554 2368 comparatus
576 2321 652 2357 852
675 2320 711 2356 b.

257 2383 489 2426 Adversarii,
522 2385 767 2427 Judaeorum,
804 2384 1024 2428 Samaritae,

313 2449 558 2485 daemonibus
579 2450 786 2500 comparati
809 2452 885 2486 235
907 2462 939 2486 c.

257 2513 494 2556 Aedificatio,
511 2514 652 2563 templi,
669 2514 815 2551 ardenti
835 2515 916 2551 zelo
936 2527 1026 2551 con-

312 2579 422 2624 fecta,
452 2580 536 2616 Deo
565 2580 688 2628 placet
718 2582 795 2617 634
821 2592 866 2625 c3
906 2580 1025 2628 qualis

313 2656 395 2680 esse
436 2644 571 2681 debeat
607 2646 687 2681 634
719 2645 743 2680 d
763 2657 805 2686 e;
850 2645 1026 2693 neglecta

312 2708 422 2744 bonis
441 2709 607 2746 moribus
628 2715 740 2746 nocet
759 2711 835 2746 635
852 2723 896 2751 a;
927 2715 1022 2746 tem-

314 2773 378 2821 pli,
394 2773 453 2810 vel
473 2773 675 2815 Ecclesiae,
697 2773 921 2822 principium
939 2787 1024 2823 gra-

314 2837 387 2873 tiae
410 2840 486 2875 719
509 2838 580 2876 cd.

260 2900 452 2948 Aegyptii,
474 2902 606 2950 puniti,
629 2902 714 2938 Nilo
738 2902 776 2938 in
800 2902 1022 2951 sanguinem

315 2972 545 3002 commutato
573 2968 622 3003 23
646 2966 694 3011 (1;
732 2967 823 3003 item
854 2979 972 3015 regno
1003 2979 1024 3003 a

804 187 1016 223 INDEX
1077 188 1320 225 RERUM.

1540 202 1838 226 ADOLESCENTES
1847 219 1853 225 .

1148 309 1336 358 Cambyse
1366 310 1521 347 subacto
1543 312 1619 347 244
1642 310 1690 355 d;
1726 309 1856 358 Apim,

1147 386 1213 411 seu
1226 375 1396 416 vitulum,
1410 375 1617 412 adorabant
1634 377 1680 412 81
1697 375 1738 416 b;
1766 374 1856 411 item

1147 438 1284 475 vitulos
1322 439 1503 488 plurimos
1543 442 1620 477 309
1655 452 1674 476 c
1692 452 1702 486 3
1752 439 1856 481 item,

1147 504 1264 540 multa
1305 504 1491 540 idolorum
1537 505 1651 541 millia
1696 507 1769 541 127
1809 517 1856 550 e;

1146 569 1294 617 magica
1322 569 1538 617 gaudebant
1562 572 1635 607 128
1657 583 1678 606 a
1693 583 1704 616 3
1736 583 1757 606 a
1785 570 1858 605 Ba-

1147 633 1309 682 byloniis
1329 634 1561 683 triumphati,
1582 635 1718 683 gladio,
1738 634 1854 670 fame-

1147 712 1217 747 que
1247 699 1457 736 obruuntur
1487 702 1561 737 129
1589 713 1632 742 e;
1671 700 1857 748 equitibus

1148 765 1352 813 sagittariis
1391 766 1565 802 valebant
1608 768 1677 803 191
1719 767 1743 802 d
1760 778 1771 813 ;
1818 766 1856 802 in

1147 843 1307 878 poenam
1324 831 1512 868 Samariae
1531 844 1553 867 a
1569 831 1755 879 Propheta
1773 843 1858 879 pro-

1147 895 1270 931 vocati
1301 897 1379 933 280
1410 909 1431 932 a
1448 909 1459 943 3
1499 901 1683 944 regnante
1712 895 1857 931 Pharao

1148 960 1186 996 Ν
1190 960 1307 997 echao
1319 961 1342 997 J
1346 961 1502 997 udaeam
1521 961 1703 997 invadunt
1719 962 1795 998 282
1815 960 1856 1006 b3

1149 1038 1233 1062 cum
1254 1026 1278 1062 J
1282 1026 1408 1062 udaeis
1434 1026 1566 1062 foedus
1591 1026 1745 1069 faciunt,
1766 1038 1856 1061 con-

1148 1096 1207 1127 tra
1227 1090 1457 1139 Babylonios
1479 1093 1555 1127 509
1577 1103 1609 1127 a.

1095 1156 1293 1204 Aegyptus
1317 1155 1363 1191 ad
1384 1155 1654 1192 occidentalem
1673 1154 1696 1191 J
1701 1154 1857 1190 udaeam

1148 1221 1296 1269 respicit
1327 1222 1402 1257 322
1425 1221 1473 1267 (1;
1514 1220 1619 1269 regio
1644 1219 1795 1268 pinguis
1820 1224 1859 1255 et

1147 1285 1325 1321 frumenti
1352 1286 1455 1321 ferax
1482 1288 1557 1322 401
1582 1297 1628 1330 e3
1668 1289 1858 1321 commota

1149 1351 1371 1387 exeuntibus
1397 1351 1550 1387 Judaeis
1573 1353 1649 1387 480
1671 1350 1749 1391 cd;
1783 1350 1855 1385 Ae·

1148 1415 1311 1463 thiopiae
1341 1428 1426 1463 pars
1451 1418 1523 1452 601
1550 1415 1599 1460 d;
1638 1421 1749 1463 typus
1777 1420 1858 1450 erat

1149 1479 1349 1527 spiritualis
1370 1480 1473 1516 exitii
1498 1482 1566 1515 161
1588 1480 1636 1525 (1;
1668 1479 1770 1521 item,
1792 1479 1856 1515 ad-

1150 1544 1396 1580 versariorum
1437 1544 1509 1580 Dei
1548 1546 1624 1580 248
1664 1556 1711 1590 e,·
1753 1544 1857 1586 item,

1148 1609 1286 1644 servitii
1321 1608 1522 1657 spiritualis
1554 1611 1627 1645 271
1661 1609 1710 1653 (1;
1754 1609 1856 1653 item,

1147 1672 1315 1720 caliginis
1345 1672 1546 1720 spiritualis
1577 1674 1655 1709 446
1683 1673 1728 1714 d;
1765 1672 1855 1709 item

1146 1736 1374 1772 carnalitatis
1392 1739 1468 1772 752
1487 1737 1526 1779 d;
1552 1736 1640 1772 item
1656 1736 1855 1784 impiorum

1147 1801 1377 1849 perditorum
1410 1804 1483 1838 811
1511 1802 1595 1848 be3
1635 1801 1769 1851 Caligo
1798 1802 1855 1838 in·-

1147 1872 1373 1915 terpretatur
1396 1870 1470 1904 753
1492 1880 1522 1904 a.

1092 1931 1270 1976 Aemath‚
1292 1931 1430 1980 Major,
1452 1939 1490 1968 et
1515 1932 1657 1973 Minor,
1678 1932 1789 1969 urbes
1817 1931 1857 1969 in

1149 1996 1387 2032 Damasceno
1414 1999 1490 2034 312
1516 2009 1563 2042 e;
1601 1997 1729 2045 Major
1757 2010 1856 2034 nunc

1147 2060 1360 2104 Antiochia,
1392 2062 1521 2098 Minor
1552 2062 1770 2111 Epiphania,
1799 2063 1856 2099 di-

1146 2126 1243 2162 citur
1264 2129 1339 2163 313
1362 2139 1404 2168 a;
1434 2127 1574 2176 Major,
1589 2127 1750 2176 Assyriis
1770 2128 1856 2165 sub-

1142 2190 1244 2238 jecta
1265 2193 1341 2228 322
1363 2191 1399 2228 d.

1093 2255 1330 2304 Aenigmata,
1361 2256 1459 2304 apud
1495 2256 1714 2305 Prophetas,
1745 2269 1855 2306 saepe

1147 2321 1356 2357 doctrinam
1376 2321 1569 2358 insinuant
1592 2323 1666 2359 199
1688 2334 1722 2358 e.

1094 2385 1324 2433 Aequalitas,
1356 2384 1378 2421 i.
1393 2397 1426 2422 e.
1456 2397 1574 2433 aequa
1602 2385 1700 2422 inter
1727 2386 1856 2423 hostes

1147 2449 1293 2491 divisio,
1319 2450 1466 2486 urbium
1494 2450 1722 2487 Judaearum
1750 2463 1856 2500 prae-

1147 2515 1282 2552 dicitur
1301 2517 1379 2552 465
1402 2516 1450 2560 b;
1481 2518 1559 2552 466
1580 2529 1611 2553 a.

1093 2579 1242 2621 Aestas,
1275 2592 1344 2627 pro
1381 2580 1510 2616 calidis
1548 2579 1764 2629 regionibus
1796 2580 1855 2617 di·

1147 2643 1243 2680 citur
1264 2646 1340 2681 803
1362 2644 1385 2680 b
1399 2657 1432 2681 c.

1093 2708 1243 2750 Aestus,
1273 2721 1340 2756 pro
1369 2708 1609 2745 tribulatione
1637 2707 1854 2745 ferventiori

1147 2773 1282 2809 dicitur
1306 2775 1379 2810 167
1402 2786 1434 2810 e.

1093 2838 1269 2883 Aeterna,
1328 2843 1366 2874 et
1422 2851 1556 2887 poena,
1615 2842 1653 2873 et
1713 2837 1855 2875 laetitia

1149 2905 1195 2939 41
1220 2915 1266 2948 e3
1305 2914 1427 2951 poena
1456 2905 1505 2938 47
1527 2901 1573 2944 d;
1614 2901 1854 2950 desponsatio

1149 2970 1195 3003 51
1221 2979 1254 3003 e.
