2060 3387
122 195 205 234 viii.
235 208 385 238 ‘zo-22.
499 197 566 237 IN
613 197 1032 237 7..x('11A1{1,xM.
1095 196 1244 236 TUM.
1280 195 1364 235 Ill.
1624 195 1697 232 ι10]

188 340 313 381 τοροε
363 327 406 366 ἐν
444 328 725 383 (Ιερουσοιλιὶμ
780 328 845 366 καὶ
898 331 969 366 τοῦ
1020 328 1318 367 ἐξιλάσκεσθαι
1370 325 1415 364 τὸ
1467 323 1702 378 Προσωπον

191 407 354 464 Κυρίου.

196 553 630 604 Μεταπλάττοντος
665 556 748 601 τοῦ
775 554 990 616 Χριστοῦ
1023 550 1076 599 τὸ
1108 550 1274 602 πένθος
1314 550 1442 613 ἡμῶν
1469 552 1529 601 εἷς
1556 545 1707 614 χαρὰν

121 632 194 681 καὶ
221 634 282 684 εἷς
317 631 480 697 ἑορτὴν
514 634 589 683 καὶ
624 636 685 685 εἷς
721 631 1016 699 εὐφροσύνας
1054 631 1248 697 ἀγαθὰς,
1276 635 1350 681 καὶ
1389 634 1706 692 μεθιστῶντος

79 728 100 765 5
122 717 183 766 εἷς
210 714 439 777 θυμηδίαν
465 713 571 767 τοὺς
605 713 848 779 ὀδυρμοὺς,
878 715 931 764 οὐ
957 715 1061 764 καθ’
1093 714 1171 763 ἕνα
1199 711 1366 763 λοιπὸν
1393 714 1540 773 ἔσται,
1569 713 1705 779 φησὶ,

118 799 213 845 τῶν
250 795 552 856 καλουμένων
586 799 646 848 εἷς
683 796 922 860 σωτηρίαν
950 795 976 858 ἡ
1005 796 1065 847 ὡς
1099 796 1146 844 ἐν
1177 793 1333 845 πίστει
1367 792 1605 859 πρόσοδος
1630 794 1705 842 καὶ

118 876 146 939 ἡ
189 876 307 943 πρὸς
350 876 473 928 Θεὸν
516 878 743 930 οἰκείωσις
787 877 841 926 δι’
889 878 1140 942 ἁγιασμοῦ·
1182 876 1290 925 ἀλλ’
1336 879 1381 925 αἱ
1423 875 1507 938 μὲν
1550 876 1705 928 πόλεις

118 957 339 1023 ἀλλήλας
374 962 434 1011 εἷς
473 964 610 1009 τοῦτο
645 963 992 1024 παροτρυνοῦσι
1026 956 1209 1019 λοιπὸν,
1236 957 1336 1026 ἥξει
1363 980 1411 1008 τε
1439 956 1556 1007 κατὰ
1581 962 1705 1018 πλη-

119 1037 205 1090 θὺν
236 1039 391 1091 πάντα
429 1039 488 1091 τὰ
527 1040 648 1104 ἔθνη,
678 1045 771 1094 τοῖς
806 1044 868 1094 εἷς
902 1046 1039 1091 τοῦτο
1068 1040 1319 1107 φθάσασιν
1345 1037 1705 1106 ἐπιφωνούντων

54 1142 101 1167 10
120 1122 187 1172 ἀεὶ
221 1126 316 1172 τῶν
354 1122 578 1187 δευτέρων
614 1122 668 1173 τό
705 1122 977 1191 Πορεύσ-σμοιι
1020 1123 1165 1187 κάγώ.
1230 1121 1491 1187 γέγραπται
1515 1118 1610 1185 γὰρ
1637 1118 1706 1169 ὅτι

120 1209 148 1231 “
176 1204 373 1270 Σίδηρος
424 1203 622 1270 σίδηρον
663 1204 828 1273 ὀξύνει,
877 1203 995 1270 ἀνὴρ
1046 1203 1092 1254 δὲ
1141 1203 1394 1271 παροξύνει
1444 1200 1707 1268 πρόσωπον

121 1291 148 1314 “
173 1285 368 1351 ἑτερου.”
434 1285 700 1350 πρόκλησις
736 1285 829 1351 γὰρ
862 1286 1031 1339 dela-029
1071 1285 1240 1351 ἑτέροις
1271 1284 1333 1338 εἵς
1369 1307 1422 1349 γε
1454 1283 1508 1334 τὸ
1540 1285 1707 1350 χρῆναι

119 1373 334 1433 πληροῦν
365 1366 419 1417 τὸ
455 1367 650 1432 ἀγαθὸν,
685 1367 713 1431 ἡ
754 1372 892 1418 τινῶν
931 1368 1193 1433 εὑρίσκεται
1231 1364 1484 1432 προθυμία.
1553 1364 1622 1417 τίς
1662 1363 1707 1414 δὲ

121 1447 177 1513 δὴ
204 1453 303 1502 ταῖς·
329 1447 531 1500 πόλεσιν
556 1448 657 1512 ἤτοι
684 1453 780 1502 τοῖς
806 1449 989 1500 ἔθνεσιν
1016 1450 1039 1499 ὁ
1065 1448 1245 1502 σκοπός
1269 1470 1280 1510 ;
1326 1446 1379 1498 τὸ
1405 1444 1710 1516 ἐξιλάσασθαι

54 1552 100 1589 15
121 1556 170 1584 τε
213 1535 288 1584 καὶ
331 1531 578 1598 ἐκζητῆσαι
630 1534 676 1584 τὶ
721 1535 951 1604 πρόσωπον
1000 1534 1163 1603 Κυρίου,
1217 1532 1434 1583 τουτέστι
1477 1528 1709 1596 Χριστὸν,

121 1614 171 1668 ὅς
208 1616 338 1665 ἐστιν
376 1614 509 1665 εἰκὼν
551 1613 922 1681 ἀπαράλλακτος
968 1621 1050 1666 τοῦ
1094 1619 1219 1666 Θεοῦ
1263 1616 1338 1664 καὶ
1377 1612 1585 1679 Πατρὸς,
1633 1617 1709 1662 καὶ

121 1703 147 1726 “
171 1696 413 1764 χαρακτὴρ
457 1700 539 1760 τῆς
592 1696 902 1751 ὑποστάσεως
947 1698 1103 1758 αὑτοῦ,
1148 1695 1270 1747 καθὰ
1314 1696 1590 1761 γέγραπται,
1633 1696 1707 1743 καὶ

122 1786 148 1808 “
173 1778 470 1843 ἀπαύγασμα
509 1781 592 1842 τῆς
637 1777 817 1847 δόξης,”
862 1782 967 1845 περὶ
1010 1779 1063 1829 οῦ
1105 1785 1229 1848 φησι
1274 1779 1350 1828 καὶ
1390 1778 1415 1826 ὁ
1456 1775 1709 1828 θεσπέσιος

122 1865 296 1914 Δαυείδ
323 1870 349 1892 “
369 1862 440 1914 Τὸ
466 1862 728 1930 πρόσωπόν
762 1886 853 1914 σου
891 1864 1121 1932 ἐπίφανον
1152 1864 1225 1913 ἐπὶ
1264 1860 1345 1912 τὸν
1372 1859 1544 1912 δοῦλόν
1572 1882 1677 1911 σου.

54 1969 102 1993 20
121 1944 368 2012 ἐπέλαμψε
395 1944 488 2011 γὰρ
515 1946 625 2008 ἡμῖν
649 1945 677 2009 ἡ
705 1944 838 1996 εἰκὼν
873 1947 948 1995 καὶ
988 1945 1041 1995 τὸ
1080 1944 1357 2010 πρόσωπον,
1378 1945 1440 1996 ὡς
1467 1942 1601 2009 ἔφην,
1627 1946 1710 1992 τοῦ

122 2030 248 2077 Θεοῦ
289 2029 364 2077 καὶ
406 2026 613 2091 Πατρός·
658 2025 799 2077 αὑτὸν
838 2026 1020 2093 ἔχοντες
1059 2027 1222 2089 εὐμενῆ
1262 2027 1337 2075 καὶ
1371 2025 1499 2087 ἵλεω,
1536 2025 1612 2074 καὶ
1650 2022 1710 2074 τὰ

120 2109 170 2158 ἐκ
219 2111 302 2171 τῆς
352 2109 579 2174 ἁμαρτίας
633 2107 1009 2173 διακρουσόμεθα
1047 2106 1228 2171 βλάβη,
1271 2105 1578 2169 δικαιούμενοι
1630 2104 1709 2156 διὰ

119 2190 323 2243 πίστεως
368 2190 499 2240 “οὑκ
540 2190 596 2258 ἐξ
638 2190 788 2256 ἔργων
833 2189 1129 2253 δικαιοσύνης
1168 2187 1199 2240 ἃ
1237 2187 1526 2252 ἐποιήσαμεν
1567 2187 1708 2251 ἡμεῖς,

122 2277 149 2299 “
176 2269 306 2321 ἀλλὰ
341 2270 460 2322 κατὰ
491 2270 545 2321 τὸ
580 2270 705 2322 πολὺ
731 2272 873 2322 αὐτοῦ
905 2270 1075 2324 ε”λεος·”
1118 2270 1461 2339 φιλοικτίρμων
1488 2267 1581 2334 γάρ
1607 2270 1710 2319 ἐστι

55 2374 102 2411 25
123 2353 197 2402 καὶ
233 2351 409 2417 ἀγαθὸς
450 2355 524 2402 καὶ
563 2354 763 2420 ἀφίησιν
798 2353 1074 2418 ἐγκλήματα
1112 2357 1206 2405 τοῖς
1239 2355 1526 2416 προσιοῦσιν
1565 2349 1705 2418 αὐτῷ·

123 2433 265 2484 αὑτὸν
300 2434 592 2500 ἐκζητοῦντες
630 2439 909 2501 φιλομαθοῦς
948 2435 1023 2484 καὶ
1063 2433 1137 2484 διὰ
1172 2439 1254 2483 τοῦ
1294 2434 1461 2499 χρῆναι
1496 2436 1710 2496 πληροῦν

184 2627 214 2651 1.
252 2615 499 2660 ἐξιλάσκεσθαι
524 2615 565 2649 Β.
571 2615 612 2650 C.
637 2615 769 2658 (nex.)
794 2614 1022 2658 ἐξιλάσασθαι
1051 2612 1142 2648 Edd
1174 2613 1214 2658 (N
1239 2612 1321 2646 και.
1347 2611 1454 2656 XII.)
1484 2611 1528 2646 ef.
1556 2611 1622 2656 728
1651 2611 1711 2646 fin.

124 2674 158 2708 3.
184 2663 262 2708 ἡμῖν
279 2663 315 2698 b
471 2672 504 2705 5,
525 2664 558 2696 ί).
584 2662 681 2697 ἔσται
699 2668 732 2696 et
749 2663 792 2697 ὡς
811 2667 992 2705 assumpta
1009 2672 1049 2694 ex
1071 2659 1111 2693 C.
1115 2660 1150 2693 b.
1171 2659 1322 2694 desunt
1316 2670 1350 2692 ln
1372 2658 1418 2692 D.
1564 2667 1593 2702 7.
1620 2655 1711 2700 οἶμαι

124 2722 187 2755 pro
205 2711 237 2743 ui
257 2709 296 2744 C.
471 2710 504 2743 8.
530 2708 780 2753 παροτρῦνουσι
800 2707 840 2742 C.
888 2721 925 2741 τε
944 2707 985 2740 C.
1004 2707 1040 2740 δέ
1060 2705 1152 2740 Edd.
1345 2715 1397 2738 12.
1423 2706 1613 2749 πρόκλησις
1630 2703 1670 2737 C.
1674 2704 1709 2737 b.

123 2757 339 2800 παράκλησις
358 2756 403 2789 D.
424 2755 517 2790 Edd.
567 2770 606 2801 γε
625 2761 855 2811 assumptum
866 2765 907 2787 ex
930 2752 970 2787 C.
1240 2762 1292 2793 14
1319 2751 1545 2795 ἐξιλάσασθαι
1563 2750 1597 2783 b.
1618 2749 1708 2783 Edd.

124 2802 370 2846 ἐξιλάσκεσθαι
390 2802 430 2836 C.
767 2811 821 2835 20.
848 2799 1055 2844 Ἄπέλαμψε
1075 2798 1209 2843 Migne.
1273 2797 1350 2840 ἡμῖν
1367 2797 1384 2840 ἡ
1404 2797 1498 2830 εἷκὼν
1516 2796 1558 2830 Β.
1563 2795 1603 2829 C.
1623 2796 1708 2830 Nik.

124 2849 161 2882 in
180 2849 237 2883 Ps.
257 2850 370 2883 cxviii.
389 2849 408 2892 ἡ
423 2849 493 2893 εἷρη
497 2863 533 2892 νη
554 2847 646 2882 Edd.
1161 2856 1216 2878 21.
1242 2844 1381 2888 ἔχοντας
1400 2843 1458 2876 iid.
1478 2849 1556 2876 ante
1574 2843 1652 2886 Mig
1655 2854 1710 2876 ne.

124 2894 206 2929 ἵλεω
226 2894 266 2929 C.
272 2896 318 2929 D.
335 2895 437 2930 ἵλεων
453 2894 859 2936 b.Edd.a-‹¹1—-13)xcissry
880 2892 919 2926 C
923 2891 958 2927 b
977 2891 1220 2935 τὴν-Βλάβην
1239 2890 1285 2924 D.
1308 2889 1399 2924 Edd.
1550 2900 1602 2933 2.3
1627 2888 1646 2921 ἃ
1668 2888 1708 2921 C.

126 2942 171 2975 ὼν
189 2941 235 2974 D.
256 2941 350 2976 Edd.
589 2952 644 2983 24.
670 2942 708 2974 τὸ
727 2945 950 2983 assumptum
968 2950 1008 2973 ex
1028 2938 1070 2972 B.
1076 2937 1117 2972 C
1356 2935 1410 2970 26
1439 2936 1639 2980 φιλομαθῶς
1657 2936 1710 2969 καὶ

126 2995 348 3022 accesserunt
367 3000 406 3022 ex
427 2987 517 3022 C.D.
567 3002 668 3021 τοιτο
686 2998 749 3032 pro
766 2988 826 3021 τοῦ
845 2986 885 3019 C.

187 3054 280 3082 VOL.
304 3055 350 3081 11.
905 3053 928 3093 3
950 3052 973 3079 F

1724 336 1743 355 ‹·

1723 1047 1749 1086 d

1769 1211 1866 1241 Prov.

1770 1254 1930 1294 xxvii.17.

1770 1703 1858 1753 Heb.

1728 1751 1748 1776 e
1770 1758 1790 1777 1.
1811 1757 1837 1786 3.

1683 1858 1708 1874 ‘³
1772 1856 1825 1886 Ps.

1772 1899 1880 1929 cxviii.

1776 1951 1846 1982 135.

1770 2188 1835 2218 Tit.
1855 2186 1898 2217 iii.

1729 2456 1748 2480 a
1779 2447 1862 2482 728
1880 2445 1931 2480 A.
