<?xml version="1.0" encoding="UTF-8"?>
<!DOCTYPE html PUBLIC "-//W3C//DTD XHTML 1.0 Transitional//EN"
    "http://www.w3.org/TR/xhtml1/DTD/xhtml1-transitional.dtd">
<html xmlns="http://www.w3.org/1999/xhtml" xml:lang="en" lang="en">
 <head>
  <title>
</title>
<meta http-equiv="Content-Type" content="text/html;charset=utf-8" />
  <meta name='ocr-system' content='tesseract 3.04.00' />
  <meta name='ocr-capabilities' content='ocr_page ocr_carea ocr_par ocr_line ocrx_word'/>
</head>
<body>
  <div class='ocr_page' id='page_1' title='image "./operacyrilli02cyriuoft/operacyrilli02cyriuoft_0498.png"; bbox 0 0 2032 3382; ppageno 0'>
   <div class='ocr_carea' id='block_1_1' title="bbox 313 162 1895 206">
    <p class='ocr_par' dir='ltr' id='par_1_1' title="bbox 313 162 1895 206">
     <span class='ocr_line' id='line_1_1' title="bbox 313 162 1895 206; baseline 0.001 -5"><span class='ocrx_word' id='word_1_1' title='bbox 313 162 397 201; x_wconf 76' lang='lat'>490</span> <span class='ocrx_word' id='word_1_2' title='bbox 717 164 764 203; x_wconf 89' lang='lat' dir='ltr'>B.</span> <span class='ocrx_word' id='word_1_3' title='bbox 808 163 1084 203; x_wconf 84' lang='lat' dir='ltr'><strong>CYRILLI</strong></span> <span class='ocrx_word' id='word_1_4' title='bbox 1126 164 1504 206; x_wconf 85' lang='lat' dir='ltr'><strong>ALEXANDR.</strong></span> <span class='ocrx_word' id='word_1_5' title='bbox 1763 179 1833 204; x_wconf 58' lang='grc' dir='ltr'>κῃ</span> <span class='ocrx_word' id='word_1_6' title='bbox 1858 163 1895 203; x_wconf 85' lang='grc'>8.</span> 
     </span>
    </p>
   </div>
   <div class='ocr_carea' id='block_1_2' title="bbox 88 272 1968 1404">
    <p class='ocr_par' dir='ltr' id='par_1_2' title="bbox 270 272 1896 340">
     <span class='ocr_line' id='line_1_2' title="bbox 270 272 1896 340; baseline 0.001 -17"><span class='ocrx_word' id='word_1_7' title='bbox 270 272 476 323; x_wconf 74' lang='grc' dir='ltr'>ἀπίστιν</span> <span class='ocrx_word' id='word_1_8' title='bbox 515 277 602 335; x_wconf 79' lang='grc' dir='ltr'>καὶ,</span> <span class='ocrx_word' id='word_1_9' title='bbox 642 275 797 326; x_wconf 77' lang='grc' dir='ltr'>συνεὶς</span> <span class='ocrx_word' id='word_1_10' title='bbox 836 274 886 324; x_wconf 78' lang='grc' dir='ltr'>εὖ</span> <span class='ocrx_word' id='word_1_11' title='bbox 925 273 1057 334; x_wconf 89' lang='grc' dir='ltr'>μάλα</span> <span class='ocrx_word' id='word_1_12' title='bbox 1094 273 1149 325; x_wconf 80' lang='grc' dir='ltr'>τὸ</span> <span class='ocrx_word' id='word_1_13' title='bbox 1187 278 1405 340; x_wconf 83' lang='grc' dir='ltr'>Χριστοῦ</span> <span class='ocrx_word' id='word_1_14' title='bbox 1442 277 1719 340; x_wconf 85' lang='grc' dir='ltr'>μυστήριον,</span> <span class='ocrx_word' id='word_1_15' title='bbox 1754 275 1896 325; x_wconf 83' lang='grc' dir='ltr'>αὐτοῦ</span> 
     </span>
    </p>

    <p class='ocr_par' dir='ltr' id='par_1_3' title="bbox 312 353 1897 419">
     <span class='ocr_line' id='line_1_3' title="bbox 312 353 1897 419; baseline 0.001 -15"><span class='ocrx_word' id='word_1_16' title='bbox 312 354 493 418; x_wconf 86' lang='grc' dir='ltr'>γε’νοιτο</span> <span class='ocrx_word' id='word_1_17' title='bbox 526 353 870 419; x_wconf 86' lang='grc' dir='ltr'>προσκυνητὴς,</span> <span class='ocrx_word' id='word_1_18' title='bbox 898 354 1032 409; x_wconf 77' lang='grc' dir='ltr'>οὗτος</span> <span class='ocrx_word' id='word_1_19' title='bbox 1066 355 1201 406; x_wconf 77' lang='grc' dir='ltr'>ἔσται</span> <span class='ocrx_word' id='word_1_20' title='bbox 1236 359 1311 407; x_wconf 80' lang='grc' dir='ltr'>καὶ</span> <span class='ocrx_word' id='word_1_21' title='bbox 1348 359 1406 411; x_wconf 73' lang='grc' dir='ltr'>ὡς</span> <span class='ocrx_word' id='word_1_22' title='bbox 1442 355 1558 411; x_wconf 79' lang='grc' dir='ltr'>οἶκος</span> <span class='ocrx_word' id='word_1_23' title='bbox 1585 357 1696 407; x_wconf 77' lang='grc' dir='ltr'>Θεσῧ</span> <span class='ocrx_word' id='word_1_24' title='bbox 1732 356 1807 405; x_wconf 81' lang='grc' dir='ltr'>καὶ</span> <span class='ocrx_word' id='word_1_25' title='bbox 1839 358 1897 410; x_wconf 77' lang='grc' dir='ltr'>ὡς</span> 
     </span>
    </p>

    <p class='ocr_par' dir='ltr' id='par_1_4' title="bbox 313 434 1897 503">
     <span class='ocr_line' id='line_1_4' title="bbox 313 434 1897 503; baseline 0.002 -19"><span class='ocrx_word' id='word_1_26' title='bbox 313 434 519 500; x_wconf 71' lang='grc' dir='ltr'>ἅγγελος</span> <span class='ocrx_word' id='word_1_27' title='bbox 541 437 689 503; x_wconf 71' lang='grc' dir='ltr'>Κυρίου</span> <span class='ocrx_word' id='word_1_28' title='bbox 715 437 885 488; x_wconf 71' lang='grc' dir='ltr'>ἐνώπιον</span> <span class='ocrx_word' id='word_1_29' title='bbox 912 436 1062 489; x_wconf 74' lang='grc' dir='ltr'>αὐτῶν.</span> <span class='ocrx_word' id='word_1_30' title='bbox 1106 437 1315 489; x_wconf 89' lang='grc' dir='ltr'>τοιοῦτόν</span> <span class='ocrx_word' id='word_1_31' title='bbox 1341 461 1385 489; x_wconf 86' lang='grc' dir='ltr'>τι</span> <span class='ocrx_word' id='word_1_32' title='bbox 1412 439 1487 488; x_wconf 84' lang='grc' dir='ltr'>καὶ</span> <span class='ocrx_word' id='word_1_33' title='bbox 1513 436 1649 490; x_wconf 79' lang='grc' dir='ltr'>αὐτὸς</span> <span class='ocrx_word' id='word_1_34' title='bbox 1677 437 1703 487; x_wconf 86' lang='grc' dir='ltr'>ὁ</span> <span class='ocrx_word' id='word_1_35' title='bbox 1730 435 1897 502; x_wconf 84' lang='grc' dir='ltr'>Σωτὴρ</span> 
     </span>
    </p>

    <p class='ocr_par' dir='ltr' id='par_1_5' title="bbox 88 515 1898 596">
     <span class='ocr_line' id='line_1_5' title="bbox 88 515 1898 596; baseline 0.004 -32"><span class='ocrx_word' id='word_1_36' title='bbox 88 520 251 596; x_wconf 47' lang='grc' dir='ltr'>ἓέἓῖἶῒξῧ·</span> <span class='ocrx_word' id='word_1_37' title='bbox 312 515 573 581; x_wconf 81' lang='grc' dir='ltr'>εὑρίσκεται</span> <span class='ocrx_word' id='word_1_38' title='bbox 601 516 772 583; x_wconf 83' lang='grc' dir='ltr'>λέγων·</span> <span class='ocrx_word' id='word_1_39' title='bbox 813 517 904 584; x_wconf 76' lang='grc' dir='ltr'>ἔφη</span> <span class='ocrx_word' id='word_1_40' title='bbox 931 517 1025 584; x_wconf 82' lang='grc' dir='ltr'>γὰρ</span> <span class='ocrx_word' id='word_1_41' title='bbox 1050 518 1120 570; x_wconf 78' lang='grc' dir='ltr'>ὅτι</span> <span class='ocrx_word' id='word_1_42' title='bbox 1147 526 1174 549; x_wconf 83' lang='grc'><strong>“</strong></span> <span class='ocrx_word' id='word_1_43' title='bbox 1193 519 1288 570; x_wconf 81' lang='grc' dir='ltr'>Διὰ</span> <span class='ocrx_word' id='word_1_44' title='bbox 1318 525 1456 570; x_wconf 86' lang='grc' dir='ltr'>τοῦτο</span> <span class='ocrx_word' id='word_1_45' title='bbox 1481 523 1574 573; x_wconf 83' lang='grc' dir='ltr'>πᾶς</span> <span class='ocrx_word' id='word_1_46' title='bbox 1597 517 1898 585; x_wconf 74' lang='grc' dir='ltr'>γραμματεὺς</span> 
     </span>
    </p>

    <p class='ocr_par' dir='ltr' id='par_1_6' title="bbox 176 594 1940 991">
     <span class='ocr_line' id='line_1_6' title="bbox 176 594 1940 669; baseline 0.005 -23"><span class='ocrx_word' id='word_1_47' title='bbox 176 594 187 603; x_wconf 51' lang='lat'><strong>⁹</strong></span> <span class='ocrx_word' id='word_1_48' title='bbox 313 604 339 626; x_wconf 85' lang='lat'><strong>“</strong></span> <span class='ocrx_word' id='word_1_49' title='bbox 365 599 664 662; x_wconf 73' lang='grc' dir='ltr'>μαθητευθεὶς</span> <span class='ocrx_word' id='word_1_50' title='bbox 700 602 758 667; x_wconf 85' lang='grc' dir='ltr'>τῇ</span> <span class='ocrx_word' id='word_1_51' title='bbox 797 602 1025 669; x_wconf 77' lang='grc' dir='ltr'>βασιλείᾳ</span> <span class='ocrx_word' id='word_1_52' title='bbox 1063 605 1157 652; x_wconf 89' lang='grc' dir='ltr'>τῶν</span> <span class='ocrx_word' id='word_1_53' title='bbox 1197 602 1406 667; x_wconf 80' lang='grc' dir='ltr'>οὐρανῶν</span> <span class='ocrx_word' id='word_1_54' title='bbox 1444 601 1600 664; x_wconf 78' lang='grc' dir='ltr'>ὅμοιός</span> <span class='ocrx_word' id='word_1_55' title='bbox 1640 603 1771 652; x_wconf 84' lang='grc' dir='ltr'>ἐστιν</span> <span class='ocrx_word' id='word_1_56' title='bbox 1808 602 1890 651; x_wconf 84' lang='grc' dir='ltr'>ἀν·</span> <span class='ocrx_word' id='word_1_57' title='bbox 1918 617 1940 655; x_wconf 89' lang='grc'><em>5</em></span> 
     </span>
     <span class='ocr_line' id='line_1_7' title="bbox 310 679 1898 749; baseline 0.003 -20"><span class='ocrx_word' id='word_1_58' title='bbox 310 685 337 706; x_wconf 86' lang='grc'><strong>“</strong></span> <span class='ocrx_word' id='word_1_59' title='bbox 364 679 538 748; x_wconf 78' lang='grc' dir='ltr'>θρώπῳ</span> <span class='ocrx_word' id='word_1_60' title='bbox 590 681 915 749; x_wconf 75' lang='grc' dir='ltr'>οἰκοδεσπότῃ,</span> <span class='ocrx_word' id='word_1_61' title='bbox 964 681 1096 736; x_wconf 79' lang='grc' dir='ltr'>ὅστις</span> <span class='ocrx_word' id='word_1_62' title='bbox 1151 682 1374 744; x_wconf 83' lang='grc' dir='ltr'>ἐκβάλλει</span> <span class='ocrx_word' id='word_1_63' title='bbox 1422 683 1471 733; x_wconf 86' lang='grc' dir='ltr'>ἐκ</span> <span class='ocrx_word' id='word_1_64' title='bbox 1521 688 1604 734; x_wconf 88' lang='grc' dir='ltr'>τοῦ</span> <span class='ocrx_word' id='word_1_65' title='bbox 1655 686 1898 748; x_wconf 87' lang='grc' dir='ltr'>θησαυροῦ</span> 
     </span>
     <span class='ocr_line' id='line_1_8' title="bbox 309 760 1893 832; baseline 0.004 -23"><span class='ocrx_word' id='word_1_66' title='bbox 309 767 335 788; x_wconf 81' lang='grc'>“</span> <span class='ocrx_word' id='word_1_67' title='bbox 363 761 504 811; x_wconf 81' lang='grc' dir='ltr'>αὑτοῦ</span> <span class='ocrx_word' id='word_1_68' title='bbox 545 760 680 812; x_wconf 78' lang='grc' dir='ltr'>καινὰ</span> <span class='ocrx_word' id='word_1_69' title='bbox 722 765 797 813; x_wconf 79' lang='grc' dir='ltr'>καὶ</span> <span class='ocrx_word' id='word_1_70' title='bbox 839 764 1069 814; x_wconf 89' lang='grc' dir='ltr'>παλαιά.”</span> <span class='ocrx_word' id='word_1_71' title='bbox 1123 766 1147 814; x_wconf 87' lang='grc' dir='ltr'>ὁ</span> <span class='ocrx_word' id='word_1_72' title='bbox 1193 763 1287 831; x_wconf 79' lang='grc' dir='ltr'>γὰρ</span> <span class='ocrx_word' id='word_1_73' title='bbox 1325 765 1446 832; x_wconf 77' lang='grc' dir='ltr'>ἔχων</span> <span class='ocrx_word' id='word_1_74' title='bbox 1483 765 1572 829; x_wconf 75' lang='grc' dir='ltr'>ἤδη</span> <span class='ocrx_word' id='word_1_75' title='bbox 1611 768 1893 830; x_wconf 89' lang='grc' dir='ltr'>τεθησαυρι-</span> 
     </span>
     <span class='ocr_line' id='line_1_9' title="bbox 306 842 1897 913; baseline 0.004 -22"><span class='ocrx_word' id='word_1_76' title='bbox 306 842 486 907; x_wconf 77' lang='grc' dir='ltr'>σμένην</span> <span class='ocrx_word' id='word_1_77' title='bbox 520 843 568 894; x_wconf 82' lang='grc' dir='ltr'>ἐν</span> <span class='ocrx_word' id='word_1_78' title='bbox 598 845 745 913; x_wconf 73' lang='grc' dir='ltr'>ἑαυτῷ</span> <span class='ocrx_word' id='word_1_79' title='bbox 781 844 866 909; x_wconf 87' lang='grc' dir='ltr'>τὴν</span> <span class='ocrx_word' id='word_1_80' title='bbox 898 851 981 896; x_wconf 87' lang='grc' dir='ltr'>τοῦ</span> <span class='ocrx_word' id='word_1_81' title='bbox 1017 844 1162 909; x_wconf 88' lang='grc' dir='ltr'>νόμου</span> <span class='ocrx_word' id='word_1_82' title='bbox 1198 851 1392 911; x_wconf 86' lang='grc' dir='ltr'>γνῶσιν,</span> <span class='ocrx_word' id='word_1_83' title='bbox 1425 850 1461 898; x_wconf 78' lang='grc' dir='ltr'>εἰ</span> <span class='ocrx_word' id='word_1_84' title='bbox 1497 845 1775 913; x_wconf 78' lang='grc' dir='ltr'>προσλάβοι</span> <span class='ocrx_word' id='word_1_85' title='bbox 1810 845 1897 910; x_wconf 86' lang='grc' dir='ltr'>τὴν</span> 
     </span>
     <span class='ocr_line' id='line_1_10' title="bbox 306 925 1896 991; baseline 0.003 -17"><span class='ocrx_word' id='word_1_86' title='bbox 306 925 629 991; x_wconf 81' lang='grc' dir='ltr'>εὐαγγελικὴν,</span> <span class='ocrx_word' id='word_1_87' title='bbox 681 927 914 981; x_wconf 82' lang='grc' dir='ltr'>πλούσιος</span> <span class='ocrx_word' id='word_1_88' title='bbox 964 927 1097 979; x_wconf 78' lang='grc' dir='ltr'>ἔσται</span> <span class='ocrx_word' id='word_1_89' title='bbox 1152 932 1212 982; x_wconf 81' lang='grc' dir='ltr'>εἰς</span> <span class='ocrx_word' id='word_1_90' title='bbox 1265 929 1476 991; x_wconf 75' lang='grc' dir='ltr'>συνέσιν,</span> <span class='ocrx_word' id='word_1_91' title='bbox 1527 928 1663 979; x_wconf 90' lang='grc' dir='ltr'>καινά</span> <span class='ocrx_word' id='word_1_92' title='bbox 1721 951 1770 979; x_wconf 85' lang='grc' dir='ltr'>τε</span> <span class='ocrx_word' id='word_1_93' title='bbox 1820 931 1896 979; x_wconf 79' lang='grc' dir='ltr'>καὶ</span> 
     </span>
    </p>

    <p class='ocr_par' dir='ltr' id='par_1_7' title="bbox 269 1006 1968 1404">
     <span class='ocr_line' id='line_1_11' title="bbox 269 1006 1968 1079; baseline 0.002 -23"><span class='ocrx_word' id='word_1_94' title='bbox 269 1006 489 1057; x_wconf 72' lang='grc' dir='ltr'>επαλαιά</span> <span class='ocrx_word' id='word_1_95' title='bbox 524 1007 816 1075; x_wconf 82' lang='grc' dir='ltr'>θεωρήματα,</span> <span class='ocrx_word' id='word_1_96' title='bbox 844 1009 1055 1076; x_wconf 90' lang='grc' dir='ltr'>καθάπερ</span> <span class='ocrx_word' id='word_1_97' title='bbox 1090 1010 1147 1079; x_wconf 76' lang='grc' dir='ltr'>ἐξ</span> <span class='ocrx_word' id='word_1_98' title='bbox 1179 1013 1444 1074; x_wconf 82' lang='grc' dir='ltr'>ἀποθηκῶν,</span> <span class='ocrx_word' id='word_1_99' title='bbox 1473 1015 1567 1064; x_wconf 80' lang='grc' dir='ltr'>τοῖς</span> <span class='ocrx_word' id='word_1_100' title='bbox 1603 1009 1896 1078; x_wconf 79' lang='grc' dir='ltr'>φιλομαθέσι</span> <span class='ocrx_word' id='word_1_101' title='bbox 1920 1031 1968 1056; x_wconf 90' lang='lat'>10</span> 
     </span>
     <span class='ocr_line' id='line_1_12' title="bbox 303 1089 1897 1155; baseline 0.003 -17"><span class='ocrx_word' id='word_1_102' title='bbox 303 1089 590 1154; x_wconf 88' lang='grc' dir='ltr'>παρατιθείς·</span> <span class='ocrx_word' id='word_1_103' title='bbox 651 1090 809 1145; x_wconf 78' lang='grc' dir='ltr'>ὁποῖός</span> <span class='ocrx_word' id='word_1_104' title='bbox 848 1115 916 1146; x_wconf 85' lang='grc' dir='ltr'>τις</span> <span class='ocrx_word' id='word_1_105' title='bbox 955 1090 1012 1155; x_wconf 79' lang='grc' dir='ltr'>ἦν</span> <span class='ocrx_word' id='word_1_106' title='bbox 1052 1094 1077 1143; x_wconf 85' lang='grc' dir='ltr'><em>ὁ</em></span> <span class='ocrx_word' id='word_1_107' title='bbox 1116 1093 1371 1146; x_wconf 80' lang='grc' dir='ltr'>θεσπέσιος</span> <span class='ocrx_word' id='word_1_108' title='bbox 1413 1097 1622 1154; x_wconf 79' lang='grc' dir='ltr'>Παῦλος,</span> <span class='ocrx_word' id='word_1_109' title='bbox 1660 1091 1772 1143; x_wconf 79' lang='grc' dir='ltr'>ποτὲ</span> <span class='ocrx_word' id='word_1_110' title='bbox 1810 1091 1897 1155; x_wconf 77' lang='grc' dir='ltr'>μὲν</span> 
     </span>
     <span class='ocr_line' id='line_1_13' title="bbox 304 1173 1896 1244; baseline 0.003 -25"><span class='ocrx_word' id='word_1_111' title='bbox 304 1175 511 1233; x_wconf 86' lang='grc' dir='ltr'>νομικαΐς</span> <span class='ocrx_word' id='word_1_112' title='bbox 557 1173 829 1241; x_wconf 78' lang='grc' dir='ltr'>ἀποδείξεσι</span> <span class='ocrx_word' id='word_1_113' title='bbox 875 1174 957 1224; x_wconf 82' lang='grc' dir='ltr'>τὸν</span> <span class='ocrx_word' id='word_1_114' title='bbox 996 1176 1070 1225; x_wconf 84' lang='grc' dir='ltr'>ἐπὶ</span> <span class='ocrx_word' id='word_1_115' title='bbox 1108 1178 1310 1244; x_wconf 74' lang='grc' dir='ltr'>Χριστῷ</span> <span class='ocrx_word' id='word_1_116' title='bbox 1348 1173 1497 1240; x_wconf 93' lang='grc' dir='ltr'>λόγον</span> <span class='ocrx_word' id='word_1_117' title='bbox 1531 1176 1761 1237; x_wconf 84' lang='grc' dir='ltr'>ἐμπεδοῦν</span> <span class='ocrx_word' id='word_1_118' title='bbox 1798 1175 1896 1224; x_wconf 85' lang='grc' dir='ltr'>ε’πι-</span> 
     </span>
     <span class='ocr_line' id='line_1_14' title="bbox 302 1253 1894 1322; baseline 0.003 -20"><span class='ocrx_word' id='word_1_119' title='bbox 302 1257 485 1319; x_wconf 81' lang='grc' dir='ltr'>χειρῶν·</span> <span class='ocrx_word' id='word_1_120' title='bbox 540 1253 655 1305; x_wconf 79' lang='grc' dir='ltr'>ποτὲ</span> <span class='ocrx_word' id='word_1_121' title='bbox 694 1254 743 1305; x_wconf 76' lang='grc' dir='ltr'>δὲ</span> <span class='ocrx_word' id='word_1_122' title='bbox 782 1258 857 1305; x_wconf 76' lang='grc' dir='ltr'>καὶ</span> <span class='ocrx_word' id='word_1_123' title='bbox 896 1261 997 1310; x_wconf 79' lang='grc' dir='ltr'>ταῖς</span> <span class='ocrx_word' id='word_1_124' title='bbox 1036 1256 1150 1322; x_wconf 73' lang='grc' dir='ltr'>ὑπὲρ</span> <span class='ocrx_word' id='word_1_125' title='bbox 1190 1256 1332 1318; x_wconf 89' lang='grc' dir='ltr'>νόμον</span> <span class='ocrx_word' id='word_1_126' title='bbox 1365 1257 1721 1322; x_wconf 87' lang='grc' dir='ltr'>μυσταγωγιάις</span> <span class='ocrx_word' id='word_1_127' title='bbox 1757 1278 1894 1307; x_wconf 86' lang='grc' dir='ltr'>συνε-</span> 
     </span>
     <span class='ocr_line' id='line_1_15' title="bbox 302 1334 1894 1404; baseline 0.003 -20"><span class='ocrx_word' id='word_1_128' title='bbox 302 1334 491 1384; x_wconf 84' lang='grc' dir='ltr'>λαύνων</span> <span class='ocrx_word' id='word_1_129' title='bbox 529 1337 706 1401; x_wconf 88' lang='grc' dir='ltr'>τρόπον</span> <span class='ocrx_word' id='word_1_130' title='bbox 745 1336 850 1387; x_wconf 79' lang='grc' dir='ltr'>τινὰ</span> <span class='ocrx_word' id='word_1_131' title='bbox 889 1337 998 1392; x_wconf 72' lang='grc' dir='ltr'>τοὺς</span> <span class='ocrx_word' id='word_1_132' title='bbox 1037 1338 1358 1404; x_wconf 80' lang='grc' dir='ltr'>ἀκροωμένους</span> <span class='ocrx_word' id='word_1_133' title='bbox 1403 1339 1465 1392; x_wconf 86' lang='grc' dir='ltr'>ε’ίς</span> <span class='ocrx_word' id='word_1_134' title='bbox 1509 1360 1559 1404; x_wconf 91' lang='grc' dir='ltr'>γε</span> <span class='ocrx_word' id='word_1_135' title='bbox 1604 1337 1658 1388; x_wconf 82' lang='grc' dir='ltr'>τὸ</span> <span class='ocrx_word' id='word_1_136' title='bbox 1699 1337 1894 1389; x_wconf 75' lang='grc' dir='ltr'>ἑλέσθαι</span> 
     </span>
    </p>
   </div>
   <div class='ocr_carea' id='block_1_3' title="bbox 302 1417 1964 1486">
    <p class='ocr_par' dir='ltr' id='par_1_8' title="bbox 302 1417 1964 1486">
     <span class='ocr_line' id='line_1_16' title="bbox 302 1417 1964 1486; baseline 0.002 -21"><span class='ocrx_word' id='word_1_137' title='bbox 302 1417 397 1466; x_wconf 80' lang='grc' dir='ltr'>δεῖν</span> <span class='ocrx_word' id='word_1_138' title='bbox 435 1419 494 1484; x_wconf 80' lang='grc' dir='ltr'>τῇ</span> <span class='ocrx_word' id='word_1_139' title='bbox 533 1419 594 1470; x_wconf 80' lang='grc' dir='ltr'>εἷς</span> <span class='ocrx_word' id='word_1_140' title='bbox 635 1417 775 1468; x_wconf 79' lang='grc' dir='ltr'>αὑτὸν</span> <span class='ocrx_word' id='word_1_141' title='bbox 812 1420 971 1469; x_wconf 86' lang='grc' dir='ltr'>πίστει</span> <span class='ocrx_word' id='word_1_142' title='bbox 1011 1420 1467 1483; x_wconf 84' lang='grc' dir='ltr'>κατασεμνύνεσθαι.</span> <span class='ocrx_word' id='word_1_143' title='bbox 1526 1419 1640 1470; x_wconf 77' lang='grc' dir='ltr'>ποτὲ</span> <span class='ocrx_word' id='word_1_144' title='bbox 1678 1419 1762 1482; x_wconf 75' lang='grc' dir='ltr'>μὲν</span> <span class='ocrx_word' id='word_1_145' title='bbox 1800 1419 1892 1486; x_wconf 79' lang='grc' dir='ltr'>γὰρ</span> <span class='ocrx_word' id='word_1_146' title='bbox 1917 1441 1964 1478; x_wconf 90' lang='lat'>15</span> 
     </span>
    </p>
   </div>
   <div class='ocr_carea' id='block_1_4' title="bbox 80 1496 217 1570">
    <p class='ocr_par' dir='ltr' id='par_1_9' title="bbox 80 1496 217 1569">
     <span class='ocr_line' id='line_1_17' title="bbox 80 1496 217 1527; baseline 0.008 -2"><span class='ocrx_word' id='word_1_147' title='bbox 80 1496 154 1526; x_wconf 81' lang='lat' dir='ltr'>Gal</span> <span class='ocrx_word' id='word_1_148' title='bbox 174 1497 217 1527; x_wconf 79' lang='lat' dir='ltr'>iv.</span> 
     </span>
     <span class='ocr_line' id='line_1_18' title="bbox 83 1539 198 1570; baseline 0.01 -2.01"><span class='ocrx_word' id='word_1_149' title='bbox 83 1539 198 1570; x_wconf 88' lang='lat'><strong>21-26.</strong></span> 
     </span>
    </p>
   </div>
   <div class='ocr_carea' id='block_1_5' title="bbox 79 1581 1891 1650">
    <p class='ocr_par' dir='ltr' id='par_1_10' title="bbox 79 1581 1891 1650">
     <span class='ocr_line' id='line_1_19' title="bbox 79 1581 1891 1650; baseline 0.002 -20"><span class='ocrx_word' id='word_1_150' title='bbox 79 1595 227 1630; x_wconf 86' lang='lat' dir='ltr'>782A</span> <span class='ocrx_word' id='word_1_151' title='bbox 263 1587 315 1630; x_wconf 82' lang='lat' dir='ltr'>a‘</span> <span class='ocrx_word' id='word_1_152' title='bbox 319 1581 440 1631; x_wconf 68' lang='grc' dir='ltr'>ίουκ</span> <span class='ocrx_word' id='word_1_153' title='bbox 467 1582 682 1642; x_wconf 79' lang='grc' dir='ltr'>ἀκούετες</span> <span class='ocrx_word' id='word_1_154' title='bbox 724 1604 988 1648; x_wconf 88' lang='grc' dir='ltr'>γεγραπται</span> <span class='ocrx_word' id='word_1_155' title='bbox 1012 1582 1104 1649; x_wconf 77' lang='grc' dir='ltr'>γὰρ</span> <span class='ocrx_word' id='word_1_156' title='bbox 1133 1607 1202 1634; x_wconf 88' lang='grc' dir='ltr'>οτι</span> <span class='ocrx_word' id='word_1_157' title='bbox 1226 1582 1453 1650; x_wconf 86' lang='grc' dir='ltr'>Αβρααμ</span> <span class='ocrx_word' id='word_1_158' title='bbox 1480 1583 1561 1634; x_wconf 88' lang='grc' dir='ltr'>δυο</span> <span class='ocrx_word' id='word_1_159' title='bbox 1589 1581 1710 1636; x_wconf 78' lang='grc' dir='ltr'>υἱους</span> <span class='ocrx_word' id='word_1_160' title='bbox 1736 1583 1891 1650; x_wconf 80' lang='grc' dir='ltr'>ε’σχεν,</span> 
     </span>
    </p>
   </div>
   <div class='ocr_carea' id='block_1_6' title="bbox 302 1498 1893 1565">
    <p class='ocr_par' dir='ltr' id='par_1_11' title="bbox 302 1498 1893 1565">
     <span class='ocr_line' id='line_1_20' title="bbox 302 1498 1893 1565; baseline 0.003 -17"><span class='ocrx_word' id='word_1_161' title='bbox 302 1498 483 1565; x_wconf 77' lang='grc' dir='ltr'>ε’φασκε</span> <span class='ocrx_word' id='word_1_162' title='bbox 511 1506 538 1528; x_wconf 84' lang='grc'><strong>“</strong></span> <span class='ocrx_word' id='word_1_163' title='bbox 558 1499 735 1564; x_wconf 73' lang='grc' dir='ltr'>Λέγετέ</span> <span class='ocrx_word' id='word_1_164' title='bbox 753 1523 847 1562; x_wconf 84' lang='grc' dir='ltr'>μοι,</span> <span class='ocrx_word' id='word_1_165' title='bbox 876 1504 917 1550; x_wconf 81' lang='grc' dir='ltr'>οἱ</span> <span class='ocrx_word' id='word_1_166' title='bbox 954 1501 1043 1551; x_wconf 85' lang='grc' dir='ltr'>ὑπὸ</span> <span class='ocrx_word' id='word_1_167' title='bbox 1080 1501 1222 1564; x_wconf 91' lang='grc' dir='ltr'>νόμον</span> <span class='ocrx_word' id='word_1_168' title='bbox 1249 1502 1465 1555; x_wconf 76' lang='grc' dir='ltr'>θέλοντες</span> <span class='ocrx_word' id='word_1_169' title='bbox 1490 1499 1617 1565; x_wconf 77' lang='grc' dir='ltr'>εἶναι,</span> <span class='ocrx_word' id='word_1_170' title='bbox 1641 1500 1723 1552; x_wconf 83' lang='grc' dir='ltr'>τὸν</span> <span class='ocrx_word' id='word_1_171' title='bbox 1749 1500 1893 1565; x_wconf 88' lang='grc' dir='ltr'>νόμον</span> 
     </span>
    </p>
   </div>
   <div class='ocr_carea' id='block_1_7' title="bbox 298 1663 1962 2471">
    <p class='ocr_par' dir='ltr' id='par_1_12' title="bbox 298 1663 1962 2471">
     <span class='ocr_line' id='line_1_21' title="bbox 318 1663 1893 1731; baseline 0.002 -19.074"><span class='ocrx_word' id='word_1_172' title='bbox 318 1663 435 1712; x_wconf 69' lang='grc' dir='ltr'>6ἕνα</span> <span class='ocrx_word' id='word_1_173' title='bbox 462 1664 511 1713; x_wconf 88' lang='grc' dir='ltr'>ἐκ</span> <span class='ocrx_word' id='word_1_174' title='bbox 537 1665 620 1727; x_wconf 86' lang='grc' dir='ltr'>τῆς</span> <span class='ocrx_word' id='word_1_175' title='bbox 646 1665 898 1727; x_wconf 84' lang='grc' dir='ltr'>παιδίσκης</span> <span class='ocrx_word' id='word_1_176' title='bbox 925 1667 1001 1715; x_wconf 83' lang='grc' dir='ltr'>καὶ</span> <span class='ocrx_word' id='word_1_177' title='bbox 1029 1665 1109 1715; x_wconf 82' lang='grc' dir='ltr'>ε’να</span> <span class='ocrx_word' id='word_1_178' title='bbox 1136 1667 1185 1715; x_wconf 85' lang='grc' dir='ltr'>ἐκ</span> <span class='ocrx_word' id='word_1_179' title='bbox 1211 1688 1293 1729; x_wconf 89' lang='grc' dir='ltr'>της</span> <span class='ocrx_word' id='word_1_180' title='bbox 1320 1666 1575 1731; x_wconf 74' lang='grc' dir='ltr'>ἐλευθέρας.</span> <span class='ocrx_word' id='word_1_181' title='bbox 1616 1665 1728 1716; x_wconf 85' lang='grc' dir='ltr'>ἀλλ’</span> <span class='ocrx_word' id='word_1_182' title='bbox 1757 1666 1781 1714; x_wconf 85' lang='grc' dir='ltr'>ὁ</span> <span class='ocrx_word' id='word_1_183' title='bbox 1807 1688 1893 1727; x_wconf 92' lang='grc' dir='ltr'>μεν</span> 
     </span>
     <span class='ocr_line' id='line_1_22' title="bbox 303 1746 1892 1813; baseline 0.003 -19"><span class='ocrx_word' id='word_1_184' title='bbox 303 1751 329 1774; x_wconf 87' lang='grc'><strong>“</strong></span> <span class='ocrx_word' id='word_1_185' title='bbox 353 1746 402 1795; x_wconf 84' lang='grc' dir='ltr'>ἐκ</span> <span class='ocrx_word' id='word_1_186' title='bbox 447 1748 530 1808; x_wconf 80' lang='grc' dir='ltr'>τῆς</span> <span class='ocrx_word' id='word_1_187' title='bbox 571 1747 824 1810; x_wconf 84' lang='grc' dir='ltr'>παιδίσκης</span> <span class='ocrx_word' id='word_1_188' title='bbox 871 1746 989 1797; x_wconf 78' lang='grc' dir='ltr'>κατὰ</span> <span class='ocrx_word' id='word_1_189' title='bbox 1034 1746 1192 1813; x_wconf 82' lang='grc' dir='ltr'>σάρκα</span> <span class='ocrx_word' id='word_1_190' title='bbox 1231 1747 1514 1813; x_wconf 76' lang='grc' dir='ltr'>γεγέννηται,</span> <span class='ocrx_word' id='word_1_191' title='bbox 1555 1747 1579 1797; x_wconf 86' lang='grc' dir='ltr'>ὁ</span> <span class='ocrx_word' id='word_1_192' title='bbox 1624 1746 1672 1797; x_wconf 76' lang='grc' dir='ltr'>δὲ</span> <span class='ocrx_word' id='word_1_193' title='bbox 1716 1748 1766 1797; x_wconf 85' lang='grc' dir='ltr'>ἐκ</span> <span class='ocrx_word' id='word_1_194' title='bbox 1809 1749 1892 1810; x_wconf 84' lang='grc' dir='ltr'>τῆς</span> 
     </span>
     <span class='ocr_line' id='line_1_23' title="bbox 300 1827 1962 1895; baseline 0.001 -18"><span class='ocrx_word' id='word_1_195' title='bbox 300 1833 328 1855; x_wconf 86' lang='grc'><strong>“</strong></span> <span class='ocrx_word' id='word_1_196' title='bbox 354 1827 598 1892; x_wconf 73' lang='grc' dir='ltr'>ἐλευθέρας</span> <span class='ocrx_word' id='word_1_197' title='bbox 649 1828 703 1878; x_wconf 89' lang='grc' dir='ltr'>δι’</span> <span class='ocrx_word' id='word_1_198' title='bbox 751 1829 1051 1894; x_wconf 81' lang='grc' dir='ltr'>ἐπαγγελίας·</span> <span class='ocrx_word' id='word_1_199' title='bbox 1118 1827 1251 1879; x_wconf 81' lang='grc' dir='ltr'>ἅτινά</span> <span class='ocrx_word' id='word_1_200' title='bbox 1301 1831 1431 1880; x_wconf 88' lang='grc' dir='ltr'>ἐστιν</span> <span class='ocrx_word' id='word_1_201' title='bbox 1476 1829 1886 1895; x_wconf 83' lang='grc' dir='ltr'>ἀλληγορούμενα·</span> <span class='ocrx_word' id='word_1_202' title='bbox 1912 1848 1962 1874; x_wconf 91' lang='lat'>20</span> 
     </span>
     <span class='ocr_line' id='line_1_24' title="bbox 301 1909 1891 1976; baseline 0.003 -17"><span class='ocrx_word' id='word_1_203' title='bbox 301 1915 326 1937; x_wconf 71' lang='lat'>‘⁶</span> <span class='ocrx_word' id='word_1_204' title='bbox 354 1909 489 1960; x_wconf 81' lang='grc' dir='ltr'>αῦται</span> <span class='ocrx_word' id='word_1_205' title='bbox 528 1909 621 1976; x_wconf 87' lang='grc' dir='ltr'>γάρ</span> <span class='ocrx_word' id='word_1_206' title='bbox 657 1914 749 1961; x_wconf 83' lang='grc' dir='ltr'>εἶσι</span> <span class='ocrx_word' id='word_1_207' title='bbox 785 1910 867 1961; x_wconf 85' lang='grc' dir='ltr'>δύο</span> <span class='ocrx_word' id='word_1_208' title='bbox 902 1913 1131 1974; x_wconf 81' lang='grc' dir='ltr'>διαθῆκαι,</span> <span class='ocrx_word' id='word_1_209' title='bbox 1157 1910 1240 1973; x_wconf 88' lang='grc' dir='ltr'>μία</span> <span class='ocrx_word' id='word_1_210' title='bbox 1275 1910 1359 1973; x_wconf 76' lang='grc' dir='ltr'>μὲν</span> <span class='ocrx_word' id='word_1_211' title='bbox 1385 1910 1478 1962; x_wconf 83' lang='grc' dir='ltr'>ἀπὸ</span> <span class='ocrx_word' id='word_1_212' title='bbox 1511 1910 1646 1976; x_wconf 81' lang='grc' dir='ltr'>ὅρους</span> <span class='ocrx_word' id='word_1_213' title='bbox 1673 1914 1803 1973; x_wconf 60' lang='lat' dir='ltr'><strong><em>Sami,</em></strong></span> <span class='ocrx_word' id='word_1_214' title='bbox 1829 1914 1891 1964; x_wconf 81' lang='grc' dir='ltr'>εἷς</span> 
     </span>
     <span class='ocr_line' id='line_1_25' title="bbox 299 1991 1891 2059; baseline 0.003 -18"><span class='ocrx_word' id='word_1_215' title='bbox 299 1997 328 2019; x_wconf 80' lang='grc'><strong>“</strong></span> <span class='ocrx_word' id='word_1_216' title='bbox 352 1991 569 2042; x_wconf 86' lang='grc' dir='ltr'>δουλείαν</span> <span class='ocrx_word' id='word_1_217' title='bbox 608 1997 841 2057; x_wconf 83' lang='grc' dir='ltr'>γεννῶσα,</span> <span class='ocrx_word' id='word_1_218' title='bbox 869 1993 967 2056; x_wconf 81' lang='grc' dir='ltr'>ἥτις</span> <span class='ocrx_word' id='word_1_219' title='bbox 1005 1995 1135 2043; x_wconf 74' lang='grc' dir='ltr'>ἐστὶν</span> <span class='ocrx_word' id='word_1_220' title='bbox 1167 1991 1347 2059; x_wconf 79' lang='grc' dir='ltr'>”Αγαρ·</span> <span class='ocrx_word' id='word_1_221' title='bbox 1397 1993 1451 2043; x_wconf 82' lang='grc' dir='ltr'>τὸ</span> <span class='ocrx_word' id='word_1_222' title='bbox 1492 1991 1586 2058; x_wconf 77' lang='grc' dir='ltr'>γὰρ</span> <span class='ocrx_word' id='word_1_223' title='bbox 1622 1996 1752 2055; x_wconf 80' lang='grc' dir='ltr'>Σινᾶ,</span> <span class='ocrx_word' id='word_1_224' title='bbox 1783 1992 1891 2058; x_wconf 82' lang='grc' dir='ltr'>ὅρος</span> 
     </span>
     <span class='ocr_line' id='line_1_26' title="bbox 299 2074 1887 2143; baseline 0.001 -20"><span class='ocrx_word' id='word_1_225' title='bbox 299 2079 326 2102; x_wconf 83' lang='grc'><strong>“</strong></span> <span class='ocrx_word' id='word_1_226' title='bbox 353 2074 484 2124; x_wconf 75' lang='grc' dir='ltr'>ἐστὶν</span> <span class='ocrx_word' id='word_1_227' title='bbox 522 2075 570 2124; x_wconf 84' lang='grc' dir='ltr'>ἐν</span> <span class='ocrx_word' id='word_1_228' title='bbox 608 2079 666 2142; x_wconf 84' lang='grc' dir='ltr'>τῇ</span> <span class='ocrx_word' id='word_1_229' title='bbox 704 2075 923 2143; x_wconf 78' lang='grc' dir='ltr'>Ἀραβίᾳ,</span> <span class='ocrx_word' id='word_1_230' title='bbox 961 2079 1214 2142; x_wconf 83' lang='grc' dir='ltr'>συστοιχεῖ</span> <span class='ocrx_word' id='word_1_231' title='bbox 1248 2074 1296 2125; x_wconf 77' lang='grc' dir='ltr'>δὲ</span> <span class='ocrx_word' id='word_1_232' title='bbox 1336 2078 1392 2142; x_wconf 85' lang='grc' dir='ltr'>τῇ</span> <span class='ocrx_word' id='word_1_233' title='bbox 1432 2080 1513 2125; x_wconf 87' lang='grc' dir='ltr'>νῦν</span> <span class='ocrx_word' id='word_1_234' title='bbox 1550 2075 1887 2139; x_wconf 83' lang='grc' dir='ltr'>Ἰερουσαλὴμ,</span> 
     </span>
     <span class='ocr_line' id='line_1_27' title="bbox 299 2154 1889 2223; baseline 0.001 -18"><span class='ocrx_word' id='word_1_235' title='bbox 299 2161 326 2184; x_wconf 86' lang='grc'><strong>“</strong></span> <span class='ocrx_word' id='word_1_236' title='bbox 353 2154 561 2206; x_wconf 78' lang='grc' dir='ltr'>δουλεύει</span> <span class='ocrx_word' id='word_1_237' title='bbox 600 2156 693 2223; x_wconf 82' lang='grc' dir='ltr'>γὰρ</span> <span class='ocrx_word' id='word_1_238' title='bbox 733 2155 849 2218; x_wconf 80' lang='grc' dir='ltr'>μετὰ</span> <span class='ocrx_word' id='word_1_239' title='bbox 888 2161 982 2206; x_wconf 90' lang='grc' dir='ltr'>τῶν</span> <span class='ocrx_word' id='word_1_240' title='bbox 1013 2156 1186 2207; x_wconf 77' lang='grc' dir='ltr'>τέκνων</span> <span class='ocrx_word' id='word_1_241' title='bbox 1221 2158 1379 2220; x_wconf 81' lang='grc' dir='ltr'>αὐτῆς.</span> <span class='ocrx_word' id='word_1_242' title='bbox 1443 2158 1470 2220; x_wconf 86' lang='grc' dir='ltr'>ἡ</span> <span class='ocrx_word' id='word_1_243' title='bbox 1510 2156 1557 2207; x_wconf 81' lang='grc' dir='ltr'>δὲ</span> <span class='ocrx_word' id='word_1_244' title='bbox 1598 2156 1694 2207; x_wconf 74' lang='grc' dir='ltr'>ἄνω</span> <span class='ocrx_word' id='word_1_245' title='bbox 1719 2158 1889 2222; x_wconf 81' lang='grc' dir='ltr'>Ἰερου-</span> 
     </span>
     <span class='ocr_line' id='line_1_28' title="bbox 300 2236 1958 2304; baseline 0 -17"><span class='ocrx_word' id='word_1_246' title='bbox 300 2243 327 2266; x_wconf 88' lang='grc'><strong>“</strong></span> <span class='ocrx_word' id='word_1_247' title='bbox 352 2236 521 2301; x_wconf 84' lang='grc' dir='ltr'>σαλὴμ</span> <span class='ocrx_word' id='word_1_248' title='bbox 559 2238 779 2304; x_wconf 76' lang='grc' dir='ltr'>ἐλευθέρα</span> <span class='ocrx_word' id='word_1_249' title='bbox 816 2239 960 2300; x_wconf 76' lang='grc' dir='ltr'>ἐστὶν,</span> <span class='ocrx_word' id='word_1_250' title='bbox 988 2238 1086 2302; x_wconf 81' lang='grc' dir='ltr'>ἥτις</span> <span class='ocrx_word' id='word_1_251' title='bbox 1123 2239 1224 2289; x_wconf 74' lang='grc' dir='ltr'>ἐστὶ</span> <span class='ocrx_word' id='word_1_252' title='bbox 1263 2238 1417 2304; x_wconf 81' lang='grc' dir='ltr'>μήτηρ</span> <span class='ocrx_word' id='word_1_253' title='bbox 1452 2240 1629 2303; x_wconf 79' lang='grc' dir='ltr'>ἡμῶν·”</span> <span class='ocrx_word' id='word_1_254' title='bbox 1687 2237 1801 2290; x_wconf 76' lang='grc' dir='ltr'>ποτὲ</span> <span class='ocrx_word' id='word_1_255' title='bbox 1841 2238 1888 2291; x_wconf 77' lang='grc' dir='ltr'>δὲ</span> <span class='ocrx_word' id='word_1_256' title='bbox 1910 2259 1958 2298; x_wconf 90' lang='lat'>25</span> 
     </span>
     <span class='ocr_line' id='line_1_29' title="bbox 752 2319 1888 2389; baseline 0.001 -19"><span class='ocrx_word' id='word_1_257' title='bbox 752 2324 824 2374; x_wconf 89' lang='grc' dir='ltr'>Ος</span> <span class='ocrx_word' id='word_1_258' title='bbox 850 2319 915 2370; x_wconf 81' lang='grc' dir='ltr'>ὧν</span> <span class='ocrx_word' id='word_1_259' title='bbox 941 2320 1238 2385; x_wconf 82' lang='grc' dir='ltr'>ἀπαύγασμα</span> <span class='ocrx_word' id='word_1_260' title='bbox 1265 2324 1347 2384; x_wconf 80' lang='grc' dir='ltr'>τῆς</span> <span class='ocrx_word' id='word_1_261' title='bbox 1375 2321 1515 2389; x_wconf 73' lang='grc' dir='ltr'>δόξης</span> <span class='ocrx_word' id='word_1_262' title='bbox 1541 2323 1615 2371; x_wconf 76' lang='grc' dir='ltr'>καὶ</span> <span class='ocrx_word' id='word_1_263' title='bbox 1647 2320 1888 2388; x_wconf 85' lang='grc' dir='ltr'>χαρακτὴρ</span> 
     </span>
     <span class='ocr_line' id='line_1_30' title="bbox 298 2400 1888 2471; baseline 0.003 -20"><span class='ocrx_word' id='word_1_264' title='bbox 298 2408 326 2430; x_wconf 87' lang='grc'>“</span> <span class='ocrx_word' id='word_1_265' title='bbox 351 2403 434 2463; x_wconf 85' lang='grc' dir='ltr'>τῆς</span> <span class='ocrx_word' id='word_1_266' title='bbox 463 2400 773 2456; x_wconf 82' lang='grc' dir='ltr'>ὑποστάσεως</span> <span class='ocrx_word' id='word_1_267' title='bbox 800 2403 955 2464; x_wconf 81' lang='grc' dir='ltr'>αὐτοῦ,</span> <span class='ocrx_word' id='word_1_268' title='bbox 984 2402 1141 2470; x_wconf 73' lang='grc' dir='ltr'>φέρων</span> <span class='ocrx_word' id='word_1_269' title='bbox 1168 2425 1215 2452; x_wconf 90' lang='grc' dir='ltr'>τε</span> <span class='ocrx_word' id='word_1_270' title='bbox 1244 2401 1300 2453; x_wconf 79' lang='grc' dir='ltr'>τὰ</span> <span class='ocrx_word' id='word_1_271' title='bbox 1327 2402 1484 2454; x_wconf 86' lang='grc' dir='ltr'>πάντα</span> <span class='ocrx_word' id='word_1_272' title='bbox 1509 2406 1575 2471; x_wconf 76' lang='grc' dir='ltr'>τῷ</span> <span class='ocrx_word' id='word_1_273' title='bbox 1606 2402 1778 2468; x_wconf 89' lang='grc' dir='ltr'>ῥήματι</span> <span class='ocrx_word' id='word_1_274' title='bbox 1804 2405 1888 2465; x_wconf 76' lang='grc' dir='ltr'>τῆς·</span> 
     </span>
    </p>
   </div>
   <div class='ocr_carea' id='block_1_8' title="bbox 75 2318 742 2385">
    <p class='ocr_par' dir='ltr' id='par_1_13' title="bbox 75 2318 742 2385">
     <span class='ocr_line' id='line_1_31' title="bbox 387 2318 742 2337; baseline 0.003 -1"><span class='ocrx_word' id='word_1_275' title='bbox 387 2321 400 2336; x_wconf 69' lang='lat' dir='ltr'>x</span> <span class='ocrx_word' id='word_1_276' title='bbox 491 2325 510 2333; x_wconf 61' lang='lat'>2-</span> <span class='ocrx_word' id='word_1_277' title='bbox 588 2323 597 2335; x_wconf 74' lang='lat' dir='ltr'>r</span> <span class='ocrx_word' id='word_1_278' title='bbox 635 2326 654 2334; x_wconf 57' lang='lat' dir='ltr'><strong>a</strong></span> <span class='ocrx_word' id='word_1_279' title='bbox 726 2318 742 2337; x_wconf 69' lang='grc' dir='ltr'><em>ὸ</em></span> 
     </span>
     <span class='ocr_line' id='line_1_32' title="bbox 75 2323 710 2385; baseline 0.002 -16"><span class='ocrx_word' id='word_1_280' title='bbox 75 2339 232 2380; x_wconf 73' lang='lat' dir='ltr'><strong>Heb.i.3.</strong></span> <span class='ocrx_word' id='word_1_281' title='bbox 252 2328 278 2369; x_wconf 90' lang='lat' dir='ltr'><strong>b</strong></span> <span class='ocrx_word' id='word_1_282' title='bbox 299 2341 401 2385; x_wconf 88' lang='grc' dir='ltr'>περι</span> <span class='ocrx_word' id='word_1_283' title='bbox 428 2341 511 2370; x_wconf 90' lang='grc' dir='ltr'>του</span> <span class='ocrx_word' id='word_1_284' title='bbox 537 2323 655 2370; x_wconf 87' lang='grc' dir='ltr'>Υιου</span> <span class='ocrx_word' id='word_1_285' title='bbox 683 2327 710 2349; x_wconf 82' lang='grc'><strong>“</strong></span> 
     </span>
    </p>
   </div>
   <div class='ocr_carea' id='block_1_9' title="bbox 347 2595 1883 2648">
    <p class='ocr_par' dir='ltr' id='par_1_14' title="bbox 347 2595 1883 2648">
     <span class='ocr_line' id='line_1_33' title="bbox 347 2595 1883 2648; baseline 0.002 -20"><span class='ocrx_word' id='word_1_286' title='bbox 347 2606 376 2628; x_wconf 90' lang='grc' dir='ltr'>Ι.</span> <span class='ocrx_word' id='word_1_287' title='bbox 404 2595 605 2648; x_wconf 75' lang='grc' dir='ltr'>συνεις-αἰ</span> <span class='ocrx_word' id='word_1_288' title='bbox 608 2598 667 2630; x_wconf 86' lang='grc' dir='ltr'>τοῦ</span> <span class='ocrx_word' id='word_1_289' title='bbox 685 2595 816 2641; x_wconf 82' lang='grc' dir='ltr'>γένοιτο</span> <span class='ocrx_word' id='word_1_290' title='bbox 834 2597 1068 2641; x_wconf 81' lang='grc' dir='ltr'>προσκυνητὴς</span> <span class='ocrx_word' id='word_1_291' title='bbox 1081 2597 1121 2631; x_wconf 87' lang='lat' dir='ltr'>C.</span> <span class='ocrx_word' id='word_1_292' title='bbox 1140 2597 1187 2632; x_wconf 85' lang='grc' dir='ltr'>εἷς</span> <span class='ocrx_word' id='word_1_293' title='bbox 1205 2597 1481 2644; x_wconf 80' lang='grc' dir='ltr'>συνεσιν--αυτῲ</span> <span class='ocrx_word' id='word_1_294' title='bbox 1499 2612 1532 2642; x_wconf 93' lang='grc' dir='ltr'>γ.</span> <span class='ocrx_word' id='word_1_295' title='bbox 1544 2598 1775 2641; x_wconf 76' lang='grc' dir='ltr'>προσκυνητὸς</span> <span class='ocrx_word' id='word_1_296' title='bbox 1791 2597 1883 2632; x_wconf 87' lang='lat' dir='ltr'><strong>Edd.</strong></span> 
     </span>
    </p>
   </div>
   <div class='ocr_carea' id='block_1_10' title="bbox 296 2642 1884 2966">
    <p class='ocr_par' dir='ltr' id='par_1_15' title="bbox 296 2642 1884 2966">
     <span class='ocr_line' id='line_1_34' title="bbox 298 2642 1884 2689; baseline 0.002 -14"><span class='ocrx_word' id='word_1_297' title='bbox 298 2652 329 2675; x_wconf 87' lang='lat'>2.</span> <span class='ocrx_word' id='word_1_298' title='bbox 357 2642 401 2677; x_wconf 82' lang='grc' dir='ltr'>ὡς</span> <span class='ocrx_word' id='word_1_299' title='bbox 418 2642 514 2686; x_wconf 86' lang='lat' dir='ltr'>prius</span> <span class='ocrx_word' id='word_1_300' title='bbox 533 2650 755 2688; x_wconf 83' lang='lat' dir='ltr'>assumptum</span> <span class='ocrx_word' id='word_1_301' title='bbox 774 2655 815 2677; x_wconf 85' lang='lat' dir='ltr'>ex</span> <span class='ocrx_word' id='word_1_302' title='bbox 835 2643 876 2678; x_wconf 90' lang='lat' dir='ltr'>C.</span> <span class='ocrx_word' id='word_1_303' title='bbox 1067 2654 1099 2688; x_wconf 82' lang='lat'>3.</span> <span class='ocrx_word' id='word_1_304' title='bbox 1129 2643 1271 2689; x_wconf 81' lang='grc' dir='ltr'>Κυρίου]</span> <span class='ocrx_word' id='word_1_305' title='bbox 1295 2646 1383 2678; x_wconf 80' lang='grc' dir='ltr'>Θεοῦ</span> <span class='ocrx_word' id='word_1_306' title='bbox 1403 2644 1443 2678; x_wconf 91' lang='lat' dir='ltr'>C.</span> <span class='ocrx_word' id='word_1_307' title='bbox 1642 2656 1675 2684; x_wconf 83' lang='lat'>4.</span> <span class='ocrx_word' id='word_1_308' title='bbox 1703 2644 1766 2676; x_wconf 89' lang='grc' dir='ltr'>Διὰ</span> <span class='ocrx_word' id='word_1_309' title='bbox 1784 2646 1884 2678; x_wconf 83' lang='grc' dir='ltr'>τοῦτο</span> 
     </span>
     <span class='ocr_line' id='line_1_35' title="bbox 296 2689 1883 2742; baseline 0.002 -21"><span class='ocrx_word' id='word_1_310' title='bbox 296 2696 518 2733; x_wconf 74' lang='lat' dir='ltr'><strong>assumptum</strong></span> <span class='ocrx_word' id='word_1_311' title='bbox 537 2701 578 2722; x_wconf 86' lang='lat' dir='ltr'>ex</span> <span class='ocrx_word' id='word_1_312' title='bbox 599 2690 638 2723; x_wconf 84' lang='lat' dir='ltr'>C.</span> <span class='ocrx_word' id='word_1_313' title='bbox 1007 2689 1300 2742; x_wconf 80' lang='grc' dir='ltr'>μαθητευθεις]</span> <span class='ocrx_word' id='word_1_314' title='bbox 1326 2695 1362 2731; x_wconf 74' lang='lat'>-†-</span> <span class='ocrx_word' id='word_1_315' title='bbox 1385 2690 1420 2723; x_wconf 74' lang='grc' dir='ltr'>ἐν</span> <span class='ocrx_word' id='word_1_316' title='bbox 1438 2689 1529 2724; x_wconf 86' lang='lat' dir='ltr'><strong>Edd.</strong></span> <span class='ocrx_word' id='word_1_317' title='bbox 1548 2690 1657 2723; x_wconf 79' lang='lat' dir='ltr'>invito</span> <span class='ocrx_word' id='word_1_318' title='bbox 1677 2689 1717 2723; x_wconf 89' lang='lat' dir='ltr'>C.</span> <span class='ocrx_word' id='word_1_319' title='bbox 1774 2690 1828 2724; x_wconf 89' lang='lat' dir='ltr'>Cf.</span> <span class='ocrx_word' id='word_1_320' title='bbox 1848 2691 1883 2724; x_wconf 81' lang='lat' dir='ltr'>in</span> 
     </span>
     <span class='ocr_line' id='line_1_36' title="bbox 299 2734 1882 2781; baseline 0.002 -14"><span class='ocrx_word' id='word_1_321' title='bbox 299 2734 334 2767; x_wconf 85' lang='lat' dir='ltr'>S.</span> <span class='ocrx_word' id='word_1_322' title='bbox 347 2734 557 2780; x_wconf 82' lang='lat' dir='ltr'><strong>Joann.316</strong></span> <span class='ocrx_word' id='word_1_323' title='bbox 572 2747 601 2776; x_wconf 82' lang='lat' dir='ltr'>e,</span> <span class='ocrx_word' id='word_1_324' title='bbox 622 2745 689 2781; x_wconf 86' lang='lat'>750</span> <span class='ocrx_word' id='word_1_325' title='bbox 703 2736 738 2776; x_wconf 82' lang='lat' dir='ltr'>b,</span> <span class='ocrx_word' id='word_1_326' title='bbox 756 2736 864 2775; x_wconf 76' lang='lat'>8800,</span> <span class='ocrx_word' id='word_1_327' title='bbox 881 2748 900 2769; x_wconf 85' lang='lat' dir='ltr'>a</span> <span class='ocrx_word' id='word_1_328' title='bbox 916 2736 1159 2770; x_wconf 78' lang='lat' dir='ltr'>Tischendorf</span> <span class='ocrx_word' id='word_1_329' title='bbox 1180 2738 1260 2777; x_wconf 88' lang='lat' dir='ltr'><strong>cit.,</strong></span> <span class='ocrx_word' id='word_1_330' title='bbox 1290 2737 1342 2770; x_wconf 90' lang='lat' dir='ltr'>De</span> <span class='ocrx_word' id='word_1_331' title='bbox 1358 2736 1467 2770; x_wconf 81' lang='lat' dir='ltr'><strong>A.dor</strong></span> <span class='ocrx_word' id='word_1_332' title='bbox 1481 2736 1547 2770; x_wconf 80' lang='lat'>286</span> <span class='ocrx_word' id='word_1_333' title='bbox 1560 2736 1594 2776; x_wconf 89' lang='lat' dir='ltr'>b,</span> <span class='ocrx_word' id='word_1_334' title='bbox 1614 2736 1682 2777; x_wconf 79' lang='lat'>614</span> <span class='ocrx_word' id='word_1_335' title='bbox 1696 2748 1714 2769; x_wconf 91' lang='lat' dir='ltr'>c</span> <span class='ocrx_word' id='word_1_336' title='bbox 1733 2737 1882 2780; x_wconf 86' lang='lat' dir='ltr'>(codd)</span> 
     </span>
     <span class='ocr_line' id='line_1_37' title="bbox 296 2781 1880 2829; baseline 0.002 -15"><span class='ocrx_word' id='word_1_337' title='bbox 296 2781 393 2814; x_wconf 74' lang='grc' dir='ltr'>ἔσται</span> <span class='ocrx_word' id='word_1_338' title='bbox 414 2781 454 2815; x_wconf 91' lang='lat' dir='ltr'>C.</span> <span class='ocrx_word' id='word_1_339' title='bbox 716 2792 747 2827; x_wconf 91' lang='lat'><strong>7.</strong></span> <span class='ocrx_word' id='word_1_340' title='bbox 773 2783 1083 2827; x_wconf 81' lang='grc' dir='ltr'>τεθησαυρισμένον</span> <span class='ocrx_word' id='word_1_341' title='bbox 1103 2783 1193 2816; x_wconf 86' lang='lat' dir='ltr'><strong>Edd.</strong></span> <span class='ocrx_word' id='word_1_342' title='bbox 1213 2790 1291 2817; x_wconf 82' lang='lat' dir='ltr'>ante</span> <span class='ocrx_word' id='word_1_343' title='bbox 1311 2783 1445 2827; x_wconf 85' lang='lat' dir='ltr'><strong>Migne.</strong></span> <span class='ocrx_word' id='word_1_344' title='bbox 1706 2794 1738 2827; x_wconf 88' lang='lat'><strong>9.</strong></span> <span class='ocrx_word' id='word_1_345' title='bbox 1766 2783 1880 2829; x_wconf 74' lang='grc' dir='ltr'>ἔσται]</span> 
     </span>
     <span class='ocr_line' id='line_1_38' title="bbox 301 2827 1883 2875; baseline 0.001 -14"><span class='ocrx_word' id='word_1_346' title='bbox 301 2831 337 2866; x_wconf 58' lang='grc' dir='ltr'>-ῧ-</span> <span class='ocrx_word' id='word_1_347' title='bbox 359 2842 408 2862; x_wconf 85' lang='grc' dir='ltr'>τις</span> <span class='ocrx_word' id='word_1_348' title='bbox 427 2827 517 2862; x_wconf 85' lang='lat' dir='ltr'><strong>Edd.</strong></span> <span class='ocrx_word' id='word_1_349' title='bbox 536 2828 645 2862; x_wconf 79' lang='lat' dir='ltr'>invito</span> <span class='ocrx_word' id='word_1_350' title='bbox 665 2827 704 2863; x_wconf 87' lang='lat' dir='ltr'>C.</span> <span class='ocrx_word' id='word_1_351' title='bbox 868 2840 920 2862; x_wconf 81' lang='lat'>12.</span> <span class='ocrx_word' id='word_1_352' title='bbox 947 2829 1001 2863; x_wconf 79' lang='grc' dir='ltr'>ἐπι</span> <span class='ocrx_word' id='word_1_353' title='bbox 1020 2832 1158 2875; x_wconf 75' lang='grc' dir='ltr'>Χριστῷ</span> <span class='ocrx_word' id='word_1_354' title='bbox 1180 2829 1220 2863; x_wconf 91' lang='lat' dir='ltr'>C.</span> <span class='ocrx_word' id='word_1_355' title='bbox 1239 2830 1316 2873; x_wconf 80' lang='grc' dir='ltr'>περὶ</span> <span class='ocrx_word' id='word_1_356' title='bbox 1334 2831 1485 2873; x_wconf 83' lang='grc' dir='ltr'>Χριστοῦ</span> <span class='ocrx_word' id='word_1_357' title='bbox 1503 2828 1562 2862; x_wconf 79' lang='lat' dir='ltr'><strong>iid.</strong></span> <span class='ocrx_word' id='word_1_358' title='bbox 1734 2839 1785 2873; x_wconf 84' lang='lat'>15.</span> <span class='ocrx_word' id='word_1_359' title='bbox 1813 2830 1883 2863; x_wconf 81' lang='grc' dir='ltr'>δεῖν</span> 
     </span>
     <span class='ocr_line' id='line_1_39' title="bbox 296 2874 1881 2919; baseline 0.003 -13"><span class='ocrx_word' id='word_1_360' title='bbox 296 2881 518 2917; x_wconf 74' lang='lat' dir='ltr'><strong>assumptum</strong></span> <span class='ocrx_word' id='word_1_361' title='bbox 537 2887 579 2908; x_wconf 81' lang='lat' dir='ltr'>ex</span> <span class='ocrx_word' id='word_1_362' title='bbox 598 2874 639 2908; x_wconf 90' lang='lat' dir='ltr'>C.</span> <span class='ocrx_word' id='word_1_363' title='bbox 938 2877 990 2909; x_wconf 82' lang='grc'>18.</span> <span class='ocrx_word' id='word_1_364' title='bbox 1017 2876 1093 2909; x_wconf 82' lang='grc' dir='ltr'>ἀλλ“</span> <span class='ocrx_word' id='word_1_365' title='bbox 1113 2877 1131 2909; x_wconf 91' lang='grc' dir='ltr'>ὁ</span> <span class='ocrx_word' id='word_1_366' title='bbox 1148 2876 1292 2919; x_wconf 82' lang='grc' dir='ltr'>μὲν-ἐκ</span> <span class='ocrx_word' id='word_1_367' title='bbox 1309 2878 1367 2919; x_wconf 80' lang='grc' dir='ltr'>τῆς</span> <span class='ocrx_word' id='word_1_368' title='bbox 1383 2874 1562 2919; x_wconf 78' lang='grc' dir='ltr'>ἐλευθέρας</span> <span class='ocrx_word' id='word_1_369' title='bbox 1579 2878 1761 2919; x_wconf 74' lang='lat' dir='ltr'><strong>assumpt-1</strong></span> <span class='ocrx_word' id='word_1_370' title='bbox 1778 2888 1819 2909; x_wconf 82' lang='lat' dir='ltr'>ex</span> <span class='ocrx_word' id='word_1_371' title='bbox 1839 2876 1881 2911; x_wconf 92' lang='lat' dir='ltr'>C.</span> 
     </span>
     <span class='ocr_line' id='line_1_40' title="bbox 298 2920 1880 2966; baseline 0.003 -14"><span class='ocrx_word' id='word_1_372' title='bbox 298 2929 352 2952; x_wconf 83' lang='lat'>21.</span> <span class='ocrx_word' id='word_1_373' title='bbox 378 2920 444 2953; x_wconf 77' lang='grc' dir='ltr'>ἀπὸ</span> <span class='ocrx_word' id='word_1_374' title='bbox 465 2920 504 2954; x_wconf 88' lang='lat' dir='ltr'>C.</span> <span class='ocrx_word' id='word_1_375' title='bbox 523 2921 577 2954; x_wconf 83' lang='grc' dir='ltr'>ἀπ’</span> <span class='ocrx_word' id='word_1_376' title='bbox 599 2921 690 2955; x_wconf 86' lang='lat' dir='ltr'><strong>Edd.</strong></span> <span class='ocrx_word' id='word_1_377' title='bbox 932 2933 986 2955; x_wconf 86' lang='lat'>22.</span> <span class='ocrx_word' id='word_1_378' title='bbox 1012 2923 1090 2955; x_wconf 82' lang='grc' dir='ltr'>σινᾶ</span> <span class='ocrx_word' id='word_1_379' title='bbox 1110 2921 1150 2955; x_wconf 89' lang='lat' dir='ltr'>C.</span> <span class='ocrx_word' id='word_1_380' title='bbox 1168 2922 1255 2966; x_wconf 79' lang='grc' dir='ltr'>ἅγαρ</span> <span class='ocrx_word' id='word_1_381' title='bbox 1273 2921 1333 2955; x_wconf 85' lang='lat' dir='ltr'><strong>iid.</strong></span> <span class='ocrx_word' id='word_1_382' title='bbox 1574 2931 1629 2965; x_wconf 85' lang='grc'>23.</span> <span class='ocrx_word' id='word_1_383' title='bbox 1655 2920 1821 2965; x_wconf 79' lang='grc' dir='ltr'>Ἀρραβια</span> <span class='ocrx_word' id='word_1_384' title='bbox 1839 2922 1880 2957; x_wconf 87' lang='lat' dir='ltr'>C.</span> 
     </span>
    </p>
   </div>
   <div class='ocr_carea' id='block_1_11' title="bbox 299 2966 1430 3013">
    <p class='ocr_par' dir='ltr' id='par_1_16' title="bbox 299 2966 1430 3013">
     <span class='ocr_line' id='line_1_41' title="bbox 299 2966 1430 3013; baseline 0.003 -16"><span class='ocrx_word' id='word_1_385' title='bbox 299 2975 353 3005; x_wconf 73' lang='lat'>23.</span> <span class='ocrx_word' id='word_1_386' title='bbox 380 2966 459 2999; x_wconf 67' lang='lat' dir='ltr'>Non</span> <span class='ocrx_word' id='word_1_387' title='bbox 481 2966 584 3001; x_wconf 80' lang='lat' dir='ltr'>habet</span> <span class='ocrx_word' id='word_1_388' title='bbox 602 2968 734 3001; x_wconf 77' lang='grc' dir='ltr'>πάντων</span> <span class='ocrx_word' id='word_1_389' title='bbox 753 2967 843 3010; x_wconf 82' lang='grc' dir='ltr'>ἡμῶν</span> <span class='ocrx_word' id='word_1_390' title='bbox 863 2967 902 3001; x_wconf 59' lang='grc' dir='ltr'>(ι.</span> <span class='ocrx_word' id='word_1_391' title='bbox 971 2968 1023 3013; x_wconf 82' lang='grc' dir='ltr'>δε]</span> <span class='ocrx_word' id='word_1_392' title='bbox 1049 2973 1083 3007; x_wconf 70' lang='grc' dir='ltr'>-Ι-</span> <span class='ocrx_word' id='word_1_393' title='bbox 1107 2983 1158 3001; x_wconf 84' lang='grc' dir='ltr'>και</span> <span class='ocrx_word' id='word_1_394' title='bbox 1178 2969 1236 3002; x_wconf 81' lang='lat' dir='ltr'><strong>lid.</strong></span> <span class='ocrx_word' id='word_1_395' title='bbox 1255 2968 1363 3001; x_wconf 80' lang='lat' dir='ltr'>imito</span> <span class='ocrx_word' id='word_1_396' title='bbox 1391 2967 1430 3000; x_wconf 85' lang='lat' dir='ltr'>C.</span> 
     </span>
    </p>
   </div>
  </div>
 </body>
</html>
