2018 3391
338 175 421 214 168
724 177 774 217 B.
819 174 1094 217 CYRILLI
1147 170 1528 215 ALEXANDR.
1818 163 1903 202 i-I-

337 289 365 313 (ί
689 284 701 300 ἱ
905 283 916 301 Ι
1106 287 1119 302 x
1199 284 1208 298 ⁸
1268 284 1282 301 x
1325 282 1347 300 ,ν
1593 277 1603 292 >
1645 275 1655 291 x
1700 275 1710 290 ³
1762 272 1773 287 f

293 289 320 330 b
390 290 599 336 στελλον
625 307 730 339 τους
756 289 1019 354 προφητας,
1048 307 1122 335 και
1155 306 1285 334 αυτοι
1317 297 1518 348 ετρεχον·
1555 278 1656 328 ουδε
1688 281 1908 337 ελαλησα

343 373 371 396 46
467 365 480 380 “
606 368 615 382 ’
686 367 698 381 “
850 369 864 385 x
959 367 969 381 ›
1028 367 1042 384 x
1105 366 1115 381 2
1262 363 1274 380 t
1429 364 1452 378 η
1532 362 1543 377 »
1616 359 1627 374 ³
1685 355 1704 377 ς
1799 357 1809 371 2

395 389 513 432 προς
562 390 741 429 αυΤΟυς,
789 390 866 418 Καί
916 389 1045 417 αυΤΟι
1093 369 1424 433 ΕπρΟφηΤΕυΟν.
1518 366 1616 411 αλλ
1677 380 1734 421 ην
1784 364 1902 418 αλη·

118 448 211 479 Hier.

120 493 208 524 xxiii.
224 491 270 524 16.

337 451 431 501 θῶς
482 448 744 517 προφήτης,
793 448 898 503 τοὺς
948 449 997 499 ἐκ
1047 445 1285 511 στόματος
1337 444 1511 511 Κυρίου
1559 437 1909 506 διαπορθμεύων

339 529 526 594 λόγους,
571 533 645 581 καὶ
679 531 846 596 εΑγίου
886 530 969 594 μὲν
1013 528 1427 592 ἀναπιμπλάμενος
1466 524 1755 588 Πνεύματος,
1792 522 1904 570 ἀνα-

340 611 500 677 βρύων
540 612 587 664 δὲ
627 613 789 680 ὥσπερ
830 615 879 664 ἐκ
917 614 1073 678 πηγῆς
1115 612 1295 675 ἀγαθῆς
1332 612 1414 672 τῆς
1452 608 1638 673 καρδίας
1676 605 1816 654 αὐτοῦ
1853 600 1954 656 τὰ5

341 693 515 759 ἀγαθά·
557 699 866 765 ψευδηγορεῖν
891 694 984 761 γὰρ
1009 695 1091 745 οὐκ
1117 691 1209 744 οἶδε
1235 696 1328 743 τῶν
1355 691 1498 756 ἁγίων
1524 689 1552 753 ἡ
1577 692 1784 754 γλῶττα.

421 783 483 830 ‘O
510 780 565 830 δέ
595 802 651 846 γε
687 782 770 843 τῆς
802 777 1088 846 προφητείας
1120 773 1300 827 σκοπὸς
1324 771 1575 840 ἐπίπληξιν
1600 771 1691 837 ε”χει
1716 773 1808 819 τῶν
1838 767 1913 817 ού-

341 872 444 918 σῶν
482 867 529 915 ἐν
563 868 657 917 τοῖς
686 859 1034 928 Ἱεροσολύμοις
1071 858 1153 910 δύο
1188 860 1368 925 φυλῶν·
1408 859 1490 905 τοῦ
1527 876 1577 904 τε
1609 850 1764 902 Ἰούδα
1794 851 1914 917 φημὶ

343 953 418 1001 καὶ
456 953 538 1000 τοῦ
578 945 812 1008 Βενιαμίν.
879 941 1109 1011 γράφεται
1148 939 1241 1006 γὰρ
1280 940 1341 992 ὡς
1378 936 1683 1002 ἠσεβηκότας,
1712 935 1785 983 καὶ
1817 935 1916 984 ταῖς

344 1037 439 1083 τῶν
489 1029 694 1081 εἰδώλων
743 1026 942 1078 ἀπάταις
992 1023 1193 1077 ἀνοσίως
1229 1017 1646 1087 προσνενευκότας,
1689 1017 1764 1067 καὶ
1800 1013 1919 1079 πρὸς
1941 1032 1989 1057 10

346 1119 440 1166 πᾶν
461 1114 612 1164 ὁτιοῦν
631 1109 823 1173 ἑτοίμως
843 1106 1111 1160 διάττοντας
1138 1109 1230 1156 τῶν
1251 1102 1525 1172 ἀπᾳδόντων
1544 1103 1666 1169 Θεῷ·
1709 1119 1919 1164 προσεπ-

129 1214 214 1249 579
231 1211 278 1248 A.
310 1195 581 1260 αενήνεκται
613 1192 661 1243 δὲ
700 1190 942 1259 χρησίμως
977 1190 1051 1240 καὶ
1085 1190 1167 1252 τῆς
1202 1186 1451 1248 βασιλείας
1480 1185 1505 1234 ὁ
1530 1181 1708 1251 χρόνος,
1734 1179 1838 1230 καθ’
1868 1177 1921 1229 ὃν

348 1279 409 1330 τὰ
434 1275 587 1329 τοιάδε
613 1272 983 1342 προσλελάληκε
1021 1275 1116 1325 τοῖς
1154 1266 1597 1335 προσκεκρουκόσιν,
1622 1265 1696 1315 ἵνα
1721 1261 1806 1326 τὴν
1828 1265 1921 1312 τῶν

349 1360 403 1413 τὸ
453 1357 666 1424 τηνικάδε
717 1352 1009 1422 πραγμάτων
1057 1355 1562 1417 πολυπραγμονοῦντες
1604 1343 1917 1405 κατάστασιν,

350 1441 519 1494 λοιπὸν
545 1443 770 1503 ἐννοῶμεν
796 1437 866 1506 ἐφ’
894 1436 985 1506 ὅτῳ
1021 1459 1070 1487 τε
1097 1437 1171 1486 καὶ
1206 1433 1298 1498 ὅση
1333 1432 1524 1498 γε’γονεν
1558 1430 1624 1481 ἐπ’
1652 1426 1817 1481 αὐτοὺς
1843 1428 1924 1490 τῆς
1947 1438 1993 1476 15

352 1526 473 1578 θείας
500 1525 642 1590 ὀργῆς
667 1521 695 1585 ἡ
720 1521 912 1584 κίνησις.

308 1614 335 1655 b
427 1608 626 1658 Οὐκοῦν”
670 1601 981 1672 ἀφηγήσομαι
1022 1599 1115 1666 γὰρ
1154 1597 1243 1649 ἀνὰ
1279 1597 1416 1664 μέρος
1459 1593 1488 1646 ἃ
1527 1592 1582 1658 δὴ
1627 1596 1701 1645 καὶ
1745 1593 1926 1654 ὀνίνησι

353 1687 460 1742 τοὺς
494 1686 855 1755 ἐντευξομένους·
895 1682 1206 1745 βεβάσιλευκε
1239 1679 1357 1732 κατὰ
1391 1677 1574 1745 καιροὺς
1598 1679 1646 1728 ἐν
1669 1680 1764 1729 τοῖς
1788 1675 1927 1740 Ἱερο-

355 1771 584 1835 σολύμοις
616 1770 641 1819 ὁ
667 1766 887 1833 Ἑζεκίας,
915 1764 1030 1832 ἀνὴρ
1063 1769 1157 1816 τῶν
1196 1763 1266 1814 ὅτι
1304 1762 1516 1826 μάλιστα
1553 1755 1928 1828 φιλοθεωτάτων,

357 1854 596 1915 εὐσεβείας
621 1849 835 1918 ἐραστὴς,
862 1846 1156 1912 δικαιοσύνης
1185 1845 1420 1912 πρύτανις,
1446 1841 1625 1905 ἀπάτης
1650 1838 1828 1908 ἐχθρὸς,
1855 1839 1928 1888 καὶ
1950 1865 2000 1889 20

358 1937 418 1989 τὰ
468 1938 517 1987 ἐκ
566 1938 649 1999 τῆς
699 1930 1082 1997 εὶδωλολατρείας
1131 1928 1425 1994 περικόπτων
1480 1923 1660 1987 βλάβη·
1711 1942 1927 1988 προσμε-

357 2017 621 2087 μαρτύρηκε
656 2014 748 2083 γὰρ
786 2015 910 2084 αὐτῷ
943 2012 1002 2063 τὰ
1036 2011 1188 2063 τοιάδε
1222 2014 1393 2078 σαφῶς
1418 2006 1472 2059 τὸ
1498 2005 1693 2074 γράμμα
1718 2004 1771 2055 τὸ
1798 2001 1929 2068 ἱερόν.

359 2102 525 2154 τούτου
567 2098 804 2151 διέποντος
847 2095 932 2160 τὴν
980 2096 1027 2145 ἐν
1070 2098 1166 2147 τοῖς
1205 2090 1550 2159 Ἱεροσολύμοις
1590 2087 1819 2150 βασιλίδα
1859 2106 1928 2134 τι-

324 2183 469 2249 ρμὴν,
496 2182 640 2246 ἀνέβη
676 2180 976 2246 Σεναχηρεῖμ,
1003 2178 1027 2228 ὁ
1052 2176 1328 2242 Ἀσσυρίων
1365 2173 1601 2240 τύραννος,
1636 2168 1734 2221 εἷλέ
1763 2191 1813 2219 τε
1850 2165 1935 2230 τὴν

143 2278 278 2358 &geg-3
364 2266 648 2332 Σαμάρειαν,
686 2263 762 2314 καὶ
800 2259 1007 2330 ἀπῴκισε
1052 2258 1134 2310 τὸν
1167 2256 1383 2324 Ἰσραήλ·
1443 2254 1669 2315 τουτέστι,
1707 2250 1790 2305 τὰς
1828 2249 1935 2301 δέκα
1956 2270 2018 2309 25·

143 2346 150 2352 Δ
212 2344 219 2351 ·
283 2342 289 2348 ⁹
363 2348 533 2419 φυλάς·
575 2350 636 2400 εἰς
674 2344 734 2397 τὰ
772 2342 858 2409 ὅρη
896 2345 1101 2409 Περσῶν
1136 2342 1211 2392 καὶ
1250 2339 1444 2404 Μήδων,
1478 2333 1855 2404 προσεμπρήσας
1888 2330 1935 2383 δὲ
2011 2329 2018 2342 “

416 2545 446 2568 Ι.
471 2533 566 2567 αὐτοὶ
583 2532 641 2566 οὐκ
659 2532 797 2577 ἔτρεχον
815 2528 895 2574 (Sic)
915 2528 962 2563 D.
1227 2536 1258 2560 2.
1285 2523 1515 2569 ἐπροφήτευον
1533 2522 1574 2556 Ε.
1592 2518 1825 2566 προεφήτευον
1842 2517 1935 2552 B.D.

368 2581 460 2616 Edd.
510 2577 659 2624 ἀληθῶς]
684 2584 719 2619 -†-
741 2580 759 2611 ὁ
779 2577 820 2611 Β.
1047 2585 1080 2619 3.
1107 2571 1291 2617 στόματος]
1316 2576 1352 2612 -†-
1373 2573 1432 2604 τοῦ
1452 2570 1494 2603 Β.
1513 2568 1605 2602 Edd.
1825 2577 1858 2607 4.
1885 2565 1937 2598 καὶ

366 2628 464 2674 ἁγίου
481 2628 541 2671 μὲν
557 2627 655 2661 ἀναπ.
673 2624 859 2667 πνεύματος
875 2622 1065 2666 assumpsit
1082 2633 1123 2654 ex
1142 2621 1183 2654 E.
1202 2620 1334 2664 primus
1352 2617 1541 2651 Aubertus.
1745 2611 1778 2645 6.
1802 2613 1939 2657 γλῶττα

370 2674 510 2709 B.D.E.
529 2675 677 2719 γλῶσσα
696 2671 787 2707 Edd.
988 2670 1020 2703 8.
1046 2670 1115 2703 τοῖς
1133 2667 1227 2701 deest
1244 2667 1279 2699 in
1298 2664 1390 2699 Edd.
1441 2663 1537 2696 Haec
1554 2662 1614 2695 τοῦ
1631 2675 1666 2694 τε
1682 2658 1792 2693 Ἰούδα
1809 2659 1862 2692 καὶ
1878 2660 1939 2692 τοῦ

370 2722 523 2764 Βενιαμὶν
540 2727 573 2754 et
590 2720 642 2753 καὶ
660 2721 997 2762 ταῖς-προσνενευκ,
1015 2714 1204 2759 assumpsit
1221 2712 1398 2746 Aubertus
1415 2711 1548 2755 primus
1565 2720 1606 2741 ex
1625 2707 1666 2741 E.
1822 2716 1874 2748 14.
1899 2706 1939 2739 τὸ

369 2774 589 2812 assumptum
609 2779 651 2801 ex
670 2766 711 2801 Ε.
759 2764 914 2810 πράξεων
930 2774 991 2807 pro
1007 2762 1211 2806 πραγμάτων
1229 2758 1320 2794 Edd.
1523 2754 1576 2789 16.
1602 2751 1866 2799 Λόγος-Ἰούδα
1883 2751 1939 2785 hic

369 2819 502 2859 transp.
523 2813 614 2848 Edd.
945 2818 997 2854 17.
1023 2809 1063 2852 δὴ
1081 2819 1150 2841 om.
1171 2807 1216 2840 D.
1543 2813 1597 2846 19.
1622 2800 1873 2845 φιλοθεὼτατος
1891 2799 1938 2832 D.

371 2871 426 2894 20.
453 2861 597 2905 ἐραστὴς
612 2860 729 2901 εὐσεβ.
748 2865 781 2893 et
797 2855 897 2902 πρύτ.
915 2856 979 2890 δικ.
997 2856 1134 2889 inverso
1152 2853 1272 2888 ordine
1290 2851 1336 2885 D.
1573 2859 1627 2892 23.
1652 2847 1760 2892 ἀρχὴν
1776 2857 1838 2891 pro
1855 2847 1939 2884 βασ.

369 2907 465 2950 τιμὴν
484 2908 530 2941 D.
822 2916 877 2947 24.
904 2901 939 2948 ὁ]
965 2906 1000 2943 —f-
1023 2905 1089 2935 τῶν
1108 2900 1149 2934 Β.
1431 2904 1487 2941 25.
1511 2894 1652 2940 ἀνῴκισε
1673 2894 1715 2928 Ε.
1778 2894 1837 2927 τὸν
1852 2892 1938 2936 Ἰσρ.

369 2954 524 2987 τουτέστι
541 2965 611 2988 om.
634 2953 679 2986 D.
880 2950 935 2984 26.
961 2949 1021 2993 ὅρη
1041 2947 1133 2982 D.E.
1150 2945 1240 2980 Edd.
1259 2944 1334 2989 ὅρια
1354 2943 1395 2977 Β.
