2018 3391
350 189 431 228 198
741 188 789 227 B.
833 184 1111 227 CYRILLI
1150 182 1529 225 ALEXANDR.
1820 177 1861 217 ii.
1888 186 1923 228 7·

348 318 485 350 σταις
525 293 920 359 διαλέγεται,καῖ
962 292 1284 358 μεμαρτύρηκε
1323 296 1381 360 τῇ
1421 291 1606 358 ἱστορίᾳ
1643 287 1697 339 τὸ
1736 285 1922 350 ἀληθές·

349 378 602 430 ἀπολέσειν
634 376 726 442 γὰρ
762 375 928 429 αὐτούς
959 382 1110 443 φησιν
1135 375 1184 426 ἐκ
1213 377 1470 436 κατοικίας,
1499 371 1742 423 τουτέστιν
1769 372 1817 420 ἐκ
1841 371 1929 435 γῆς

351 465 413 515 εἷς
438 459 495 524 ἢν
518 457 833 528 παρῳκήκασί
854 481 903 509 τε
929 460 1004 508 καὶ
1031 457 1365 526 μετῳκίσαντο·
1408 459 1469 509 εἷς
1495 460 1632 506 τοῦτο
1656 451 1804 519 γεμὴν
1828 452 1931 518 ε’ρη-

351 544 458 605 μίας
496 541 759 611 ἀφίξεσθαί
793 549 916 610 φησι
954 539 1037 594 τὰς
1074 540 1182 606 παρ’
1212 539 1365 592 αὐτοῖς·
1402 538 1578 599 πόλεις,
1609 539 1671 591 ὠς
1704 536 1823 602 νομὴν
1854 534 1931 584 καὶ

315 646 335 671 c
351 622 545 693 μάνδραν
571 623 788 690 γενέσθαι
821 625 1043 692 ποιμνίων.
1113 623 1266 690 Κρήτην
1292 619 1341 670 δὲ
1367 620 1424 670 αὖ
1457 619 1542 683 τὴν
1569 620 1802 682 Φοινίκην,
1829 615 1929 680 ἤτοι
1949 633 1972 672 5

350 706 457 760 τοὺς
481 709 529 757 ἐν
555 711 610 774 τῇ
633 705 823 773 Φοινίκῃ
850 707 1082 756 ἀποκαλεῖ
1104 706 1164 756 ὡς
1192 705 1240 753 ἐκ
1269 701 1457 768 Κρήτης
1484 701 1620 754 ὄντας
1635 704 1717 765 τῆς
1739 698 1931 759 Λιβύων

353 787 526 855 ὁμόρου
552 791 626 839 καὶ
653 788 874 853 γείτονος.
942 787 990 838 ἓν
1017 786 1064 838 δὲ
1090 784 1216 850 ἦσαν
1241 784 1360 836 κατὰ
1384 783 1491 838 τοὺς
1517 784 1693 834 ἄνωθεν
1722 781 1931 849 χρόνους,

354 873 428 922 καὶ
468 870 662 935 μέμικτο
701 869 932 935 ἀλλήλοις
975 868 1034 920 τὰ
1070 868 1182 934 γένη
1227 869 1336 919 καθ’
1379 866 1494 932 αἷμά
1530 889 1579 917 τε
1625 867 1699 916 καὶ
1737 866 1818 928 ἕθη
1856 864 1931 913 καὶ

355 953 536 1014 νόμους.

317 1177 335 1214 7
361 1174 433 1215 Καὶ
474 1174 590 1215 ἔσται
633 1174 681 1215 τὸ
725 1172 941 1228 οχοίνιομοι
992 1176 1064 1213 τῆς
1109 1171 1325 1212 θαλάσοΗο
1365 1165 1452 1209 τοῖς
1498 1165 1771 1208 κατοιλοίηοιε
1811 1160 1931 1205 οἴκου
1958 1175 2006 1200 10

417 1257 571 1298 Ἰούδα·
630 1257 690 1298 ἐπ’
739 1253 881 1297 αὐτοῖς
931 1256 1185 1304 νεμύῡοντοιι
1235 1255 1279 1295 ὲν
1328 1251 1415 1294 τοῖς
1465 1249 1599 1292 οἴκοις
1642 1250 1932 1298 Ἀσκάλωνος,

423 1343 567 1383 δείλΗε
601 1343 910 1383 καταλύσουσιν
938 1340 1024 1382 ἀπὸ
1052 1339 1285 1396 Προσώηου
1314 1337 1415 1379 υἱῶν
1437 1336 1593 1387 Ἰούδα,
1624 1337 1686 1376 ὅτι
1725 1333 1934 1375 ἐπέσκεπ-

424 1443 491 1468 ται
530 1426 683 1467 αὐτοὺς
724 1425 871 1482 Κύριος
909 1426 931 1468 ὁ
960 1424 1067 1466 Θεὸς
1100 1424 1255 1474 αὐτῶν,
1283 1423 1350 1462 καὶ
1389 1422 1633 1477 ὰηὲοτρεψε
1671 1418 1746 1460 τὲ-ιν
1785 1415 1930 1472 αἰχμα-

424 1511 584 1554 λωσίαν
612 1511 766 1552 αὐτῶν.

137 1668 243 1742 {pl-W?
432 1656 632 1709 Φθάσας
672 1655 760 1719 ἤδη
801 1658 1038 1720 προεῖπον,
1081 1652 1149 1702 ὅτι
1193 1649 1519 1716 συναγήγερτο
1561 1648 1645 1709 μὲν
1682 1645 1837 1697 πάντα
1875 1643 1934 1695 τὰ
1958 1672 1970 1696 ι
1981 1669 2003 1708 5

137 1722 199 1751 „):>
238 1733 244 1740 “
356 1738 465 1802 ε”θνη
498 1736 661 1807 φθόνῳ
699 1735 1040 1797 διακεκαυμένα,
1077 1736 1151 1785 καὶ
1193 1731 1617 1798 κατεστρατεύοντο
1655 1733 1750 1779 τῶν
1785 1728 1928 1793 Ἱερο-

357 1819 583 1883 σολύμων
609 1818 727 1883 μετὰ
751 1818 833 1870 τὸν
858 1821 940 1882 τῆς
967 1818 1293 1885 αἰχμαλωσίας
1321 1814 1499 1880 καιρὸν,
1531 1815 1604 1863 καὶ
1639 1812 1694 1876 δὴ
1726 1809 1934 1874 πολέμου

357 1903 626 1956 συστάντος
681 1904 729 1952 ἐν
785 1906 843 1969 τῇ
906 1900 1088 1951 κοιλάδι
1138 1904 1220 1949 τοῦ
1268 1895 1515 1965 Ἰωσαφὰτ
1578 1895 1799 1959 ἥττηνται
1859 1895 1934 1944 καὶ

357 1986 661 2037 πεπτώκασιν
695 1988 737 2035 οἱ
768 1989 863 2037 τοῖς
901 1981 1268 2049 λελυτρωμένοις
1303 1980 1503 2032 ἀνοσίως
1537 1976 1930 2037 ἐπιβουλεύοντες.

315 2076 340 2116 d
359 2068 686 2134 κεκρατηκότες
713 2068 794 2118 οὖν
827 2070 867 2117 οἱ
899 2065 955 2134 ἐξ
974 2063 1177 2130 Ἰσραὴλ
1203 2063 1494 2124 κατέβοσκον
1521 2063 1582 2114 ὡς
1608 2058 1803 2125 ἐρήμους
1828 2055 1936 2111 τοὺς
1957 2085 2006 2112 20

356 2157 449 2204 τῶν
469 2150 765 2219 ἀλλοφύλων
783 2147 968 2214 ἀγροὺς,
990 2149 1063 2198 καὶ
1090 2145 1186 2197 οἷον
1210 2150 1372 2210 σηκοῖς
1399 2146 1601 2211 ἐχρῶντο
1627 2146 1725 2195 ταῖς
1750 2142 1935 2207 ἠρημω-

356 2235 514 2299 μέναις
544 2233 718 2286 πόλεσι
751 2237 844 2282 τῶν
872 2231 1171 2291 Φυλιστιεῖμ,
1202 2227 1415 2279 τουτέστι
1449 2230 1542 2277 τῶν
1570 2226 1935 2287 Παλαιστηνῶν,

358 2317 434 2368 διὰ
459 2317 512 2368 τὸ
537 2315 716 2368 πάντας
742 2314 886 2380 ἄρδην
914 2311 1180 2364 ἀπολέσθαι
1205 2309 1310 2363 τοὺς
1334 2311 1381 2360 ἐν
1407 2309 1579 2361 αι’νταῖς.
1632 2307 1756 2358 ἔσται
1783 2306 1937 2356 τοίνυν

359 2403 481 2469 φησὶ
524 2399 571 2451 τὶ
623 2401 868 2464 σχοίνισμοι
910 2394 983 2455 τῆς
1035 2393 1282 2455 θαλάσσης,
1327 2391 1580 2452 τουτέστιν,
1622 2392 1668 2439 αἱ
1719 2386 1834 2454 πρὸς
1878 2383 1936 2455 τῇ

359 2481 590 2549 θαλάσσῃ
623 2484 717 2530 τῶν
745 2481 1098 2541 Παλαιστηνῶν
1122 2473 1299 2534 πόλεις,
1331 2477 1376 2524 αἱ
1401 2471 1788 2536 πολυανδροῦσαί
1808 2492 1935 2533 ποτε,
1957 2490 2003 2529 25

359 2568 406 2615 αἱ
445 2565 586 2615 δειναὶ
624 2564 699 2613 καὶ
738 2559 1174 2626 δυσκαταγώνιστοι
1202 2556 1319 2620 νομὴ
1343 2555 1569 2618 ποιμνίων
1593 2557 1680 2608 τοῖς
1710 2556 1935 2604 καταλοί-

408 2740 441 2774 3.
470 2728 566 2762 Haec
583 2742 620 2761 τε
638 2727 691 2761 καὶ
707 2740 827 2772 μετῳκ.
845 2729 1065 2760 accesserunt
1082 2735 1123 2757 ex
1143 2722 1182 2756 B.
1513 2731 1547 2761 4.
1573 2716 1701 2762 αὐτοῖς]
1721 2717 1828 2751 αὐτῶν
1846 2715 1938 2750 Edd.

361 2786 394 2820 5.
420 2774 477 2820 αὖ]
497 2776 607 2809 αὐτῶν
622 2773 683 2808 iid.
929 2772 962 2805 6.
988 2772 1046 2814 τῆς
1062 2774 1284 2814 assumptum
1303 2779 1343 2801 ex
1364 2766 1407 2801 B.
1651 2765 1683 2798 8.
1711 2765 1763 2798 καὶ
1780 2762 1936 2808 μέμικτο]

361 2822 499 2865 μέμικτο
517 2822 553 2856 δὲ
573 2820 664 2855 Edd.
715 2820 768 2853 καὶ
785 2819 842 2863 ἔθη
861 2823 1081 2852 accesserunt
1098 2828 1139 2850 ex
1159 2815 1200 2849 B.
1510 2822 1562 2846 10.
1593 2810 1660 2845 Hic
1678 2823 1710 2845 v,
1732 2820 1748 2856 7
1768 2818 1848 2855 post
1864 2822 1897 2844 v.
1916 2810 1937 2842 6

361 2870 532 2902 collocant
551 2867 641 2902 Edd.
662 2867 777 2901 invitis
797 2865 890 2900 B.D.
1084 2874 1137 2898 11.
1163 2861 1213 2897 ἐπ’
1231 2861 1343 2895 αὐτοῖς
1362 2859 1403 2893 Β.
1423 2859 1518 2903 (130,
1538 2869 1616 2903 233,
1636 2859 1732 2903 311.)
1749 2856 1799 2891 ἐπ’
1819 2857 1937 2892 αὐτοὺς

363 2914 454 2948 Edd.
473 2914 595 2959 (Vat.)
613 2913 662 2948 ἐπ’
682 2914 783 2948 αὐτοῦ
802 2913 840 2948 F.
859 2912 991 2957 (Alex.)
1368 2917 1421 2940 12.
1447 2906 1512 2939 ἀπὸ
1529 2907 1715 2948 προσώπου
1733 2905 1811 2938 υἱῶν
1825 2902 1936 2937 Ἰούδα

361 2972 431 2993 om.
452 2961 493 2994 B.
508 2960 629 3005 (233.)
986 2967 1038 3002 15.
1065 2957 1125 3000 ἤδη
1143 2956 1305 3000 προεῖπον
1326 2953 1418 2987 RD.
1436 2950 1529 2987 εἶπον
1548 2951 1638 2986 Edd.
1688 2952 1795 2985 πάντα
1812 2949 1936 2984 τὰ’1ἰοε

361 3006 482 3040 ordine
502 3007 593 3041 B.D.
786 3017 839 3040 21.
868 3006 961 3048 ἐρημ.
981 3003 1072 3038 Edd.
