2018 3387
95 158 150 199 iii.
177 170 214 208 2,
237 171 276 212 3.
460 155 532 196 IN
576 152 1006 194 MALACHIAM.
1068 151 1218 191 ΤΟΜ.
1254 150 1314 190 11.
1596 150 1680 188 599

94 265 288 330 ἀπηνὴς,
316 267 377 318 ὡς
404 265 452 314 ἐν
480 265 624 331 καιρῷ
650 263 723 311 καὶ
752 260 899 329 ἡμερᾳ
926 262 1007 323 τῆς
1042 263 1103 313 εἰς
1134 257 1216 309 τὸν
1243 256 1425 320 κόσμον
1454 257 1682 318 εἰσβολῆς

94 349 252 398 αὑτοῦ·
301 349 448 410 δῆλον
475 344 521 395 δὲ
558 344 629 394 ὅτι
663 345 745 406 τῆς
772 342 889 405 μετὰ
915 340 1107 407 σαρκὸς,
1136 342 1189 391 δι’
1217 340 1269 404 ἧς
1305 338 1361 390 ἂν
1392 339 1572 405 γε’νοιτο
1605 337 1682 387 καὶ

94 428 255 490 ἁπτὸς,
293 427 439 492 ἤγουν
478 424 661 490 ὁρατὸς·
716 423 965 482 ὑποστῆναί
1000 445 1048 473 τε
1093 425 1166 472 καὶ
1209 421 1489 488 ἁθραύστως
1528 419 1680 487 ε”χεινς

93 508 448 573 κολασθήσεται
488 507 582 573 γὰρ
622 505 776 570 πάντη
814 528 862 555 τε
905 506 978 555 καὶ
1023 504 1225 566 πάντως,
1268 505 1343 553 καὶ
1388 501 1556 568 πικρὰς
1600 503 1683 564 τῆς

52 607 74 645 5
94 591 314 645 ἀπονοίας
353 592 535 641 ἀποτιεῖ
569 590 711 642 δίκας.

94 859 213 902 Διὸτι
264 858 391 900 αὐτὸς
440 855 737 915 εἰσπορεύεται
787 856 847 897 ὼε
899 859 981 913 Πῦρ
1032 852 1319 912 χωνευτΗρίου
1371 852 1438 894 καὶ
1487 852 1547 893 ὼε
1597 852 1682 894 Πόα

163 942 427 992 Πλυνόντων,
470 941 538 981 καὶ
594 937 802 981 καθιεῖται
857 940 1059 995 χωνεύων
1110 938 1177 978 καὶ
1234 937 1470 994 καθαρίζων
1520 936 1580 976 ὼε
1634 934 1728 983 τὸ3

163 1024 363 1082 αρι-ύριον
402 1023 471 1064 καὶ
514 1023 574 1064 ὼε
617 1024 665 1065 τὸ
709 1022 891 1080 χρυσίον,
938 1022 1006 1063 καὶ
1051 1018 1244 1077 καθαριεῖ
1288 1019 1387 1061 τοὺς
1430 1017 1545 1060 υἱοὺς
1589 1013 1732 1059 Λευὶἷ)

163 1107 232 1148 καὶ
270 1106 356 1163 χεεῖ
391 1107 546 1149 αὐτοὺς
583 1108 731 1163 ὥσπερ
769 1106 818 1149 τὸ
856 1104 1024 1162 χρυσίον
1064 1105 1132 1145 καὶ
1170 1104 1217 1145 τὸ
1256 1103 1469 1160 ἀρΓύριον.

30 1267 77 1294 10
172 1248 431 1314 Πεποίηται
456 1247 542 1312 μὲν
567 1249 616 1299 ἐν
638 1246 818 1301 τούτοις
844 1249 907 1300 ὡς
933 1246 989 1315 ἐξ
1013 1244 1284 1309 ὁμοιότητος
1310 1247 1405 1293 τῶν
1432 1239 1537 1292 καθ’
1565 1240 1686 1304 ἡμᾶς

95 1330 389 1397 πραγμάτων
408 1331 432 1381 ὁ
460 1329 618 1396 λόγος,
636 1329 904 1396 ἀπόῤῥητον
925 1328 972 1379 δὲ
998 1327 1262 1392 μυστηρίου
1289 1324 1503 1388 δήλωσιν
1524 1326 1681 1373 εἰσκο-

95 1414 275 1478 μίσειεν
300 1412 358 1464 ἂν
383 1417 479 1466 τοῖς
503 1410 888 1478 νουνεχεστεροις.
943 1408 1134 1480 ἀργύρου
1166 1406 1252 1472 μὲν
1277 1406 1372 1473 γὰρ
1408 1406 1484 1456 καὶ
1519 1409 1688 1473 χρυσοῦ

96 1501 338 1548 ποιοῦνται
364 1493 645 1559 δοκιμασίαν
671 1495 712 1543 οἱ
739 1498 888 1543 ταῦτα
914 1492 1076 1559 σοφοὶ,
1103 1491 1202 1559 πυρὶ
1230 1486 1568 1552 κατατήκοντες
1593 1490 1690 1537 πᾶν

98 1577 215 1628 ὅσον
241 1579 290 1628 ἐν
317 1577 471 1630 αὐτοῖς
501 1577 605 1626 ἐστι
642 1572 871 1638 κίβδηλόν
898 1596 947 1625 τε
984 1575 1058 1623 καὶ
1093 1571 1470 1623 ἀκαλλέστατον.
1519 1573 1613 1633 πῦρ
1641 1565 1690 1617 δὲ

32 1676 79 1715 15
99 1659 152 1711 τὸ
191 1663 314 1710 θεῖον
348 1659 425 1710 καὶ
463 1655 727 1724 οὐρανόθεν,
758 1656 1003 1707 τουτέστιν
1038 1655 1065 1718 ἡ
1106 1653 1181 1704 διὰ
1218 1658 1301 1703 τοῦ
1334 1650 1502 1716 Ἀγίου
1540 1648 1730 1700 nmio

98 1763 245 1806 ματος
283 1739 432 1808 χάρις,
467 1740 573 1790 καθ’
615 1737 673 1803 ἢν
711 1737 769 1788 ἂν
807 1737 988 1803 γε’νοιτο
1027 1737 1102 1787 καὶ
1144 1735 1318 1801 ζῶντας
1356 1733 1476 1796 ἡμᾶς
1515 1733 1686 1781 ἀποτε-

98 1827 288 1874 λεῖσθαι
325 1823 392 1892 τῷ
425 1820 666 1885 πνεύματι,
699 1818 813 1870 ὅταν
847 1823 908 1872 εἰς
948 1823 1058 1869 νοῦν
1093 1817 1328 1868 καθίκοιτο
1368 1815 1443 1865 καὶ
1483 1812 1691 1878 καρδίαν,

98 1904 294 1957 ε’νιέντος
326 1907 558 1970 Χριστοῦ,
590 1900 695 1953 τότε
731 1901 788 1965 δὴ
823 1900 928 1952 τότε
962 1899 1119 1952 πάντα
1153 1897 1237 1961 μὲν
1262 1895 1346 1948 τὸν
1372 1896 1425 1964 ἐξ
1462 1894 1691 1961 ἁμαρτίας

99 1985 352 2053 διασμήχει
408 1984 572 2052 ῥύπον,
623 1986 697 2035 καὶ
754 1983 837 2034 τὸν
885 1984 934 2033 ἐκ
981 1986 1076 2033 τῶν
1125 1980 1214 2044 ἤδη
1271 1976 1691 2045 προεπταισμένων

32 2090 82 2116 20
102 2070 289 2137 δαπανᾷ
312 2064 584 2131 μολυσμόν·
627 2064 997 2131 κεκαθαρμένους
1022 2085 1070 2114 τε
1091 2064 1219 2113 ὀὕτω
1248 2062 1323 2111 καὶ
1350 2057 1693 2122 δοκιμωτάτους

100 2148 207 2204 τοὺς
242 2149 435 2217 ἔχοντας
470 2150 701 2210 ἀποτελεῖ,
738 2149 814 2198 καὶ
853 2146 1102 2212 μονονουχὶ
1141 2140 1477 2210 μεταχαλκεύει
1517 2144 1692 2204 νοητῶς

100 2230 219 2298 πρὸς
255 2231 506 2295 καινότητα
543 2229 673 2296 ζωῆς,
709 2230 784 2280 καὶ
822 2226 968 2291 σκεύη
1004 2225 1173 2278 λοιπὸν
1208 2225 1458 2292 ἀποφαίνει
1493 2221 1693 2289 λαμπρὰ

102 2314 178 2364 καὶ
217 2312 495 2378 ἡγιασμένα,
530 2313 605 2362 καὶ
645 2314 708 2365 εἷς
746 2308 885 2375 τιμὴν
924 2306 1351 2369 κατεσκευασμένα,
1388 2305 1509 2372 οἰκίᾳ
1548 2325 1595 2354 τε
1635 2307 1692 2371 τῇ
1711 2310 1737 2351 d

100 2392 288 2462 μεγάλῃ
339 2393 569 2462 χρήσιμα,
614 2392 831 2444 τουτέστι
879 2394 937 2458 τῇ
987 2388 1273 2456 Ἐκκλησία.
1346 2391 1484 2437 τοῦτο
1532 2383 1589 2449 δὴ
1638 2383 1693 2436 τὸ

35 2489 84 2528 25
104 2475 226 2528 θεῖόν
259 2499 309 2527 τε
342 2477 416 2526 καὶ
449 2473 616 2540 νοητὸν
652 2473 947 2537 κατεσήμανε
981 2477 1077 2537 πῦρ
1112 2472 1136 2521 ὁ
1173 2468 1425 2521 θεσπέσιος
1451 2465 1690 2530 Ἰωάννης,

103 2559 260 2626 λε’γων
283 2566 310 2588 “
328 2556 460 2623 Ἐγὼ
487 2556 698 2623 βαπτίζω
725 2557 841 2619 ὑμᾶς
867 2556 915 2605 ἐν
941 2556 1085 2615 ὕδατι,
1113 2552 1295 2619 ἔρχεται
1330 2548 1379 2601 δὲ
1415 2548 1571 2600 ὀπίσω
1603 2571 1695 2612 μου

157 2735 187 2758 1.
211 2723 270 2758 τὸν
287 2726 512 2766 assumptum
531 2732 571 2754 ex
592 2719 634 2753 B.
768 2731 800 2760 4.
825 2716 908 2763 γὰρ]
926 2716 983 2751 οὖν
1000 2715 1092 2750 Edd.
1230 2722 1260 2758 7.
1288 2714 1340 2747 καὶ
1359 2713 1456 2758 prius
1473 2718 1694 2756 assumptum

106 2783 148 2804 ex
169 2770 210 2804 B.
232 2770 349 2813 (Alex.
368 2778 400 2802 N.
419 2767 521 2809 XII.)
542 2766 585 2800 cf.
606 2776 712 2811 Supra
733 2764 796 2810 767
814 2764 849 2798 b.
1068 2763 1101 2796 8.
1128 2760 1279 2804 καθαριεῖ
1299 2760 1381 2794 B.F.
1403 2761 1449 2800 (N.
1470 2759 1571 2801 XII.)
1591 2759 1634 2792 cf.
1654 2758 1696 2792 de

108 2817 177 2851 Ad.
195 2824 239 2861 59
252 2828 281 2850 e.
302 2815 478 2859 καθαρίσει
497 2812 641 2858 (AX.)
906 2821 937 2854 9.
965 2810 1082 2853 ὥσπερ
1102 2807 1194 2842 Edd.
1215 2807 1310 2852 (Vat.
1330 2816 1350 2838 N
1368 2817 1475 2839 manu
1495 2806 1635 2850 prima.)
1655 2804 1697 2838 de

110 2862 179 2897 Ad.
198 2863 222 2896 I.
241 2874 271 2896 c.
290 2861 334 2897 ὡς
354 2861 395 2895 Β.
415 2860 544 2905 (XII.)
746 2868 798 2891 12.
824 2857 972 2902 χρυσίου
991 2855 1083 2890 Edd.
1287 2864 1339 2895 14.
1367 2852 1620 2895 ἀκαλλέστερον
1638 2851 1697 2885 iid.

114 2909 168 2944 16.
194 2906 264 2942 καθ’
284 2906 530 2951 ἢν-πνεύματι
549 2917 618 2940 om.
639 2904 680 2939 B.
746 2902 885 2948 ζῶντας]
906 2903 1039 2945 ζέοντας
1054 2903 1112 2943 (ἲ)
1243 2911 1298 2934 22.
1324 2900 1520 2942 καινοτάτην
1539 2898 1622 2941 ζωὴν
1640 2897 1699 2932 iid.

114 2966 169 3000 25.
197 2953 418 2998 κατεσήμαινε
440 2953 481 2988 Β.
666 2950 720 2986 26.
748 2951 881 2995 ἔρχεται
901 2950 934 2984 δέ
955 2949 1065 2984 ὀπίσω
1083 2946 1164 2993 μου]
1185 2947 1295 2982 ὀπίσω
1314 2961 1376 2992 μου
1395 2946 1528 2991 ἔρχεται
1547 2945 1606 2980 iid.

1757 2302 1773 2343 :2
1791 2293 1876 2324 Tim.

1756 2348 1788 2367 ιι.
1809 2346 1860 2373 21,

1759 2389 1808 2412 20.

1757 2537 1921 2589 §.Mamm

1757 2593 1802 2614 111.
1818 2591 1830 2613 1
1841 2592 1867 2613 1.
