<?xml version="1.0" encoding="UTF-8"?>
<!DOCTYPE html PUBLIC "-//W3C//DTD XHTML 1.0 Transitional//EN"
    "http://www.w3.org/TR/xhtml1/DTD/xhtml1-transitional.dtd">
<html xmlns="http://www.w3.org/1999/xhtml" xml:lang="en" lang="en">
 <head>
  <title>
</title>
<meta http-equiv="Content-Type" content="text/html;charset=utf-8" />
  <meta name='ocr-system' content='tesseract 3.04.00' />
  <meta name='ocr-capabilities' content='ocr_page ocr_carea ocr_par ocr_line ocrx_word'/>
</head>
<body>
  <div class='ocr_page' id='page_1' title='image "./operacyrilli02cyriuoft/operacyrilli02cyriuoft_0551.png"; bbox 0 0 2018 3387; ppageno 0'>
   <div class='ocr_carea' id='block_1_1' title="bbox 114 176 1703 220">
    <p class='ocr_par' dir='ltr' id='par_1_1' title="bbox 114 176 1703 220">
     <span class='ocr_line' id='line_1_1' title="bbox 114 176 1703 220; baseline 0.003 -4"><span class='ocrx_word' id='word_1_1' title='bbox 114 176 198 217; x_wconf 82' lang='lat' dir='ltr'><strong>xiv.</strong></span> <span class='ocrx_word' id='word_1_2' title='bbox 221 189 286 219; x_wconf 83' lang='lat'>21.</span> <span class='ocrx_word' id='word_1_3' title='bbox 481 176 554 217; x_wconf 93' lang='lat' dir='ltr'>IN</span> <span class='ocrx_word' id='word_1_4' title='bbox 601 176 1019 219; x_wconf 81' lang='lat' dir='ltr'><strong>ZACIIARIAM.</strong></span> <span class='ocrx_word' id='word_1_5' title='bbox 1082 178 1337 220; x_wconf 85' lang='lat' dir='ltr'><strong>TOM.V1.</strong></span> <span class='ocrx_word' id='word_1_6' title='bbox 1620 182 1703 220; x_wconf 74' lang='lat'>543</span> 
     </span>
    </p>
   </div>
   <div class='ocr_carea' id='block_1_2' title="bbox 71 283 1921 1009">
    <p class='ocr_par' dir='ltr' id='par_1_2' title="bbox 115 283 1743 353">
     <span class='ocr_line' id='line_1_2' title="bbox 115 283 1743 353; baseline 0.002 -20"><span class='ocrx_word' id='word_1_7' title='bbox 115 283 290 334; x_wconf 79' lang='grc' dir='ltr'>κατίδοι</span> <span class='ocrx_word' id='word_1_8' title='bbox 310 307 379 338; x_wconf 90' lang='grc' dir='ltr'>τις</span> <span class='ocrx_word' id='word_1_9' title='bbox 401 283 459 335; x_wconf 78' lang='grc' dir='ltr'>ἂν</span> <span class='ocrx_word' id='word_1_10' title='bbox 479 286 554 335; x_wconf 77' lang='grc' dir='ltr'>καὶ</span> <span class='ocrx_word' id='word_1_11' title='bbox 574 284 918 350; x_wconf 73' lang='grc' dir='ltr'>ἀταλαιπώρως</span> <span class='ocrx_word' id='word_1_12' title='bbox 938 288 1118 353; x_wconf 84' lang='grc' dir='ltr'>κομιδῇ.</span> <span class='ocrx_word' id='word_1_13' title='bbox 1159 286 1479 352; x_wconf 90' lang='grc' dir='ltr'>λελύτρωνται</span> <span class='ocrx_word' id='word_1_14' title='bbox 1505 286 1590 350; x_wconf 76' lang='grc' dir='ltr'>μὲν</span> <span class='ocrx_word' id='word_1_15' title='bbox 1611 286 1702 353; x_wconf 81' lang='grc' dir='ltr'>γὰρ</span> <span class='ocrx_word' id='word_1_16' title='bbox 1723 312 1743 335; x_wconf 71' lang='grc' dir='ltr'>ο</span> 
     </span>
    </p>

    <p class='ocr_par' dir='ltr' id='par_1_3' title="bbox 113 365 1704 514">
     <span class='ocr_line' id='line_1_3' title="bbox 113 365 1704 436; baseline 0.003 -22"><span class='ocrx_word' id='word_1_17' title='bbox 113 365 168 434; x_wconf 75' lang='grc' dir='ltr'>ἐξ</span> <span class='ocrx_word' id='word_1_18' title='bbox 197 366 439 432; x_wconf 84' lang='grc' dir='ltr'>Αἰγύπτου</span> <span class='ocrx_word' id='word_1_19' title='bbox 465 365 540 417; x_wconf 82' lang='grc' dir='ltr'>διὰ</span> <span class='ocrx_word' id='word_1_20' title='bbox 570 365 814 419; x_wconf 86' lang='grc' dir='ltr'>Μωυσέως</span> <span class='ocrx_word' id='word_1_21' title='bbox 839 370 881 416; x_wconf 80' lang='grc' dir='ltr'>οἱ</span> <span class='ocrx_word' id='word_1_22' title='bbox 912 367 968 435; x_wconf 77' lang='grc' dir='ltr'>ἐξ</span> <span class='ocrx_word' id='word_1_23' title='bbox 992 368 1210 433; x_wconf 85' lang='grc' dir='ltr'>Ἰσραὴλ,</span> <span class='ocrx_word' id='word_1_24' title='bbox 1237 371 1311 419; x_wconf 75' lang='grc' dir='ltr'>καὶ</span> <span class='ocrx_word' id='word_1_25' title='bbox 1345 372 1427 433; x_wconf 81' lang='grc' dir='ltr'>τῆς</span> <span class='ocrx_word' id='word_1_26' title='bbox 1461 369 1704 436; x_wconf 81' lang='grc' dir='ltr'>ἀφορήτου</span> 
     </span>
     <span class='ocr_line' id='line_1_4' title="bbox 113 446 1704 514; baseline 0.003 -16"><span class='ocrx_word' id='word_1_27' title='bbox 113 447 327 501; x_wconf 86' lang='grc' dir='ltr'>δουλείας</span> <span class='ocrx_word' id='word_1_28' title='bbox 357 449 632 499; x_wconf 79' lang='grc' dir='ltr'>ἀπεσείοντο</span> <span class='ocrx_word' id='word_1_29' title='bbox 663 447 746 498; x_wconf 84' lang='grc' dir='ltr'>τὸν</span> <span class='ocrx_word' id='word_1_30' title='bbox 772 446 926 514; x_wconf 74' lang='grc' dir='ltr'>ζυγὸν,</span> <span class='ocrx_word' id='word_1_31' title='bbox 951 450 1194 500; x_wconf 85' lang='grc' dir='ltr'>πλείστων</span> <span class='ocrx_word' id='word_1_32' title='bbox 1220 473 1267 501; x_wconf 89' lang='grc' dir='ltr'>τε</span> <span class='ocrx_word' id='word_1_33' title='bbox 1296 453 1425 501; x_wconf 86' lang='grc' dir='ltr'><em>ὅσων</em></span> <span class='ocrx_word' id='word_1_34' title='bbox 1450 452 1518 502; x_wconf 82' lang='grc' dir='ltr'>ἐπ’</span> <span class='ocrx_word' id='word_1_35' title='bbox 1548 452 1704 505; x_wconf 82' lang='grc' dir='ltr'>αὐτοῖς</span> 
     </span>
    </p>

    <p class='ocr_par' dir='ltr' id='par_1_4' title="bbox 71 529 1702 679">
     <span class='ocr_line' id='line_1_5' title="bbox 113 529 1700 601; baseline 0.003 -23"><span class='ocrx_word' id='word_1_36' title='bbox 113 531 188 579; x_wconf 84' lang='grc' dir='ltr'>καὶ</span> <span class='ocrx_word' id='word_1_37' title='bbox 223 529 533 598; x_wconf 79' lang='grc' dir='ltr'>ἀξιαγάστων</span> <span class='ocrx_word' id='word_1_38' title='bbox 559 530 906 592; x_wconf 78' lang='grc' dir='ltr'>τετελεσμένων</span> <span class='ocrx_word' id='word_1_39' title='bbox 940 532 1163 594; x_wconf 83' lang='grc' dir='ltr'>σημείων,</span> <span class='ocrx_word' id='word_1_40' title='bbox 1192 532 1394 601; x_wconf 74' lang='grc' dir='ltr'>ἐξῄεσαν</span> <span class='ocrx_word' id='word_1_41' title='bbox 1428 531 1579 595; x_wconf 88' lang='grc' dir='ltr'>μόλις,</span> <span class='ocrx_word' id='word_1_42' title='bbox 1605 536 1700 584; x_wconf 88' lang='grc' dir='ltr'>διε-</span> 
     </span>
     <span class='ocr_line' id='line_1_6' title="bbox 71 610 1702 679; baseline 0.004 -19"><span class='ocrx_word' id='word_1_43' title='bbox 71 610 428 676; x_wconf 83' lang='grc' dir='ltr'>5βιβάσθησαν</span> <span class='ocrx_word' id='word_1_44' title='bbox 466 611 513 663; x_wconf 78' lang='grc' dir='ltr'>δὲ</span> <span class='ocrx_word' id='word_1_45' title='bbox 552 614 626 663; x_wconf 75' lang='grc' dir='ltr'>καὶ</span> <span class='ocrx_word' id='word_1_46' title='bbox 667 611 742 663; x_wconf 77' lang='grc' dir='ltr'>διὰ</span> <span class='ocrx_word' id='word_1_47' title='bbox 781 610 1038 677; x_wconf 83' lang='grc' dir='ltr'>θαλάσσης</span> <span class='ocrx_word' id='word_1_48' title='bbox 1077 614 1235 677; x_wconf 81' lang='grc' dir='ltr'>αὐτῆς,</span> <span class='ocrx_word' id='word_1_49' title='bbox 1274 614 1620 679; x_wconf 87' lang='grc' dir='ltr'>κατεδηδόκασί</span> <span class='ocrx_word' id='word_1_50' title='bbox 1652 637 1702 666; x_wconf 89' lang='grc' dir='ltr'>τε</span> 
     </span>
    </p>

    <p class='ocr_par' dir='ltr' id='par_1_5' title="bbox 109 691 1702 928">
     <span class='ocr_line' id='line_1_7' title="bbox 111 691 1702 762; baseline 0.004 -20"><span class='ocrx_word' id='word_1_51' title='bbox 111 691 194 743; x_wconf 83' lang='grc' dir='ltr'>τὸν</span> <span class='ocrx_word' id='word_1_52' title='bbox 233 693 378 758; x_wconf 78' lang='grc' dir='ltr'>ἄρτον</span> <span class='ocrx_word' id='word_1_53' title='bbox 415 693 498 745; x_wconf 77' lang='grc' dir='ltr'>τὸν</span> <span class='ocrx_word' id='word_1_54' title='bbox 536 694 593 762; x_wconf 77' lang='grc' dir='ltr'>ἐξ</span> <span class='ocrx_word' id='word_1_55' title='bbox 633 695 845 759; x_wconf 81' lang='grc' dir='ltr'>οὐρανοῦ,</span> <span class='ocrx_word' id='word_1_56' title='bbox 887 697 961 745; x_wconf 78' lang='grc' dir='ltr'>καὶ</span> <span class='ocrx_word' id='word_1_57' title='bbox 1002 695 1126 761; x_wconf 80' lang='grc' dir='ltr'>ὕδωρ</span> <span class='ocrx_word' id='word_1_58' title='bbox 1164 697 1214 746; x_wconf 80' lang='grc' dir='ltr'>ἐκ</span> <span class='ocrx_word' id='word_1_59' title='bbox 1251 696 1423 762; x_wconf 82' lang='grc' dir='ltr'>πέτρας</span> <span class='ocrx_word' id='word_1_60' title='bbox 1465 695 1702 759; x_wconf 75' lang='grc' dir='ltr'>ἀδοκήτως</span> 
     </span>
     <span class='ocr_line' id='line_1_8' title="bbox 110 775 1698 845; baseline 0.002 -20"><span class='ocrx_word' id='word_1_61' title='bbox 110 775 388 839; x_wconf 78' lang='grc' dir='ltr'>ἐκκομισθὲν</span> <span class='ocrx_word' id='word_1_62' title='bbox 430 777 479 826; x_wconf 87' lang='grc' dir='ltr'>ἐν</span> <span class='ocrx_word' id='word_1_63' title='bbox 523 779 581 844; x_wconf 85' lang='grc' dir='ltr'>τῇ</span> <span class='ocrx_word' id='word_1_64' title='bbox 628 775 784 845; x_wconf 79' lang='grc' dir='ltr'>ἐρήμῳ</span> <span class='ocrx_word' id='word_1_65' title='bbox 831 776 1085 829; x_wconf 87' lang='grc' dir='ltr'>πεπόκασι.</span> <span class='ocrx_word' id='word_1_66' title='bbox 1158 777 1207 827; x_wconf 89' lang='grc' dir='ltr'>τί</span> <span class='ocrx_word' id='word_1_67' title='bbox 1247 778 1328 827; x_wconf 82' lang='grc' dir='ltr'>οῦν</span> <span class='ocrx_word' id='word_1_68' title='bbox 1374 781 1416 828; x_wconf 82' lang='grc' dir='ltr'>οἱ</span> <span class='ocrx_word' id='word_1_69' title='bbox 1467 777 1698 838; x_wconf 87' lang='grc' dir='ltr'>τάλανες;</span> 
     </span>
     <span class='ocr_line' id='line_1_9' title="bbox 109 856 1700 928; baseline 0.004 -22"><span class='ocrx_word' id='word_1_70' title='bbox 109 856 584 925; x_wconf 87' lang='grc' dir='ltr'>μεμοσχοποιήκασιν</span> <span class='ocrx_word' id='word_1_71' title='bbox 622 857 825 912; x_wconf 86' lang='grc' dir='ltr'>ἀπόντος</span> <span class='ocrx_word' id='word_1_72' title='bbox 866 858 1128 921; x_wconf 78' lang='grc' dir='ltr'>Μωυσέως,</span> <span class='ocrx_word' id='word_1_73' title='bbox 1168 860 1243 909; x_wconf 80' lang='grc' dir='ltr'>καὶ</span> <span class='ocrx_word' id='word_1_74' title='bbox 1285 861 1346 913; x_wconf 87' lang='grc' dir='ltr'>ὡς</span> <span class='ocrx_word' id='word_1_75' title='bbox 1388 860 1412 910; x_wconf 86' lang='grc' dir='ltr'><em>ὁ</em></span> <span class='ocrx_word' id='word_1_76' title='bbox 1451 859 1700 928; x_wconf 82' lang='grc' dir='ltr'>προφήτης</span> 
     </span>
    </p>

    <p class='ocr_par' dir='ltr' id='par_1_6' title="bbox 110 938 1921 1009">
     <span class='ocr_line' id='line_1_10' title="bbox 110 938 1921 1009; baseline 0.003 -21"><span class='ocrx_word' id='word_1_77' title='bbox 110 940 276 1005; x_wconf 74' lang='grc' dir='ltr'>φησὶν,</span> <span class='ocrx_word' id='word_1_78' title='bbox 316 938 601 1000; x_wconf 55' lang='grc' dir='ltr'>ἀνέλαβον(</span> <span class='ocrx_word' id='word_1_79' title='bbox 605 938 722 1003; x_wconf 73' lang='grc' dir='ltr'>ίτὴν</span> <span class='ocrx_word' id='word_1_80' title='bbox 756 939 939 1004; x_wconf 85' lang='grc' dir='ltr'>σκηνὴν</span> <span class='ocrx_word' id='word_1_81' title='bbox 970 946 1053 991; x_wconf 91' lang='grc' dir='ltr'>τοῦ</span> <span class='ocrx_word' id='word_1_82' title='bbox 1095 940 1274 1009; x_wconf 83' lang='grc' dir='ltr'>Μολὸχ</span> <span class='ocrx_word' id='word_1_83' title='bbox 1312 943 1388 992; x_wconf 81' lang='grc' dir='ltr'>καὶ</span> <span class='ocrx_word' id='word_1_84' title='bbox 1425 940 1480 992; x_wconf 82' lang='grc' dir='ltr'>τὸ</span> <span class='ocrx_word' id='word_1_85' title='bbox 1519 943 1700 1008; x_wconf 86' lang='grc' dir='ltr'>ἀστρον</span> <span class='ocrx_word' id='word_1_86' title='bbox 1763 956 1849 986; x_wconf 74' lang='lat' dir='ltr'>Acta</span> <span class='ocrx_word' id='word_1_87' title='bbox 1866 956 1921 987; x_wconf 61' lang='lat' dir='ltr'>SS-</span> 
     </span>
    </p>
   </div>
   <div class='ocr_carea' id='block_1_3' title="bbox 44 1000 1920 1217">
    <p class='ocr_par' dir='ltr' id='par_1_7' title="bbox 44 1000 1920 1215">
     <span class='ocr_line' id='line_1_11' title="bbox 44 1000 1920 1089; baseline 0.007 -30"><span class='ocrx_word' id='word_1_88' title='bbox 44 1026 138 1059; x_wconf 53' lang='grc' dir='ltr'>ποί(</span> <span class='ocrx_word' id='word_1_89' title='bbox 163 1026 246 1071; x_wconf 88' lang='grc' dir='ltr'>τοῦ</span> <span class='ocrx_word' id='word_1_90' title='bbox 305 1024 414 1072; x_wconf 87' lang='grc' dir='ltr'>θεοῦ</span> <span class='ocrx_word' id='word_1_91' title='bbox 467 1021 622 1072; x_wconf 79' lang='grc' dir='ltr'>αὐτῶν</span> <span class='ocrx_word' id='word_1_92' title='bbox 664 1020 856 1089; x_wconf 81' lang='grc' dir='ltr'>Ρεφάν,</span> <span class='ocrx_word' id='word_1_93' title='bbox 902 1020 1012 1076; x_wconf 78' lang='grc' dir='ltr'>τοὺς</span> <span class='ocrx_word' id='word_1_94' title='bbox 1060 1021 1234 1077; x_wconf 80' lang='grc' dir='ltr'>τύπους</span> <span class='ocrx_word' id='word_1_95' title='bbox 1284 1023 1363 1077; x_wconf 81' lang='grc' dir='ltr'>οῦς</span> <span class='ocrx_word' id='word_1_96' title='bbox 1414 1000 1839 1088; x_wconf 39' lang='grc' dir='ltr'>πεποιήκασιᾱῖςῐζ1</span> <span class='ocrx_word' id='word_1_97' title='bbox 1844 1010 1920 1073; x_wconf 36' lang='lat'>§4¹¹⁸</span> 
     </span>
     <span class='ocr_line' id='line_1_12' title="bbox 108 1087 1869 1169; baseline 0.004 -16.221"><span class='ocrx_word' id='word_1_98' title='bbox 108 1107 445 1169; x_wconf 81' lang='grc' dir='ltr'>“προσκυνεΐν</span> <span class='ocrx_word' id='word_1_99' title='bbox 470 1103 664 1156; x_wconf 51' lang='grc' dir='ltr'>αὐτοΐςΫ</span> <span class='ocrx_word' id='word_1_100' title='bbox 717 1104 828 1153; x_wconf 84' lang='grc' dir='ltr'>ἀλλ’</span> <span class='ocrx_word' id='word_1_101' title='bbox 857 1104 1018 1153; x_wconf 84' lang='grc' dir='ltr'>ἐκεῖνοι</span> <span class='ocrx_word' id='word_1_102' title='bbox 1043 1126 1128 1166; x_wconf 92' lang='grc' dir='ltr'>μεν</span> <span class='ocrx_word' id='word_1_103' title='bbox 1154 1105 1431 1155; x_wconf 83' lang='grc' dir='ltr'>διολώλασι</span> <span class='ocrx_word' id='word_1_104' title='bbox 1482 1105 1696 1157; x_wconf 85' lang='grc' dir='ltr'>πέπτωκε</span> <span class='ocrx_word' id='word_1_105' title='bbox 1760 1087 1869 1161; x_wconf 44' lang='grc' dir='ltr'>ἒῐὲἓς</span> 
     </span>
     <span class='ocr_line' id='line_1_13' title="bbox 1759 1183 1909 1217; baseline 0.014 -4"><span class='ocrx_word' id='word_1_106' title='bbox 1759 1183 1846 1215; x_wconf 71' lang='lat' dir='ltr'><strong>Hel).</strong></span> <span class='ocrx_word' id='word_1_107' title='bbox 1864 1185 1909 1217; x_wconf 84' lang='lat' dir='ltr'><strong>iii.</strong></span> 
     </span>
    </p>
   </div>
   <div class='ocr_carea' id='block_1_4' title="bbox 37 1183 1914 2479">
    <p class='ocr_par' dir='ltr' id='par_1_8' title="bbox 106 1183 1813 1417">
     <span class='ocr_line' id='line_1_14' title="bbox 107 1183 1813 1267; baseline 0.003 -33"><span class='ocrx_word' id='word_1_108' title='bbox 107 1183 202 1250; x_wconf 78' lang='grc' dir='ltr'>γὰρ</span> <span class='ocrx_word' id='word_1_109' title='bbox 239 1184 299 1235; x_wconf 80' lang='grc' dir='ltr'>τὰ</span> <span class='ocrx_word' id='word_1_110' title='bbox 337 1189 471 1235; x_wconf 84' lang='grc' dir='ltr'>κῶλα</span> <span class='ocrx_word' id='word_1_111' title='bbox 508 1185 711 1235; x_wconf 82' lang='grc' dir='ltr'>αὑτῶν’</span> <span class='ocrx_word' id='word_1_112' title='bbox 689 1207 737 1235; x_wconf 85' lang='grc' dir='ltr'>εν</span> <span class='ocrx_word' id='word_1_113' title='bbox 764 1188 822 1252; x_wconf 84' lang='grc' dir='ltr'>τῇ</span> <span class='ocrx_word' id='word_1_114' title='bbox 857 1184 1027 1254; x_wconf 81' lang='grc' dir='ltr'>ἐρήμῳ,</span> <span class='ocrx_word' id='word_1_115' title='bbox 1055 1184 1175 1235; x_wconf 91' lang='grc' dir='ltr'>καθα</span> <span class='ocrx_word' id='word_1_116' title='bbox 1211 1209 1488 1252; x_wconf 85' lang='grc' dir='ltr'>γεγραπται.</span> <span class='ocrx_word' id='word_1_117' title='bbox 1542 1187 1696 1252; x_wconf 85' lang='grc' dir='ltr'>ἐπειδὴ</span> <span class='ocrx_word' id='word_1_118' title='bbox 1762 1235 1813 1267; x_wconf 85' lang='lat'>17·</span> 
     </span>
     <span class='ocr_line' id='line_1_15' title="bbox 108 1265 1691 1335; baseline 0.002 -19"><span class='ocrx_word' id='word_1_119' title='bbox 108 1265 156 1316; x_wconf 75' lang='grc' dir='ltr'>δὲ</span> <span class='ocrx_word' id='word_1_120' title='bbox 201 1266 584 1330; x_wconf 79' lang='grc' dir='ltr'>διεβιβάσθησαν</span> <span class='ocrx_word' id='word_1_121' title='bbox 621 1265 704 1316; x_wconf 80' lang='grc' dir='ltr'>τὸν</span> <span class='ocrx_word' id='word_1_122' title='bbox 742 1266 985 1332; x_wconf 81' lang='grc' dir='ltr'>Ἰορδάνην</span> <span class='ocrx_word' id='word_1_123' title='bbox 1030 1269 1070 1317; x_wconf 79' lang='grc' dir='ltr'>οἱ</span> <span class='ocrx_word' id='word_1_124' title='bbox 1113 1268 1210 1330; x_wconf 80' lang='grc' dir='ltr'>μετ’</span> <span class='ocrx_word' id='word_1_125' title='bbox 1256 1268 1436 1331; x_wconf 81' lang='grc' dir='ltr'>αὐτοῦς,</span> <span class='ocrx_word' id='word_1_126' title='bbox 1480 1292 1691 1335; x_wconf 88' lang='grc' dir='ltr'>στρατη-</span> 
     </span>
     <span class='ocr_line' id='line_1_16' title="bbox 106 1348 1696 1417; baseline 0.003 -19"><span class='ocrx_word' id='word_1_127' title='bbox 106 1353 304 1412; x_wconf 86' lang='grc' dir='ltr'>γοῦντος</span> <span class='ocrx_word' id='word_1_128' title='bbox 337 1349 515 1413; x_wconf 85' lang='grc' dir='ltr'>Ἰησοῦ,</span> <span class='ocrx_word' id='word_1_129' title='bbox 544 1348 692 1399; x_wconf 78' lang='grc' dir='ltr'>πάλιν</span> <span class='ocrx_word' id='word_1_130' title='bbox 726 1353 810 1398; x_wconf 91' lang='grc' dir='ltr'>τοῦ</span> <span class='ocrx_word' id='word_1_131' title='bbox 851 1349 1023 1415; x_wconf 85' lang='grc' dir='ltr'>χρόνου</span> <span class='ocrx_word' id='word_1_132' title='bbox 1060 1349 1414 1414; x_wconf 77' lang='grc' dir='ltr'>προβαίνοντος,</span> <span class='ocrx_word' id='word_1_133' title='bbox 1451 1350 1696 1417; x_wconf 85' lang='grc' dir='ltr'>γεγονότες</span> 
     </span>
    </p>

    <p class='ocr_par' dir='ltr' id='par_1_9' title="bbox 41 1428 1732 1828">
     <span class='ocr_line' id='line_1_17' title="bbox 41 1428 1697 1498; baseline 0.001 -17"><span class='ocrx_word' id='word_1_134' title='bbox 41 1443 86 1481; x_wconf 80' lang='grc' dir='ltr'>Ι5</span> <span class='ocrx_word' id='word_1_135' title='bbox 108 1428 198 1481; x_wconf 83' lang='grc' dir='ltr'>ὑπὸ</span> <span class='ocrx_word' id='word_1_136' title='bbox 226 1428 398 1496; x_wconf 82' lang='grc' dir='ltr'>κριτὰς,</span> <span class='ocrx_word' id='word_1_137' title='bbox 425 1429 771 1495; x_wconf 87' lang='grc' dir='ltr'>λελατρεύκασι</span> <span class='ocrx_word' id='word_1_138' title='bbox 797 1434 894 1482; x_wconf 81' lang='grc' dir='ltr'>τοῖς</span> <span class='ocrx_word' id='word_1_139' title='bbox 920 1430 1146 1484; x_wconf 81' lang='grc' dir='ltr'>εἰδώλοις·</span> <span class='ocrx_word' id='word_1_140' title='bbox 1190 1430 1321 1481; x_wconf 78' lang='grc' dir='ltr'>ἀλλὰ</span> <span class='ocrx_word' id='word_1_141' title='bbox 1349 1434 1423 1482; x_wconf 81' lang='grc' dir='ltr'>καὶ</span> <span class='ocrx_word' id='word_1_142' title='bbox 1449 1433 1498 1482; x_wconf 83' lang='grc' dir='ltr'>ἐν</span> <span class='ocrx_word' id='word_1_143' title='bbox 1523 1437 1697 1498; x_wconf 83' lang='grc' dir='ltr'>καιροῖς</span> 
     </span>
     <span class='ocr_line' id='line_1_18' title="bbox 105 1510 1693 1582; baseline 0.002 -20"><span class='ocrx_word' id='word_1_144' title='bbox 105 1515 199 1562; x_wconf 83' lang='grc' dir='ltr'>τῶν</span> <span class='ocrx_word' id='word_1_145' title='bbox 225 1512 372 1578; x_wconf 85' lang='grc' dir='ltr'>ἁγίων</span> <span class='ocrx_word' id='word_1_146' title='bbox 395 1515 656 1579; x_wconf 81' lang='grc' dir='ltr'>προφητῶν</span> <span class='ocrx_word' id='word_1_147' title='bbox 681 1510 907 1563; x_wconf 87' lang='grc' dir='ltr'>τεθύκασι</span> <span class='ocrx_word' id='word_1_148' title='bbox 933 1516 1034 1565; x_wconf 81' lang='grc' dir='ltr'>ταῖς</span> <span class='ocrx_word' id='word_1_149' title='bbox 1068 1512 1305 1575; x_wconf 80' lang='grc' dir='ltr'>δαμάλεσι</span> <span class='ocrx_word' id='word_1_150' title='bbox 1339 1517 1439 1568; x_wconf 84' lang='grc' dir='ltr'>ταῖς</span> <span class='ocrx_word' id='word_1_151' title='bbox 1473 1520 1693 1582; x_wconf 80' lang='grc' dir='ltr'>χρυσαῖς,</span> 
     </span>
     <span class='ocr_line' id='line_1_19' title="bbox 106 1592 1695 1662; baseline 0.002 -18"><span class='ocrx_word' id='word_1_152' title='bbox 106 1592 160 1647; x_wconf 82' lang='grc' dir='ltr'>ἃς</span> <span class='ocrx_word' id='word_1_153' title='bbox 186 1595 438 1658; x_wconf 81' lang='grc' dir='ltr'>πεποίηκεν</span> <span class='ocrx_word' id='word_1_154' title='bbox 464 1594 620 1647; x_wconf 82' lang='grc' dir='ltr'>αὐτοῖς</span> <span class='ocrx_word' id='word_1_155' title='bbox 648 1594 672 1644; x_wconf 87' lang='grc' dir='ltr'><em>ὁ</em></span> <span class='ocrx_word' id='word_1_156' title='bbox 699 1592 929 1660; x_wconf 80' lang='grc' dir='ltr'>ἐπάρατος</span> <span class='ocrx_word' id='word_1_157' title='bbox 955 1593 1222 1660; x_wconf 67' lang='grc' dir='ltr'>Ἰεροβοὰμ,</span> <span class='ocrx_word' id='word_1_158' title='bbox 1250 1597 1326 1646; x_wconf 83' lang='grc' dir='ltr'>καὶ</span> <span class='ocrx_word' id='word_1_159' title='bbox 1359 1595 1478 1662; x_wconf 78' lang='grc' dir='ltr'>πρὸς</span> <span class='ocrx_word' id='word_1_160' title='bbox 1504 1596 1695 1651; x_wconf 84' lang='grc' dir='ltr'>ταύταις</span> 
     </span>
     <span class='ocr_line' id='line_1_20' title="bbox 105 1674 1690 1744; baseline 0.003 -18"><span class='ocrx_word' id='word_1_161' title='bbox 105 1674 170 1726; x_wconf 72' lang='grc' dir='ltr'>ἔτι</span> <span class='ocrx_word' id='word_1_162' title='bbox 195 1675 361 1740; x_wconf 78' lang='grc' dir='ltr'>τεμένη</span> <span class='ocrx_word' id='word_1_163' title='bbox 387 1699 435 1727; x_wconf 89' lang='grc' dir='ltr'>τε</span> <span class='ocrx_word' id='word_1_164' title='bbox 462 1677 537 1726; x_wconf 81' lang='grc' dir='ltr'>καὶ</span> <span class='ocrx_word' id='word_1_165' title='bbox 563 1675 752 1740; x_wconf 79' lang='grc' dir='ltr'>βωμοὺς</span> <span class='ocrx_word' id='word_1_166' title='bbox 787 1675 1075 1739; x_wconf 81' lang='grc' dir='ltr'>ἀνιστάντες,</span> <span class='ocrx_word' id='word_1_167' title='bbox 1102 1676 1234 1728; x_wconf 73' lang='grc' dir='ltr'>οὐδὲν</span> <span class='ocrx_word' id='word_1_168' title='bbox 1258 1676 1400 1741; x_wconf 78' lang='grc' dir='ltr'>ἧττον</span> <span class='ocrx_word' id='word_1_169' title='bbox 1425 1701 1690 1744; x_wconf 89' lang='grc' dir='ltr'>προσκεκυ-</span> 
     </span>
     <span class='ocr_line' id='line_1_21' title="bbox 106 1756 1732 1828; baseline 0.002 -20"><span class='ocrx_word' id='word_1_170' title='bbox 106 1756 277 1822; x_wconf 90' lang='grc' dir='ltr'>νήκασι</span> <span class='ocrx_word' id='word_1_171' title='bbox 310 1761 369 1826; x_wconf 81' lang='grc' dir='ltr'>τῇ</span> <span class='ocrx_word' id='word_1_172' title='bbox 404 1757 557 1821; x_wconf 81' lang='grc' dir='ltr'>Βάαλ,</span> <span class='ocrx_word' id='word_1_173' title='bbox 583 1761 651 1828; x_wconf 73' lang='grc' dir='ltr'>τῷ</span> <span class='ocrx_word' id='word_1_174' title='bbox 685 1756 878 1821; x_wconf 77' lang='grc' dir='ltr'>Χαμώς,</span> <span class='ocrx_word' id='word_1_175' title='bbox 905 1762 963 1826; x_wconf 83' lang='grc' dir='ltr'>τῇ</span> <span class='ocrx_word' id='word_1_176' title='bbox 993 1759 1254 1826; x_wconf 82' lang='grc' dir='ltr'>Ἀστάρτῃ,</span> <span class='ocrx_word' id='word_1_177' title='bbox 1281 1764 1348 1828; x_wconf 77' lang='grc' dir='ltr'>τῷ</span> <span class='ocrx_word' id='word_1_178' title='bbox 1384 1761 1685 1828; x_wconf 82' lang='grc' dir='ltr'>Βεελφεγώρ.</span> <span class='ocrx_word' id='word_1_179' title='bbox 1711 1781 1732 1806; x_wconf 83' lang='lat' dir='ltr'><strong>e</strong></span> 
     </span>
    </p>

    <p class='ocr_par' dir='ltr' id='par_1_10' title="bbox 37 1839 1897 2251">
     <span class='ocr_line' id='line_1_22' title="bbox 37 1839 1692 1908; baseline 0.004 -21"><span class='ocrx_word' id='word_1_180' title='bbox 37 1863 87 1887; x_wconf 91' lang='lat'>20</span> <span class='ocrx_word' id='word_1_181' title='bbox 106 1842 180 1890; x_wconf 83' lang='grc' dir='ltr'>καὶ</span> <span class='ocrx_word' id='word_1_182' title='bbox 225 1839 279 1890; x_wconf 83' lang='grc' dir='ltr'>τὸ</span> <span class='ocrx_word' id='word_1_183' title='bbox 324 1840 390 1891; x_wconf 76' lang='grc' dir='ltr'>ε”τι</span> <span class='ocrx_word' id='word_1_184' title='bbox 434 1839 614 1891; x_wconf 87' lang='grc' dir='ltr'>τούτων</span> <span class='ocrx_word' id='word_1_185' title='bbox 657 1839 867 1891; x_wconf 83' lang='grc' dir='ltr'>ἐπέκεινα</span> <span class='ocrx_word' id='word_1_186' title='bbox 909 1844 1005 1890; x_wconf 83' lang='grc' dir='ltr'>τῶν</span> <span class='ocrx_word' id='word_1_187' title='bbox 1050 1844 1218 1890; x_wconf 84' lang='grc' dir='ltr'>κακῶν·</span> <span class='ocrx_word' id='word_1_188' title='bbox 1270 1842 1324 1892; x_wconf 82' lang='grc' dir='ltr'>οὐ</span> <span class='ocrx_word' id='word_1_189' title='bbox 1367 1842 1460 1908; x_wconf 83' lang='grc' dir='ltr'>γὰρ</span> <span class='ocrx_word' id='word_1_190' title='bbox 1505 1842 1562 1906; x_wconf 80' lang='grc' dir='ltr'>δὴ</span> <span class='ocrx_word' id='word_1_191' title='bbox 1605 1842 1692 1907; x_wconf 89' lang='grc' dir='ltr'>τὴν</span> 
     </span>
     <span class='ocr_line' id='line_1_23' title="bbox 105 1920 1688 1990; baseline 0.003 -20"><span class='ocrx_word' id='word_1_192' title='bbox 105 1921 334 1985; x_wconf 84' lang='grc' dir='ltr'>ἀγελαίαν</span> <span class='ocrx_word' id='word_1_193' title='bbox 366 1923 441 1972; x_wconf 80' lang='grc' dir='ltr'>καὶ</span> <span class='ocrx_word' id='word_1_194' title='bbox 476 1921 762 1988; x_wconf 81' lang='grc' dir='ltr'>συρφετώδη</span> <span class='ocrx_word' id='word_1_195' title='bbox 797 1920 987 1985; x_wconf 79' lang='grc' dir='ltr'>πληθὺν</span> <span class='ocrx_word' id='word_1_196' title='bbox 1019 1921 1166 1985; x_wconf 88' lang='grc' dir='ltr'>μόνην</span> <span class='ocrx_word' id='word_1_197' title='bbox 1199 1924 1248 1973; x_wconf 84' lang='grc' dir='ltr'>ἐν</span> <span class='ocrx_word' id='word_1_198' title='bbox 1278 1922 1457 1977; x_wconf 80' lang='grc' dir='ltr'>τούτοις</span> <span class='ocrx_word' id='word_1_199' title='bbox 1493 1928 1688 1990; x_wconf 83' lang='grc' dir='ltr'>γεγενῆ-</span> 
     </span>
     <span class='ocr_line' id='line_1_24' title="bbox 104 2001 1689 2071; baseline 0.003 -19"><span class='ocrx_word' id='word_1_200' title='bbox 104 2003 225 2053; x_wconf 89' lang='grc' dir='ltr'>σθαί</span> <span class='ocrx_word' id='word_1_201' title='bbox 261 2007 432 2071; x_wconf 89' lang='grc' dir='ltr'>φαμεν·</span> <span class='ocrx_word' id='word_1_202' title='bbox 489 2001 621 2053; x_wconf 79' lang='grc' dir='ltr'>ἀλλὰ</span> <span class='ocrx_word' id='word_1_203' title='bbox 653 2001 747 2069; x_wconf 77' lang='grc' dir='ltr'>γὰρ</span> <span class='ocrx_word' id='word_1_204' title='bbox 783 2004 859 2053; x_wconf 78' lang='grc' dir='ltr'>καὶ</span> <span class='ocrx_word' id='word_1_205' title='bbox 894 2003 950 2071; x_wconf 74' lang='grc' dir='ltr'>ἐξ</span> <span class='ocrx_word' id='word_1_206' title='bbox 987 2004 1141 2054; x_wconf 81' lang='grc' dir='ltr'>αὐτῶν</span> <span class='ocrx_word' id='word_1_207' title='bbox 1171 2008 1265 2055; x_wconf 79' lang='grc' dir='ltr'>τῶν</span> <span class='ocrx_word' id='word_1_208' title='bbox 1296 2004 1449 2071; x_wconf 78' lang='grc' dir='ltr'>ἱερέων</span> <span class='ocrx_word' id='word_1_209' title='bbox 1479 2007 1689 2058; x_wconf 83' lang='grc' dir='ltr'>ἐκκεκλι-</span> 
     </span>
     <span class='ocr_line' id='line_1_25' title="bbox 105 2083 1693 2155; baseline 0.003 -21"><span class='ocrx_word' id='word_1_210' title='bbox 105 2083 245 2137; x_wconf 89' lang='grc' dir='ltr'>κότας</span> <span class='ocrx_word' id='word_1_211' title='bbox 283 2084 497 2138; x_wconf 78' lang='grc' dir='ltr'>πολλοὺς</span> <span class='ocrx_word' id='word_1_212' title='bbox 538 2083 814 2150; x_wconf 86' lang='grc' dir='ltr'>εὑρήσομεν.</span> <span class='ocrx_word' id='word_1_213' title='bbox 878 2084 1116 2151; x_wconf 81' lang='grc' dir='ltr'>τοιγάρτοι</span> <span class='ocrx_word' id='word_1_214' title='bbox 1157 2087 1231 2136; x_wconf 79' lang='grc' dir='ltr'>καὶ</span> <span class='ocrx_word' id='word_1_215' title='bbox 1272 2086 1454 2155; x_wconf 73' lang='grc' dir='ltr'>ἔφασκε</span> <span class='ocrx_word' id='word_1_216' title='bbox 1494 2087 1570 2138; x_wconf 81' lang='grc' dir='ltr'>διὰ</span> <span class='ocrx_word' id='word_1_217' title='bbox 1609 2094 1693 2139; x_wconf 92' lang='grc' dir='ltr'>τοῦ</span> 
     </span>
     <span class='ocr_line' id='line_1_26' title="bbox 103 2165 1897 2251; baseline 0.003 -35"><span class='ocrx_word' id='word_1_218' title='bbox 103 2165 353 2234; x_wconf 87' lang='grc' dir='ltr'>προφήτου</span> <span class='ocrx_word' id='word_1_219' title='bbox 381 2165 503 2220; x_wconf 80' lang='grc' dir='ltr'>Θεός</span> <span class='ocrx_word' id='word_1_220' title='bbox 530 2173 556 2196; x_wconf 84' lang='grc'><strong>“</strong></span> <span class='ocrx_word' id='word_1_221' title='bbox 577 2169 642 2217; x_wconf 82' lang='grc' dir='ltr'>Οἱ</span> <span class='ocrx_word' id='word_1_222' title='bbox 669 2169 798 2232; x_wconf 82' lang='grc' dir='ltr'>ἱερεῖς</span> <span class='ocrx_word' id='word_1_223' title='bbox 824 2167 907 2217; x_wconf 81' lang='grc' dir='ltr'>οὐκ</span> <span class='ocrx_word' id='word_1_224' title='bbox 933 2165 1068 2217; x_wconf 79' lang='grc' dir='ltr'>εἶπαν</span> <span class='ocrx_word' id='word_1_225' title='bbox 1096 2171 1200 2218; x_wconf 86' lang='grc' dir='ltr'>Ποῦ</span> <span class='ocrx_word' id='word_1_226' title='bbox 1232 2169 1334 2218; x_wconf 82' lang='grc' dir='ltr'>ἐστι</span> <span class='ocrx_word' id='word_1_227' title='bbox 1364 2170 1535 2235; x_wconf 88' lang='grc' dir='ltr'>Κύριος</span> <span class='ocrx_word' id='word_1_228' title='bbox 1557 2192 1570 2232; x_wconf 88' lang='lat'>;</span> <span class='ocrx_word' id='word_1_229' title='bbox 1615 2173 1691 2222; x_wconf 84' lang='grc' dir='ltr'>καὶ</span> <span class='ocrx_word' id='word_1_230' title='bbox 1754 2176 1848 2251; x_wconf 53' lang='lat' dir='ltr'>{fier-</span> <span class='ocrx_word' id='word_1_231' title='bbox 1866 2180 1897 2210; x_wconf 72' lang='lat' dir='ltr'>ii·</span> 
     </span>
    </p>

    <p class='ocr_par' dir='ltr' id='par_1_11' title="bbox 38 2244 1784 2318">
     <span class='ocr_line' id='line_1_27' title="bbox 38 2244 1784 2318; baseline 0.003 -19"><span class='ocrx_word' id='word_1_232' title='bbox 38 2262 85 2299; x_wconf 86' lang='lat'>25</span> <span class='ocrx_word' id='word_1_233' title='bbox 106 2253 133 2276; x_wconf 73' lang='lat'>‘⁶</span> <span class='ocrx_word' id='word_1_234' title='bbox 159 2251 201 2298; x_wconf 83' lang='grc' dir='ltr'>οἱ</span> <span class='ocrx_word' id='word_1_235' title='bbox 225 2246 524 2315; x_wconf 87' lang='grc' dir='ltr'>ἀντεχόμενοι</span> <span class='ocrx_word' id='word_1_236' title='bbox 547 2253 631 2299; x_wconf 88' lang='grc' dir='ltr'>τοῦ</span> <span class='ocrx_word' id='word_1_237' title='bbox 658 2246 803 2311; x_wconf 86' lang='grc' dir='ltr'>νόμου</span> <span class='ocrx_word' id='word_1_238' title='bbox 824 2270 915 2311; x_wconf 88' lang='grc' dir='ltr'>μου</span> <span class='ocrx_word' id='word_1_239' title='bbox 941 2249 1024 2299; x_wconf 84' lang='grc' dir='ltr'>οὐκ</span> <span class='ocrx_word' id='word_1_240' title='bbox 1049 2248 1313 2318; x_wconf 75' lang='grc' dir='ltr'>ἠπίσταντό</span> <span class='ocrx_word' id='word_1_241' title='bbox 1338 2272 1409 2312; x_wconf 90' lang='grc' dir='ltr'>με,</span> <span class='ocrx_word' id='word_1_242' title='bbox 1431 2254 1505 2302; x_wconf 79' lang='grc' dir='ltr'>καὶ</span> <span class='ocrx_word' id='word_1_243' title='bbox 1527 2255 1569 2302; x_wconf 79' lang='grc' dir='ltr'>οἱ</span> <span class='ocrx_word' id='word_1_244' title='bbox 1588 2276 1692 2304; x_wconf 88' lang='grc' dir='ltr'>ποι-</span> <span class='ocrx_word' id='word_1_245' title='bbox 1777 2244 1784 2252; x_wconf 51' lang='grc'><strong>’</strong></span> 
     </span>
    </p>

    <p class='ocr_par' dir='ltr' id='par_1_12' title="bbox 106 2328 1914 2479">
     <span class='ocr_line' id='line_1_28' title="bbox 106 2328 1914 2403; baseline 0.003 -24"><span class='ocrx_word' id='word_1_246' title='bbox 106 2335 133 2358; x_wconf 84' lang='grc'><strong>“</strong></span> <span class='ocrx_word' id='word_1_247' title='bbox 159 2329 290 2392; x_wconf 80' lang='grc' dir='ltr'>με’νες</span> <span class='ocrx_word' id='word_1_248' title='bbox 330 2329 537 2393; x_wconf 76' lang='grc' dir='ltr'>ἠσέβουν</span> <span class='ocrx_word' id='word_1_249' title='bbox 574 2333 637 2383; x_wconf 81' lang='grc' dir='ltr'>εἰς</span> <span class='ocrx_word' id='word_1_250' title='bbox 674 2328 765 2393; x_wconf 77' lang='grc' dir='ltr'>ἐμὲ,</span> <span class='ocrx_word' id='word_1_251' title='bbox 801 2331 877 2380; x_wconf 80' lang='grc' dir='ltr'>καὶ</span> <span class='ocrx_word' id='word_1_252' title='bbox 917 2333 959 2380; x_wconf 80' lang='grc' dir='ltr'>οἱ</span> <span class='ocrx_word' id='word_1_253' title='bbox 999 2333 1239 2398; x_wconf 82' lang='grc' dir='ltr'>προφῆται</span> <span class='ocrx_word' id='word_1_254' title='bbox 1278 2331 1598 2399; x_wconf 86' lang='grc' dir='ltr'>προεφήτευον</span> <span class='ocrx_word' id='word_1_255' title='bbox 1632 2339 1691 2403; x_wconf 84' lang='grc' dir='ltr'>τῇ</span> <span class='ocrx_word' id='word_1_256' title='bbox 1710 2357 1731 2381; x_wconf 84' lang='lat' dir='ltr'>a</span> <span class='ocrx_word' id='word_1_257' title='bbox 1754 2348 1832 2383; x_wconf 91' lang='lat'>815</span> <span class='ocrx_word' id='word_1_258' title='bbox 1861 2349 1914 2385; x_wconf 89' lang='lat' dir='ltr'>A.</span> 
     </span>
     <span class='ocr_line' id='line_1_29' title="bbox 106 2409 1691 2479; baseline 0.004 -19"><span class='ocrx_word' id='word_1_259' title='bbox 106 2417 132 2439; x_wconf 76' lang='lat'>‘⁶</span> <span class='ocrx_word' id='word_1_260' title='bbox 160 2409 313 2473; x_wconf 83' lang='grc' dir='ltr'>Βάαλ,</span> <span class='ocrx_word' id='word_1_261' title='bbox 329 2433 405 2461; x_wconf 91' lang='grc' dir='ltr'>και</span> <span class='ocrx_word' id='word_1_262' title='bbox 431 2411 587 2462; x_wconf 88' lang='grc' dir='ltr'>ὀπίσω</span> <span class='ocrx_word' id='word_1_263' title='bbox 614 2412 890 2479; x_wconf 87' lang='grc' dir='ltr'>ἀνωφελοῦς</span> <span class='ocrx_word' id='word_1_264' title='bbox 916 2411 1280 2477; x_wconf 58' lang='lat' dir='ltr'>e&#39;7ropev&#39;Oryffavff’</span> <span class='ocrx_word' id='word_1_265' title='bbox 1308 2414 1518 2465; x_wconf 87' lang='grc' dir='ltr'>τεθέαται</span> <span class='ocrx_word' id='word_1_266' title='bbox 1546 2414 1595 2466; x_wconf 86' lang='grc' dir='ltr'>δε</span> <span class='ocrx_word' id='word_1_267' title='bbox 1616 2420 1691 2467; x_wconf 82' lang='grc' dir='ltr'>καὶ</span> 
     </span>
    </p>
   </div>
   <div class='ocr_carea' id='block_1_5' title="bbox 105 2491 1887 2583">
    <p class='ocr_par' dir='ltr' id='par_1_13' title="bbox 105 2491 1887 2583">
     <span class='ocr_line' id='line_1_30' title="bbox 105 2491 1887 2583; baseline 0.005 -41"><span class='ocrx_word' id='word_1_268' title='bbox 105 2491 131 2542; x_wconf 82' lang='grc' dir='ltr'><em>ὃ</em></span> <span class='ocrx_word' id='word_1_269' title='bbox 164 2492 414 2562; x_wconf 88' lang='grc' dir='ltr'>προφήτης</span> <span class='ocrx_word' id='word_1_270' title='bbox 438 2491 658 2559; x_wconf 74' lang='grc' dir='ltr'>Ιεζεκιὴλ</span> <span class='ocrx_word' id='word_1_271' title='bbox 690 2500 717 2522; x_wconf 81' lang='grc'><strong>“</strong></span> <span class='ocrx_word' id='word_1_272' title='bbox 737 2494 798 2546; x_wconf 89' lang='grc' dir='ltr'>ὡς</span> <span class='ocrx_word' id='word_1_273' title='bbox 833 2492 982 2543; x_wconf 89' lang='grc' dir='ltr'>είκοσι</span> <span class='ocrx_word' id='word_1_274' title='bbox 1017 2495 1093 2544; x_wconf 82' lang='grc' dir='ltr'>καὶ</span> <span class='ocrx_word' id='word_1_275' title='bbox 1137 2516 1273 2545; x_wconf 89' lang='grc' dir='ltr'>πεντε</span> <span class='ocrx_word' id='word_1_276' title='bbox 1307 2494 1480 2560; x_wconf 75' lang='grc' dir='ltr'>ἄνδρας</span> <span class='ocrx_word' id='word_1_277' title='bbox 1514 2497 1564 2548; x_wconf 84' lang='grc' dir='ltr'>ἐκ</span> <span class='ocrx_word' id='word_1_278' title='bbox 1595 2502 1690 2549; x_wconf 81' lang='grc' dir='ltr'>τῶν</span> <span class='ocrx_word' id='word_1_279' title='bbox 1752 2506 1887 2583; x_wconf 38' lang='lat' dir='ltr'>&amp;gez-6</span> 
     </span>
    </p>
   </div>
   <div class='ocr_carea' id='block_1_6' title="bbox 104 2649 1689 2978">
    <p class='ocr_par' dir='ltr' id='par_1_14' title="bbox 104 2649 1689 2975">
     <span class='ocr_line' id='line_1_31' title="bbox 155 2649 1689 2709; baseline 0.004 -25"><span class='ocrx_word' id='word_1_280' title='bbox 155 2661 186 2684; x_wconf 93' lang='lat'>1.</span> <span class='ocrx_word' id='word_1_281' title='bbox 212 2649 357 2684; x_wconf 80' lang='grc' dir='ltr'>κατείδοι</span> <span class='ocrx_word' id='word_1_282' title='bbox 375 2650 418 2684; x_wconf 88' lang='lat' dir='ltr'>C.</span> <span class='ocrx_word' id='word_1_283' title='bbox 493 2650 736 2695; x_wconf 81' lang='grc' dir='ltr'>ἀταλαιπώρως</span> <span class='ocrx_word' id='word_1_284' title='bbox 755 2651 796 2685; x_wconf 89' lang='lat' dir='ltr'>C.</span> <span class='ocrx_word' id='word_1_285' title='bbox 815 2652 1039 2709; x_wconf 49' lang='grc' dir='ltr'>ταλαίπωρον,</span> <span class='ocrx_word' id='word_1_286' title='bbox 1049 2651 1141 2686; x_wconf 85' lang='lat' dir='ltr'><strong>Edd.</strong></span> <span class='ocrx_word' id='word_1_287' title='bbox 1218 2654 1283 2697; x_wconf 86' lang='grc' dir='ltr'>γὰρ</span> <span class='ocrx_word' id='word_1_288' title='bbox 1301 2660 1523 2698; x_wconf 83' lang='lat' dir='ltr'><strong>assumptum</strong></span> <span class='ocrx_word' id='word_1_289' title='bbox 1540 2667 1582 2689; x_wconf 82' lang='lat' dir='ltr'>ex</span> <span class='ocrx_word' id='word_1_290' title='bbox 1602 2655 1642 2690; x_wconf 87' lang='lat' dir='ltr'>B.</span> <span class='ocrx_word' id='word_1_291' title='bbox 1648 2655 1689 2691; x_wconf 87' lang='lat' dir='ltr'>C.</span> 
     </span>
     <span class='ocr_line' id='line_1_32' title="bbox 104 2696 1688 2744; baseline 0.004 -14"><span class='ocrx_word' id='word_1_292' title='bbox 104 2707 138 2741; x_wconf 83' lang='lat'>3.</span> <span class='ocrx_word' id='word_1_293' title='bbox 165 2696 215 2730; x_wconf 84' lang='grc' dir='ltr'>ἐπ’</span> <span class='ocrx_word' id='word_1_294' title='bbox 234 2697 346 2732; x_wconf 79' lang='grc' dir='ltr'>αὐτοῖς</span> <span class='ocrx_word' id='word_1_295' title='bbox 371 2698 423 2731; x_wconf 80' lang='grc' dir='ltr'>καὶ</span> <span class='ocrx_word' id='word_1_296' title='bbox 448 2696 664 2742; x_wconf 82' lang='grc' dir='ltr'>ἀξιαγάστων</span> <span class='ocrx_word' id='word_1_297' title='bbox 681 2698 747 2731; x_wconf 88' lang='lat' dir='ltr'>hoc</span> <span class='ocrx_word' id='word_1_298' title='bbox 773 2698 895 2731; x_wconf 83' lang='lat' dir='ltr'><strong>ordine</strong></span> <span class='ocrx_word' id='word_1_299' title='bbox 921 2699 962 2732; x_wconf 85' lang='lat' dir='ltr'>C.</span> <span class='ocrx_word' id='word_1_300' title='bbox 989 2697 1039 2732; x_wconf 77' lang='grc' dir='ltr'>ἐπ’</span> <span class='ocrx_word' id='word_1_301' title='bbox 1061 2699 1174 2733; x_wconf 80' lang='grc' dir='ltr'>αυτοῖς</span> <span class='ocrx_word' id='word_1_302' title='bbox 1196 2706 1276 2743; x_wconf 85' lang='lat' dir='ltr'><strong>post</strong></span> <span class='ocrx_word' id='word_1_303' title='bbox 1298 2700 1514 2744; x_wconf 80' lang='grc' dir='ltr'>ἀξιαγάστων</span> <span class='ocrx_word' id='word_1_304' title='bbox 1530 2706 1573 2735; x_wconf 84' lang='lat' dir='ltr'>tr.</span> <span class='ocrx_word' id='word_1_305' title='bbox 1596 2702 1688 2737; x_wconf 88' lang='lat' dir='ltr'><strong>Edd.</strong></span> 
     </span>
     <span class='ocr_line' id='line_1_33' title="bbox 105 2743 1689 2789; baseline 0.003 -12.083"><span class='ocrx_word' id='word_1_306' title='bbox 105 2756 138 2786; x_wconf 82' lang='grc'>4.</span> <span class='ocrx_word' id='word_1_307' title='bbox 105 2743 301 2786; x_wconf 80' lang='grc' dir='ltr'>4ἐξιεσαν</span> <span class='ocrx_word' id='word_1_308' title='bbox 319 2743 360 2778; x_wconf 90' lang='lat' dir='ltr'>C.</span> <span class='ocrx_word' id='word_1_309' title='bbox 469 2743 502 2778; x_wconf 88' lang='grc'>6.</span> <span class='ocrx_word' id='word_1_310' title='bbox 529 2745 588 2777; x_wconf 88' lang='grc' dir='ltr'>τὸν</span> <span class='ocrx_word' id='word_1_311' title='bbox 604 2745 663 2778; x_wconf 83' lang='lat' dir='ltr'><strong>alt.</strong></span> <span class='ocrx_word' id='word_1_312' title='bbox 682 2756 752 2777; x_wconf 88' lang='lat' dir='ltr'>om.</span> <span class='ocrx_word' id='word_1_313' title='bbox 772 2743 813 2777; x_wconf 89' lang='lat' dir='ltr'>C.</span> <span class='ocrx_word' id='word_1_314' title='bbox 912 2752 943 2789; x_wconf 87' lang='lat'>7.</span> <span class='ocrx_word' id='word_1_315' title='bbox 969 2746 1137 2779; x_wconf 82' lang='grc' dir='ltr'>πεπόκιισι</span> <span class='ocrx_word' id='word_1_316' title='bbox 1158 2745 1198 2778; x_wconf 83' lang='lat' dir='ltr'>B.</span> <span class='ocrx_word' id='word_1_317' title='bbox 1219 2745 1320 2779; x_wconf 88' lang='lat' dir='ltr'><strong>Pont.</strong></span> <span class='ocrx_word' id='word_1_318' title='bbox 1338 2749 1514 2781; x_wconf 84' lang='grc' dir='ltr'>πεπὼκασι</span> <span class='ocrx_word' id='word_1_319' title='bbox 1535 2747 1574 2781; x_wconf 92' lang='lat' dir='ltr'>C.</span> <span class='ocrx_word' id='word_1_320' title='bbox 1594 2749 1689 2784; x_wconf 83' lang='lat' dir='ltr'><strong>Aub.</strong></span> 
     </span>
     <span class='ocr_line' id='line_1_34' title="bbox 110 2788 1689 2840; baseline 0.003 -17"><span class='ocrx_word' id='word_1_321' title='bbox 110 2800 162 2823; x_wconf 94' lang='lat'>10.</span> <span class='ocrx_word' id='word_1_322' title='bbox 188 2788 298 2834; x_wconf 83' lang='grc' dir='ltr'>ῥεφὰν</span> <span class='ocrx_word' id='word_1_323' title='bbox 315 2790 420 2824; x_wconf 82' lang='lat' dir='ltr'>habet</span> <span class='ocrx_word' id='word_1_324' title='bbox 438 2789 479 2824; x_wconf 90' lang='lat' dir='ltr'>C.</span> <span class='ocrx_word' id='word_1_325' title='bbox 547 2791 671 2825; x_wconf 86' lang='grc' dir='ltr'>τόπους</span> <span class='ocrx_word' id='word_1_326' title='bbox 689 2790 778 2834; x_wconf 80' lang='lat' dir='ltr'>(sic)</span> <span class='ocrx_word' id='word_1_327' title='bbox 798 2790 840 2823; x_wconf 88' lang='grc' dir='ltr'>Β.</span> <span class='ocrx_word' id='word_1_328' title='bbox 972 2802 1024 2836; x_wconf 85' lang='lat'>13.</span> <span class='ocrx_word' id='word_1_329' title='bbox 1052 2791 1324 2834; x_wconf 76' lang='grc' dir='ltr'>διεβιβάσθησαν</span> <span class='ocrx_word' id='word_1_330' title='bbox 1345 2791 1496 2837; x_wconf 71' lang='grc' dir='ltr'>[διεβηβ.</span> <span class='ocrx_word' id='word_1_331' title='bbox 1517 2793 1604 2828; x_wconf 88' lang='lat' dir='ltr'><strong>COd.</strong></span> <span class='ocrx_word' id='word_1_332' title='bbox 1609 2794 1623 2840; x_wconf 94' lang='lat'>]</span> <span class='ocrx_word' id='word_1_333' title='bbox 1647 2795 1689 2829; x_wconf 89' lang='lat' dir='ltr'>C.</span> 
     </span>
     <span class='ocr_line' id='line_1_35' title="bbox 105 2835 1689 2882; baseline 0.004 -13"><span class='ocrx_word' id='word_1_334' title='bbox 105 2835 268 2879; x_wconf 78' lang='grc' dir='ltr'>διεβησαν</span> <span class='ocrx_word' id='word_1_335' title='bbox 281 2836 372 2870; x_wconf 85' lang='lat' dir='ltr'><strong>Edd.</strong></span> <span class='ocrx_word' id='word_1_336' title='bbox 413 2835 484 2879; x_wconf 81' lang='grc' dir='ltr'>μετ’</span> <span class='ocrx_word' id='word_1_337' title='bbox 497 2851 598 2870; x_wconf 65' lang='grc' dir='ltr'>αυτοὶ</span> <span class='ocrx_word' id='word_1_338' title='bbox 588 2836 632 2881; x_wconf 89' lang='grc' dir='ltr'>ς]</span> <span class='ocrx_word' id='word_1_339' title='bbox 647 2836 716 2877; x_wconf 82' lang='grc' dir='ltr'>μετ’</span> <span class='ocrx_word' id='word_1_340' title='bbox 728 2837 829 2870; x_wconf 80' lang='grc' dir='ltr'>αὐτοῦ</span> <span class='ocrx_word' id='word_1_341' title='bbox 843 2837 883 2880; x_wconf 88' lang='grc' dir='ltr'>(σ</span> <span class='ocrx_word' id='word_1_342' title='bbox 895 2848 915 2870; x_wconf 79' lang='lat' dir='ltr'>a</span> <span class='ocrx_word' id='word_1_343' title='bbox 929 2849 1036 2871; x_wconf 83' lang='lat' dir='ltr'>manu</span> <span class='ocrx_word' id='word_1_344' title='bbox 1050 2837 1230 2872; x_wconf 77' lang='lat' dir='ltr'>lecentiori</span> <span class='ocrx_word' id='word_1_345' title='bbox 1244 2838 1378 2881; x_wconf 84' lang='lat' dir='ltr'>addito)</span> <span class='ocrx_word' id='word_1_346' title='bbox 1389 2839 1429 2873; x_wconf 90' lang='lat' dir='ltr'>C.</span> <span class='ocrx_word' id='word_1_347' title='bbox 1448 2839 1518 2882; x_wconf 84' lang='grc' dir='ltr'>μετ’</span> <span class='ocrx_word' id='word_1_348' title='bbox 1530 2840 1630 2874; x_wconf 78' lang='grc' dir='ltr'>αὐτὸν</span> <span class='ocrx_word' id='word_1_349' title='bbox 1642 2842 1689 2876; x_wconf 93' lang='lat' dir='ltr'>D.</span> 
     </span>
     <span class='ocr_line' id='line_1_36' title="bbox 109 2882 1689 2932; baseline 0.004 -17"><span class='ocrx_word' id='word_1_350' title='bbox 109 2893 162 2923; x_wconf 89' lang='lat'>15.</span> <span class='ocrx_word' id='word_1_351' title='bbox 189 2884 257 2917; x_wconf 80' lang='grc' dir='ltr'>τοῖς</span> <span class='ocrx_word' id='word_1_352' title='bbox 275 2894 345 2917; x_wconf 89' lang='lat' dir='ltr'>om.</span> <span class='ocrx_word' id='word_1_353' title='bbox 366 2882 407 2916; x_wconf 91' lang='lat' dir='ltr'>C.</span> <span class='ocrx_word' id='word_1_354' title='bbox 519 2892 571 2927; x_wconf 83' lang='lat'>17.</span> <span class='ocrx_word' id='word_1_355' title='bbox 597 2882 732 2918; x_wconf 79' lang='grc' dir='ltr'>ταύταις</span> <span class='ocrx_word' id='word_1_356' title='bbox 751 2882 791 2917; x_wconf 90' lang='lat' dir='ltr'>C.</span> <span class='ocrx_word' id='word_1_357' title='bbox 810 2882 940 2918; x_wconf 80' lang='grc' dir='ltr'>τούτοις</span> <span class='ocrx_word' id='word_1_358' title='bbox 960 2883 1050 2918; x_wconf 81' lang='lat' dir='ltr'><strong>Edd.</strong></span> <span class='ocrx_word' id='word_1_359' title='bbox 1167 2895 1219 2929; x_wconf 86' lang='lat'>19.</span> <span class='ocrx_word' id='word_1_360' title='bbox 1246 2899 1285 2927; x_wconf 83' lang='grc' dir='ltr'>τῃ</span> <span class='ocrx_word' id='word_1_361' title='bbox 1306 2886 1402 2929; x_wconf 77' lang='lat' dir='ltr'>plius</span> <span class='ocrx_word' id='word_1_362' title='bbox 1422 2885 1462 2920; x_wconf 91' lang='lat' dir='ltr'>C.</span> <span class='ocrx_word' id='word_1_363' title='bbox 1468 2886 1512 2920; x_wconf 85' lang='lat' dir='ltr'>D.</span> <span class='ocrx_word' id='word_1_364' title='bbox 1530 2889 1576 2932; x_wconf 81' lang='grc' dir='ltr'>τῷ</span> <span class='ocrx_word' id='word_1_365' title='bbox 1596 2886 1689 2922; x_wconf 86' lang='lat' dir='ltr'><strong>Edd.</strong></span> 
     </span>
     <span class='ocr_line' id='line_1_37' title="bbox 108 2928 1688 2978; baseline 0.002 -16"><span class='ocrx_word' id='word_1_366' title='bbox 108 2938 163 2962; x_wconf 87' lang='lat'>20.</span> <span class='ocrx_word' id='word_1_367' title='bbox 189 2928 238 2961; x_wconf 86' lang='grc' dir='ltr'>ἕτι</span> <span class='ocrx_word' id='word_1_368' title='bbox 255 2935 479 2973; x_wconf 75' lang='lat' dir='ltr'>assumptum</span> <span class='ocrx_word' id='word_1_369' title='bbox 497 2941 538 2962; x_wconf 80' lang='lat' dir='ltr'>ex</span> <span class='ocrx_word' id='word_1_370' title='bbox 558 2929 599 2962; x_wconf 91' lang='lat' dir='ltr'>C.</span> <span class='ocrx_word' id='word_1_371' title='bbox 765 2941 819 2963; x_wconf 85' lang='lat'>21.</span> <span class='ocrx_word' id='word_1_372' title='bbox 845 2930 1046 2974; x_wconf 79' lang='grc' dir='ltr'>γεγενῆσθαι</span> <span class='ocrx_word' id='word_1_373' title='bbox 1069 2928 1110 2964; x_wconf 91' lang='lat' dir='ltr'>C.</span> <span class='ocrx_word' id='word_1_374' title='bbox 1127 2930 1287 2975; x_wconf 81' lang='grc' dir='ltr'>γενέσθαι</span> <span class='ocrx_word' id='word_1_375' title='bbox 1305 2931 1363 2965; x_wconf 77' lang='lat' dir='ltr'><strong>iid.</strong></span> <span class='ocrx_word' id='word_1_376' title='bbox 1525 2943 1578 2974; x_wconf 76' lang='lat'>24</span> <span class='ocrx_word' id='word_1_377' title='bbox 1604 2949 1650 2978; x_wconf 88' lang='grc' dir='ltr'>πρ</span> <span class='ocrx_word' id='word_1_378' title='bbox 1654 2949 1688 2968; x_wconf 89' lang='lat'>0-</span> 
     </span>
    </p>
   </div>
   <div class='ocr_carea' id='block_1_7' title="bbox 107 2949 1650 3023">
    <p class='ocr_par' dir='ltr' id='par_1_15' title="bbox 107 2949 1650 3023">
     <span class='ocr_line' id='line_1_38' title="bbox 107 2949 1650 3023; baseline 0.004 -15"><span class='ocrx_word' id='word_1_379' title='bbox 107 2973 236 3020; x_wconf 82' lang='grc' dir='ltr'>φήτου]</span> <span class='ocrx_word' id='word_1_380' title='bbox 264 2981 292 3014; x_wconf 80' lang='lat'>-†-</span> <span class='ocrx_word' id='word_1_381' title='bbox 318 2977 336 3008; x_wconf 84' lang='grc' dir='ltr'><em>ὁ</em></span> <span class='ocrx_word' id='word_1_382' title='bbox 354 2975 413 3010; x_wconf 82' lang='lat' dir='ltr'><strong>iid.</strong></span> <span class='ocrx_word' id='word_1_383' title='bbox 432 2976 542 3010; x_wconf 84' lang='lat' dir='ltr'>invito</span> <span class='ocrx_word' id='word_1_384' title='bbox 562 2975 603 3010; x_wconf 88' lang='lat' dir='ltr'>C.</span> <span class='ocrx_word' id='word_1_385' title='bbox 701 2986 756 3018; x_wconf 88' lang='lat'>25.</span> <span class='ocrx_word' id='word_1_386' title='bbox 784 2978 842 3011; x_wconf 74' lang='grc' dir='ltr'>τοί</span> <span class='ocrx_word' id='word_1_387' title='bbox 860 2978 961 3021; x_wconf 85' lang='grc' dir='ltr'>νόμου</span> <span class='ocrx_word' id='word_1_388' title='bbox 978 2992 1042 3020; x_wconf 83' lang='grc' dir='ltr'>μου</span> <span class='ocrx_word' id='word_1_389' title='bbox 1063 2976 1103 3011; x_wconf 85' lang='grc' dir='ltr'>Β.</span> <span class='ocrx_word' id='word_1_390' title='bbox 1110 2977 1149 3011; x_wconf 95' lang='lat' dir='ltr'>C.</span> <span class='ocrx_word' id='word_1_391' title='bbox 1169 2977 1288 3022; x_wconf 76' lang='lat' dir='ltr'><strong>(AleX.</strong></span> <span class='ocrx_word' id='word_1_392' title='bbox 1308 2978 1393 3013; x_wconf 79' lang='lat' dir='ltr'><strong>XII.</strong></span> <span class='ocrx_word' id='word_1_393' title='bbox 1398 2978 1414 3023; x_wconf 92' lang='lat'><em>)</em></span> <span class='ocrx_word' id='word_1_394' title='bbox 1432 2981 1534 3023; x_wconf 85' lang='grc' dir='ltr'>νόμου</span> <span class='ocrx_word' id='word_1_395' title='bbox 1554 2949 1650 3015; x_wconf 63' lang='lat' dir='ltr'>Eddp</span> 
     </span>
    </p>
   </div>
  </div>
 </body>
</html>
