2033 3381
365 165 448 206 160
756 164 806 205 Β.
848 163 1121 205 CYRILLI
1171 160 1555 204 ALEXANDR.
1789 157 1846 197 iii.
1874 156 1938 196 16.

363 274 544 338 με’νους,
573 277 610 325 εἰ
634 272 699 338 μὴ
724 273 904 324 ἕλοιντο
928 276 1177 336 μετανοεῖν,
1201 273 1275 322 καὶ
1301 270 1383 322 τὸν
1408 269 1551 339 φύσει
1575 290 1623 319 τε
1650 268 1725 318 καὶ
1751 267 1941 329 ἀληθῶς

320 357 614 422 (Ιέπιγνῶναι
639 355 775 406 Θεόν.
844 356 919 405 καὶ
953 360 1068 419 γοῦν
1104 355 1128 404 ὁ
1164 354 1414 407 θεσπέσιος
1444 356 1637 404 Παῦλος
1667 353 1761 402 τοῖς
1787 347 1937 412 Ἀθη-

143 446 232 476 Aeta
246 443 301 476 SS.
365 439 506 492 ναίοις
547 441 858 504 προσλαλῶν,
903 434 1000 488 εἶτα
1049 440 1144 487 τῶν
1184 435 1348 486 ἄλλων
1392 434 1611 486 ἁπάντων
1653 433 1936 492 δεισιδαιμο-

142 491 233 539 App.

143 544 224 564 xvu.
241 541 292 564 22.

144 617 195 648 Ib.
210 625 264 656 30,

145 671 197 703 3¹·

142 1863 228 1899 574
242 1863 293 1899 A.

365 521 609 586 νεστέρους
643 519 797 583 εἰπὼν,
823 518 1134 585 τεθορύβηκεν
1172 518 1226 568 οὐ
1263 518 1470 583 μετρίως,
1496 518 1637 567 ἐκεῖνο
1671 512 1942 579 προστιθείς

366 611 393 633 “
419 601 542 656 Τοὺς
575 601 659 666 μὲν
690 602 771 653 οὖν
807 601 1001 670 χρόνους
1039 603 1121 664 τῆς
1159 600 1347 666 ἀγνοίας
1387 596 1610 664 ὑπεριδὼν
1649 598 1673 647 ὁ
1708 594 1848 657 Θεὸς,
1882 592 1940 644 τὰ
1961 609 1983 647 5

453 691 472 700 Α
730 684 740 701 Ι

366 692 394 715 “
420 708 502 736 νυν
526 691 851 751 παραγγελλει
884 688 978 737 τοῖς
1009 682 1271 748 ἀνθρώποις
1308 679 1486 733 πάντας
1523 683 1764 746 πανταχοῦ
1801 699 1942 740 μετα-

365 775 393 798 “
419 771 551 830 νοεῖν,
568 766 730 818 καθότι
756 766 958 831 ε”στησεν
983 765 1157 832 ἡμέραν
1181 765 1228 815 ἐν
1254 761 1283 831 ᾗ
1310 762 1475 826 μέλλει
1502 761 1668 827 κρίνειν
1687 759 1771 824 τὴν
1792 762 1942 809 οἰκου-

467 852 479 868 Ι
610 854 619 868 ’

363 860 393 883 “
417 875 560 917 μενην
597 875 645 903 εν
684 850 970 918 δικαιοσύνῃ,
996 852 1044 901 ἐν
1070 852 1203 915 ἀνδρὶ
1235 847 1271 918 ᾧ
1302 846 1459 914 ὥρισε,
1487 847 1650 898 πίστιν
1676 843 1942 911 παρασχὼν

367 945 394 968 “
419 942 587 1001 πᾶσιν,
617 936 895 1001 ἀναστήσας
930 933 1070 987 αὑτὸν
1095 936 1145 986 ἐκ
1171 933 1388 1000 νεκρῶν.”
1454 933 1619 983 οὐκοῦν
1645 928 1698 981 τὸ
1723 930 1939 998 ταραττό-

327 1042 349 1067 e
365 1043 506 1085 μενον
532 1017 650 1089 ὕδωρ,
677 1019 706 1083 ἡ
738 1017 924 1083 πληθύς
959 1019 1089 1068 ἐστιν
1115 1017 1143 1080 ἡ
1172 1017 1289 1067 κατὰ
1323 1014 1405 1065 τὸν
1437 1013 1634 1077 κόσμον·
1676 1013 1816 1062 ὕδασι
1849 1009 1942 1076 γὰρ

365 1103 474 1154 ἔσθ’
515 1102 590 1153 ὅτε
634 1101 973 1168 παρεικάζεται,
1015 1101 1091 1150 καὶ
1130 1098 1263 1163 μάλα
1307 1096 1506 1150 εἰκότως·
1553 1095 1680 1160 εἴπερ
1717 1095 1819 1144 ἐστὶ
1859 1096 1941 1142 θα-

365 1184 534 1253 λάσσῃ
579 1183 868 1250 προσεοικὼς
906 1184 931 1234 ὁ
973 1182 1232 1247 ἀνθρώπων
1271 1181 1389 1242 βίος·
1448 1178 1518 1229 ὅτι
1560 1175 1722 1240 πολλὴ
1762 1179 1856 1226 τῶν
1894 1175 1943 1225 ἐν

365 1269 490 1338 αὐτῷ
539 1265 833 1333 πραγμάτων
882 1266 910 1329 ἡ
961 1264 1125 1330 τύρβη,
1177 1264 1252 1314 καὶ
1296 1262 1323 1326 ἡ
1373 1260 1491 1327 πρὸς
1539 1259 1594 1311 τὸ
1635 1259 1730 1310 ἅνω
1773 1280 1823 1308 τε
1867 1259 1942 1308 καὶ

366 1350 492 1401 κάτω
547 1352 622 1401 καὶ
670 1348 788 1415 πρὸς
849 1352 944 1399 πᾶν
1000 1348 1154 1397 ὁτιοῦν
1207 1344 1434 1412 ἀνάχυσίς
1497 1366 1546 1394 τε
1610 1343 1685 1393 καὶ
1741 1340 1939 1404 κίνησις·

365 1431 485 1485 πολὺ
516 1431 564 1483 δὲ
595 1431 649 1482 τὸ
676 1428 782 1502 ὕδωρ
816 1430 869 1482 τὸ
900 1434 1244 1500 ταραττόμενον,
1271 1430 1333 1482 ὡς
1370 1425 1487 1492 πρός
1520 1449 1573 1491 γε
1607 1423 1689 1476 τὸν
1719 1421 1937 1489 Ἰσραήλ·

365 1518 408 1566 οἱ
450 1513 535 1578 μὲν
575 1512 668 1581 γὰρ
709 1513 838 1568 ε”θνος
881 1511 1007 1578 ἦσαν
1049 1512 1112 1563 ἕν·
1169 1510 1229 1562 τὰ
1280 1510 1334 1561 δέ
1378 1511 1481 1560 ἐστι
1523 1507 1699 1561 παντὸς
1743 1507 1942 1572 ἀριθμοῦ

364 1598 618 1664 κρείττονα.

299 1775 344 1811 16

323 1829 684 1897 a'EcpuAuEdqu‚
711 1827 774 1869 καὶ
802 1828 989 1870 ὲΠτούθΗ
1028 1827 1050 1868 ὑ
1088 1825 1238 1883 καρδία
1276 1840 1354 1873 μου
1393 1823 1478 1865 ἀπὸ
1516 1824 1665 1878 φωνεῖς
1703 1821 1940 1876 Προσευχιῖο

431 1914 608 1969 χειλέων
635 1927 727 1963 μου,
757 1912 824 1952 καὶ
858 1910 1029 1953 εἰσῆλθε
1067 1912 1222 1967 τρόμος
1250 1907 1309 1950 εἷς
1335 1908 1385 1949 τὰ
1416 1907 1518 1949 ὀστᾶ
1546 1921 1638 1956 μου,
1677 1904 1744 1944 καὶ
1782 1902 1942 1944 ὑποκά-

430 1997 565 2038 τωθεν
614 2011 694 2044 μου
738 1996 951 2051 ἐταράχθΗ
999 1994 1021 2034 ἡ
1066 1996 1152 2036 ἕξις
1195 2008 1290 2042 μου.
1361 1990 1662 2038 ἀναπαύσομαι
1709 1989 1753 2029 ἐν
1803 1987 1939 2045 ἡμέρᾳ

431 2079 619 2131 Θλίψεώε
657 2095 749 2131 μου,
787 2083 860 2121 τοῦ
897 2078 1106 2129 ἀναβῆναί
1145 2093 1195 2126 με
1233 2075 1292 2118 εἰς
1331 2075 1434 2118 λαὸν
1473 2073 1698 2131 Παροικίαε
1735 2086 1827 2120 μου.

428 2224 578 2278 ’Έθος
619 2229 715 2278 τοῖς
754 2225 901 2290 ἁγίοις
943 2222 1208 2292 προφήταις
1251 2221 1336 2286 τὴν
1378 2225 1439 2274 εἰς
1483 2220 1675 2285 καρδίαν
1714 2219 1789 2268 καὶ
1834 2221 1942 2267 νοῦν

363 2306 652 2373 ἐπιτήρησιν,
678 2305 734 2371 ἣν
770 2305 828 2357 ἂν
861 2310 1069 2358 ποιοῖντο
1106 2304 1261 2372 τυχὸν,
1287 2308 1654 2370 προενηχοῦντος
1680 2302 1834 2352 αὐτοῖς
1858 2303 1942 2349 τοῦ

364 2389 500 2454 ἁγίου
529 2387 802 2452 Πνεύματος
840 2392 935 2439 τῶν
969 2386 1200 2450 ἐσομένων
1234 2385 1319 2450 τὴν
1350 2389 1544 2451 γνῶσιν,
1573 2381 1791 2451 φυλακὴν
1816 2382 1937 2431 ἀπο-

365 2475 526 2522 καλεῖν
563 2470 709 2537 ἥγουν
744 2469 904 2535 ἀκοήν.
972 2469 1209 2536 τοιγάρτοι
1248 2470 1397 2537 φησὶν
1435 2467 1460 2517 ὁ
1498 2464 1635 2518 αὐτὸς
1659 2462 1942 2527 Ἀμβακούμ

416 2673 446 2696 1.
472 2661 580 2705 ἀληθῆ
599 2659 691 2695 Edd.
709 2661 779 2695 inv.
798 2659 975 2695 omnibus.
1383 2667 1414 2690 2.
1439 2652 1643 2699 Ἀθηναίοις]
1663 2653 1698 2688 ἐν
1714 2652 1876 2697 Ἀθήνῃσι
1894 2652 1942 2688 D.

367 2721 400 2751 4.
427 2708 527 2742 εἰπὼν
545 2708 725 2752 δεισιδαιμ.
743 2708 814 2742 inv.
833 2707 908 2741 ord.
929 2707 974 2741 D.
1179 2705 1211 2740 6.
1235 2702 1376 2748 πάντας]
1395 2704 1480 2737 πᾶσι
1502 2703 1546 2735 D.
1762 2711 1814 2734 12.
1841 2698 1877 2745 ὁ]
1901 2704 1939 2740 4-

366 2759 432 2789 τῶν
451 2755 541 2789 Edd.
779 2765 831 2796 14.
857 2754 910 2788 καὶ
928 2754 1023 2799 prius
1041 2764 1111 2787 om.
1131 2752 1177 2786 D.
1241 2752 1325 2795 πρὸς
1345 2750 1389 2783 Ι).
1408 2749 1454 2784 εἷς
1472 2747 1563 2782 Edd.
1582 2747 1757 2781 Neutrum
1775 2746 1879 2781 habet
1897 2746 1941 2781 B.

366 2803 404 2835 τὸ
422 2807 645 2846 assumptum
662 2812 702 2835 ex
721 2800 853 2835 B.D.b.
1061 2800 1113 2834 18.
1139 2799 1292 2833 ὑποκάτω
1312 2797 1357 2831 D.
1376 2795 1473 2839 (CO.)
1665 2805 1716 2838 19.
1743 2792 1823 2838 μου]
1848 2798 1885 2833 -Ι-
1906 2793 1941 2827 ἐν

367 2848 441 2890 ἐμοὶ
460 2849 505 2882 D.
524 2860 611 2894 quae
628 2860 691 2893 pro
708 2848 805 2882 ὑποκ.
822 2862 888 2892 μου
905 2847 1045 2893 praebet
1062 2859 1092 2880 a.
1112 2845 1222 2890 (106.)
1271 2843 1458 2887 ἐταράχθην
1478 2842 1523 2875 D.
1574 2839 1658 2884 ἕξις]
1680 2841 1779 2885 ἷσχυς
1798 2840 1843 2874 D.
1862 2839 1939 2885 (42.

367 2895 427 2937 al.)
447 2895 636 2930 ὑπόστασις
654 2895 691 2928 F.
961 2905 1014 2928 21.
1040 2908 1080 2937 με
1098 2892 1242 2926 accessit
1259 2902 1300 2924 ex
1320 2890 1412 2925 B.D.
1432 2887 1508 2933 (26.
1527 2887 1590 2931 al.)
1641 2888 1766 2921 Statim
1783 2887 1867 2931 πρὸς
1882 2887 1940 2920 τὸν

367 2952 430 2984 pro
448 2940 494 2975 εἷς
513 2941 549 2975 F.
569 2941 659 2975 Edd.
678 2940 775 2983 (Co.)
839 2940 939 2985 λαὸν]
964 2945 1000 2981 -1-
1021 2941 1079 2983 τῆς·
1097 2938 1188 2973 Edd.
1208 2937 1303 2982 (Co.)
1595 2944 1649 2979 23.
1676 2934 1873 2980 ἐνηχοῦντος
1891 2933 1937 2967 D.

369 2995 425 3029 25.
451 2988 469 3020 ὁ
487 2986 602 3033 αὐτὸς]
622 2988 721 3024 αὐτὸς
736 2987 797 3032 μὲν
813 2988 832 3021 ὁ
850 2987 942 3022 Edd.
1002 2985 1180 3030 ἀββακούμ.
1198 2985 1245 3020 D.

1967 1036 2014 1061 10

1964 1998 2014 2024 20
