2018 3387
111 192 152 232 ii.
178 203 240 245 15,
270 192 333 233 16.
484 190 555 231 IN
603 189 1038 231 MALACIIIAM.
1103 189 1255 230 TOM.
1291 189 1326 229 Ι.
1619 187 1697 226 591

110 300 292 365 γένοιτο
327 303 422 350 τῶν
456 303 560 350 σῶν
594 296 931 362 ἐνθυμημάτων
964 297 1146 362 ἀσεβὴς
1186 300 1261 349 καὶ
1298 296 1508 360 βέβηλος
1544 292 1701 358 ἡδονὴ,

111 384 187 432 καὶ
220 381 467 448 πρόφασις
504 380 588 445 μὲν
623 381 770 432 εἷκαία
803 379 857 431 τὸ
893 380 1088 448 μισ-’ἧσαί
1122 382 1272 443 ἐστιν,
1310 379 1502 446 εὑρίσκῃ
1537 376 1584 428 δὲ
1620 378 1702 438 τῆς

111 464 278 530 ἑτέρων
317 462 439 531 ὥρας
480 463 758 527 ἡττώμενος,
797 464 872 513 καὶ
912 464 1116 528 γυναίοις
1156 463 1348 515 ὀθνείοις
1386 462 1703 526 προσκεῖσθαι

112 546 283 608 θέλων,
325 545 547 615 φύλαξαι,
590 569 651 612 μη
693 546 1034 612 ἐγκαταλίπῃς,
1078 543 1105 608 ὴ
1148 543 1377 610 ἐπάρατος
1422 543 1509 609 ε”σῃ
1548 539 1703 604 πάντη
1723 548 1749 589 b

858 626 880 643 (Ι

72 648 161 686 5τε
200 630 274 678 καὶ
309 627 512 681 πάντως·
569 626 689 695 ε”φην
724 626 817 693 γὰρ
856 650 927 677 οτι
963 633 990 656 “
1006 625 1375 695 Ἐξολοθρεύσει
1413 624 1586 691 Κύριος
1621 622 1704 674 τὸν
1766 632 1906 707 ngrffz

114 709 422 776 “ο’ίνθρωπον
465 732 548 760 τον
593 714 819 760 ποιοῦντα
869 713 1034 767 ταῦτα,
1085 707 1170 761 ἕως
1221 709 1295 758 καὶ
1345 709 1609 773 ταπεινωθῇ
1654 706 1704 756 ἐκ
1766 687 1785 708 v

131 791 493 855 ίσκηνωμάτων
527 790 702 852 Ἰακὼβ
741 793 817 842 καὶ
857 793 906 842 ἐκ
944 789 1292 858 προσαγόντων
1331 789 1502 840 θυσιαν
1544 786 1704 857 Κυρίω

115 880 143 903 “
170 873 568 940 Παντοκράτορι.”

191 958 285 1006 Καὶ
319 958 452 1007 ταυτὶ
487 954 572 1020 μὲν
603 955 722 1006 ὅσον
748 958 809 1009 εἰς
844 956 1029 1023 ἐμφανῆ
1064 977 1113 1005 τε
1151 955 1226 1005 καὶ
1260 952 1510 1020 πρόχειρον
1538 950 1702 1018 λόγον·

50 1063 97 1089 10
114 1037 514 1106 παραφυλακτέον
560 1036 607 1088 δὲ
659 1039 734 1088 καὶ
779 1041 875 1090 τοῖς
920 1035 996 1088 διὰ
1044 1036 1250 1089 πίστεως
1299 1035 1599 1098 κεκλημένοις
1645 1038 1708 1088 εἷς

116 1118 372 1186 ἁγιασμόν,
398 1119 463 1184 μὴ
490 1120 581 1187 ἄρα
607 1143 708 1173 πως
734 1121 1043 1187 ἀπενεχθεῖεν,
1071 1120 1133 1172 ὡς
1159 1116 1277 1184 πρὸς
1304 1120 1526 1181 γυναῖκας
1553 1118 1707 1183 ἀπηχ-

116 1202 318 1266 θημένας
363 1205 472 1272 Θεῷ
517 1204 592 1253 καὶ
637 1203 923 1267 ἀλλογενεΐς,
967 1204 1029 1254 εἷς
1074 1199 1158 1254 τὰς
1202 1198 1441 1263 βεβήλους
1485 1198 1702 1264 αἱρέσεις.

115 1282 303 1351 ἀπόχρη
342 1283 436 1350 γὰρ
476 1285 630 1336 αὐτοῖς
668 1286 731 1337 εἷς
770 1283 1098 1350 καρποφορίαν
1136 1278 1454 1343 πνευματικὴν
1494 1284 1586 1331 τῶν
1624 1282 1747 1343 τῆςθ

115 1364 409 1430 Ἐκκλησίας
429 1363 734 1417 διδασκάλων
753 1365 781 1430 ἡ
802 1364 986 1430 καθαρά
1011 1387 1060 1415 τε
1084 1367 1159 1414 καὶ
1181 1363 1373 1426 ἄμωμος
1392 1361 1706 1427 παιδαγωγία,

51 1473 98 1512 15
116 1449 366 1515 μονονουχὶ
401 1446 450 1498 δὲ
485 1449 560 1498 καὶ
595 1447 769 1498 τέκνων
794 1444 961 1501 αὐτοὺς
993 1447 1192 1512 εὐγενῶν
1219 1444 1470 1514 ἀποφαίνει
1504 1444 1709 1510 πατέρας

116 1530 358 1583 τίκτοντας
382 1533 558 1593 νοητῶς
585 1528 643 1597 ἐξ
665 1530 848 1594 ἀγαθῆς
874 1529 1065 1595 καρδίας
1090 1527 1150 1579 τὰ
1174 1529 1256 1589 τῆς
1283 1529 1344 1581 εἰς
1371 1525 1497 1577 Θεὸν
1522 1524 1708 1591 ἀγάπης

118 1610 384 1680 αὐχήματα·
440 1609 477 1681 ᾧ
515 1612 543 1676 ἡ
584 1610 703 1680 δόξα
741 1612 817 1663 καὶ
856 1610 910 1662 τὸ
949 1609 1119 1678 κράτος
1158 1613 1221 1664 εἷς
1258 1607 1364 1662 τοὺς
1406 1611 1576 1661 αἰῶνας
1613 1611 1709 1657 τῶν

100 1697 316 1747 -αἶῶνων,
368 1691 540 1758 Ἀμήν.

170 1875 200 1898 1.
226 1861 346 1908 ἡδονὴ]
366 1861 385 1906 ἡ
404 1862 489 1908 δορὰ
506 1860 566 1896 iid.
726 1871 760 1905 3.
785 1857 950 1917 γυναίοις]
975 1862 1012 1899 4-
1033 1860 1104 1894 τοῖς
1122 1857 1214 1892 Edd.
1371 1865 1404 1902 5.
1371 1856 1498 1902 5ἕφη
1517 1854 1710 1889 Aubertus.

120 1910 154 1946 6.
181 1913 285 1944 ταῦτα
303 1921 373 1943 om.
393 1909 435 1943 B.
568 1918 598 1953 7.
623 1906 766 1966 Ἰσραὴλ
785 1918 848 1951 pro
866 1905 989 1947 Ἰακὼβ
1006 1905 1098 1939 Edd.
1149 1904 1276 1939 Statim
1294 1918 1347 1937 και
1365 1909 1588 1947 assumptum
1607 1914 1648 1935 ex
1668 1901 1711 1935 B.

124 1969 178 1999 14.
204 1971 240 1990 τε
258 1962 481 2000 assumptum
498 1967 540 1991 ex
560 1954 604 1989 B.
669 1954 846 2004 ἀμώμητος
865 1952 957 1987 Edd.
1230 1960 1283 1995 15.
1311 1951 1345 1984 δέ
1365 1955 1588 1996 assumptum
1607 1961 1649 1984 ex
1667 1947 1711 1982 B.

121 2003 322 2049 ἀποφαίνειν
338 2002 397 2039 iid.
590 2010 644 2047 17
674 2001 770 2036 Haec
787 2003 813 2033 ὠ
832 1999 898 2044 ἡ-
898 1998 1004 2045 Ἀμήν
1021 2004 1243 2035 accesserunt
1261 2009 1302 2032 ex
1322 1997 1364 2032 B.
