<?xml version="1.0" encoding="UTF-8"?>
<!DOCTYPE html PUBLIC "-//W3C//DTD XHTML 1.0 Transitional//EN"
    "http://www.w3.org/TR/xhtml1/DTD/xhtml1-transitional.dtd">
<html xmlns="http://www.w3.org/1999/xhtml" xml:lang="en" lang="en">
 <head>
  <title>
</title>
<meta http-equiv="Content-Type" content="text/html;charset=utf-8" />
  <meta name='ocr-system' content='tesseract 3.04.00' />
  <meta name='ocr-capabilities' content='ocr_page ocr_carea ocr_par ocr_line ocrx_word'/>
</head>
<body>
  <div class='ocr_page' id='page_1' title='image "./operacyrilli02cyriuoft/operacyrilli02cyriuoft_0246.png"; bbox 0 0 2007 3387; ppageno 0'>
   <div class='ocr_carea' id='block_1_1' title="bbox 322 199 1893 252">
    <p class='ocr_par' dir='ltr' id='par_1_1' title="bbox 322 199 1893 252">
     <span class='ocr_line' id='line_1_1' title="bbox 322 199 1893 252; baseline -0.008 -4"><span class='ocrx_word' id='word_1_1' title='bbox 322 208 406 247; x_wconf 75' lang='lat'>238</span> <span class='ocrx_word' id='word_1_2' title='bbox 713 207 761 246; x_wconf 88' lang='lat' dir='ltr'>B.</span> <span class='ocrx_word' id='word_1_3' title='bbox 805 204 1078 246; x_wconf 87' lang='lat' dir='ltr'>CYRILLI</span> <span class='ocrx_word' id='word_1_4' title='bbox 1130 201 1514 243; x_wconf 85' lang='lat' dir='ltr'><strong>ALEXANDR.</strong></span> <span class='ocrx_word' id='word_1_5' title='bbox 1653 199 1710 238; x_wconf 87' lang='lat' dir='ltr'>iii.</span> <span class='ocrx_word' id='word_1_6' title='bbox 1738 211 1802 252; x_wconf 88' lang='lat'>19,</span> <span class='ocrx_word' id='word_1_7' title='bbox 1827 207 1893 238; x_wconf 84' lang='lat'>20.</span> 
     </span>
    </p>
   </div>
   <div class='ocr_carea' id='block_1_2' title="bbox 109 305 1974 1370">
    <p class='ocr_par' dir='ltr' id='par_1_2' title="bbox 109 305 1974 1370">
     <span class='ocr_line' id='line_1_2' title="bbox 321 305 1895 378; baseline -0.006 -12"><span class='ocrx_word' id='word_1_8' title='bbox 321 315 533 377; x_wconf 80' lang='grc' dir='ltr'>τάλανες,</span> <span class='ocrx_word' id='word_1_9' title='bbox 573 313 656 378; x_wconf 87' lang='grc' dir='ltr'>τὴν</span> <span class='ocrx_word' id='word_1_10' title='bbox 699 319 781 364; x_wconf 85' lang='grc' dir='ltr'>τοῦ</span> <span class='ocrx_word' id='word_1_11' title='bbox 824 313 1084 378; x_wconf 79' lang='grc' dir='ltr'>μυστηρίου</span> <span class='ocrx_word' id='word_1_12' title='bbox 1126 314 1318 374; x_wconf 87' lang='grc' dir='ltr'>δύναμιν</span> <span class='ocrx_word' id='word_1_13' title='bbox 1363 307 1564 361; x_wconf 80' lang='grc' dir='ltr'>εἷσάπαν</span> <span class='ocrx_word' id='word_1_14' title='bbox 1603 305 1895 372; x_wconf 78' lang='grc' dir='ltr'>ἠγνοηκότες·</span> 
     </span>
     <span class='ocr_line' id='line_1_3' title="bbox 325 392 1899 467; baseline -0.008 -17"><span class='ocrx_word' id='word_1_15' title='bbox 325 402 433 450; x_wconf 86' lang='grc' dir='ltr'>ἀλλ’</span> <span class='ocrx_word' id='word_1_16' title='bbox 463 401 544 450; x_wconf 79' lang='grc' dir='ltr'>οὐκ</span> <span class='ocrx_word' id='word_1_17' title='bbox 582 399 672 467; x_wconf 72' lang='grc' dir='ltr'>ἔξω</span> <span class='ocrx_word' id='word_1_18' title='bbox 699 399 826 462; x_wconf 83' lang='grc' dir='ltr'>δίκης</span> <span class='ocrx_word' id='word_1_19' title='bbox 866 398 1069 448; x_wconf 76' lang='grc' dir='ltr'>ἔσονται·</span> <span class='ocrx_word' id='word_1_20' title='bbox 1110 396 1285 458; x_wconf 70' lang='grc' dir='ltr'>πόθεν,</span> <span class='ocrx_word' id='word_1_21' title='bbox 1334 396 1437 446; x_wconf 77' lang='grc' dir='ltr'>οὔτε</span> <span class='ocrx_word' id='word_1_22' title='bbox 1463 392 1555 458; x_wconf 87' lang='grc' dir='ltr'>μὴν</span> <span class='ocrx_word' id='word_1_23' title='bbox 1581 394 1899 452; x_wconf 85' lang='grc' dir='ltr'>ἀντικαταμει-</span> 
     </span>
     <span class='ocr_line' id='line_1_4' title="bbox 326 469 1899 547; baseline -0.007 -15"><span class='ocrx_word' id='word_1_24' title='bbox 326 480 545 532; x_wconf 77' lang='grc' dir='ltr'>διοίσουσι</span> <span class='ocrx_word' id='word_1_25' title='bbox 578 486 659 531; x_wconf 86' lang='grc' dir='ltr'>τοῦ</span> <span class='ocrx_word' id='word_1_26' title='bbox 692 485 922 547; x_wconf 83' lang='grc' dir='ltr'>Χριστοῦ,</span> <span class='ocrx_word' id='word_1_27' title='bbox 962 480 1108 545; x_wconf 75' lang='grc' dir='ltr'>ἤγουν</span> <span class='ocrx_word' id='word_1_28' title='bbox 1151 483 1245 529; x_wconf 83' lang='grc' dir='ltr'>τῶν</span> <span class='ocrx_word' id='word_1_29' title='bbox 1288 480 1564 536; x_wconf 80' lang='grc' dir='ltr'>ἐκκλησιῶν·</span> <span class='ocrx_word' id='word_1_30' title='bbox 1620 474 1807 525; x_wconf 80' lang='grc' dir='ltr'>ἔσονται</span> <span class='ocrx_word' id='word_1_31' title='bbox 1852 469 1899 521; x_wconf 81' lang='grc' dir='ltr'>δὲ</span> 
     </span>
     <span class='ocr_line' id='line_1_5' title="bbox 324 555 1899 629; baseline -0.006 -16"><span class='ocrx_word' id='word_1_32' title='bbox 324 561 443 613; x_wconf 78' lang='grc' dir='ltr'>κατὰ</span> <span class='ocrx_word' id='word_1_33' title='bbox 477 561 661 629; x_wconf 78' lang='grc' dir='ltr'>καιροὺς</span> <span class='ocrx_word' id='word_1_34' title='bbox 696 562 842 628; x_wconf 82' lang='grc' dir='ltr'>πυρὸς</span> <span class='ocrx_word' id='word_1_35' title='bbox 876 562 1106 628; x_wconf 76' lang='grc' dir='ltr'>ἀνημέρου</span> <span class='ocrx_word' id='word_1_36' title='bbox 1136 560 1302 629; x_wconf 86' lang='grc' dir='ltr'>τροφὴ,</span> <span class='ocrx_word' id='word_1_37' title='bbox 1331 561 1405 610; x_wconf 85' lang='grc' dir='ltr'>καὶ</span> <span class='ocrx_word' id='word_1_38' title='bbox 1437 555 1620 627; x_wconf 79' lang='grc' dir='ltr'>φλογὸς</span> <span class='ocrx_word' id='word_1_39' title='bbox 1655 555 1791 621; x_wconf 83' lang='grc' dir='ltr'>ε”ργον</span> <span class='ocrx_word' id='word_1_40' title='bbox 1818 556 1899 616; x_wconf 83' lang='grc' dir='ltr'>τῆς</span> 
     </span>
     <span class='ocr_line' id='line_1_6' title="bbox 324 636 1942 712; baseline -0.006 -18"><span class='ocrx_word' id='word_1_41' title='bbox 324 645 670 695; x_wconf 86' lang='grc' dir='ltr'>ἀκατευνάστου</span> <span class='ocrx_word' id='word_1_42' title='bbox 706 647 781 696; x_wconf 85' lang='grc' dir='ltr'>καὶ</span> <span class='ocrx_word' id='word_1_43' title='bbox 819 648 1016 710; x_wconf 80' lang='grc' dir='ltr'>μακρᾶς.</span> <span class='ocrx_word' id='word_1_44' title='bbox 1085 644 1310 712; x_wconf 82' lang='grc' dir='ltr'>ἀφίκοντο</span> <span class='ocrx_word' id='word_1_45' title='bbox 1337 640 1429 706; x_wconf 79' lang='grc' dir='ltr'>γὰρ</span> <span class='ocrx_word' id='word_1_46' title='bbox 1465 643 1525 693; x_wconf 76' lang='grc' dir='ltr'>εἷς</span> <span class='ocrx_word' id='word_1_47' title='bbox 1559 644 1696 689; x_wconf 78' lang='grc' dir='ltr'>τοῦτο</span> <span class='ocrx_word' id='word_1_48' title='bbox 1734 636 1900 700; x_wconf 88' lang='grc' dir='ltr'>μανίας</span> <span class='ocrx_word' id='word_1_49' title='bbox 1921 646 1942 684; x_wconf 87' lang='grc'><strong>5</strong></span> 
     </span>
     <span class='ocr_line' id='line_1_7' title="bbox 325 723 1900 795; baseline -0.005 -16"><span class='ocrx_word' id='word_1_50' title='bbox 325 732 398 780; x_wconf 82' lang='grc' dir='ltr'>καὶ</span> <span class='ocrx_word' id='word_1_51' title='bbox 443 730 718 795; x_wconf 81' lang='grc' dir='ltr'>σκαιότητος</span> <span class='ocrx_word' id='word_1_52' title='bbox 762 735 841 780; x_wconf 84' lang='grc' dir='ltr'>νοῦ</span> <span class='ocrx_word' id='word_1_53' title='bbox 890 733 984 779; x_wconf 81' lang='grc' dir='ltr'>τῶν</span> <span class='ocrx_word' id='word_1_54' title='bbox 1027 730 1135 794; x_wconf 90' lang='grc' dir='ltr'>παρ’</span> <span class='ocrx_word' id='word_1_55' title='bbox 1169 727 1392 791; x_wconf 68' lang='grc' dir='ltr'>’Έλλησί</span> <span class='ocrx_word' id='word_1_56' title='bbox 1430 748 1561 785; x_wconf 87' lang='grc' dir='ltr'>τινες,</span> <span class='ocrx_word' id='word_1_57' title='bbox 1605 726 1666 777; x_wconf 90' lang='grc' dir='ltr'>ὡς</span> <span class='ocrx_word' id='word_1_58' title='bbox 1716 723 1900 786; x_wconf 83' lang='grc' dir='ltr'>ἀσελγῆ</span> 
     </span>
     <span class='ocr_line' id='line_1_8' title="bbox 281 802 1895 881; baseline -0.006 -19"><span class='ocrx_word' id='word_1_59' title='bbox 281 816 307 857; x_wconf 82' lang='lat' dir='ltr'>d</span> <span class='ocrx_word' id='word_1_60' title='bbox 326 812 586 881; x_wconf 75' lang='grc' dir='ltr'>καταθῆξαι</span> <span class='ocrx_word' id='word_1_61' title='bbox 625 817 864 879; x_wconf 81' lang='grc' dir='ltr'>γλῶσσαν</span> <span class='ocrx_word' id='word_1_62' title='bbox 908 817 990 862; x_wconf 82' lang='grc' dir='ltr'>τοῦ</span> <span class='ocrx_word' id='word_1_63' title='bbox 1031 812 1154 862; x_wconf 87' lang='grc' dir='ltr'>θείου</span> <span class='ocrx_word' id='word_1_64' title='bbox 1198 833 1247 860; x_wconf 87' lang='grc' dir='ltr'>τε</span> <span class='ocrx_word' id='word_1_65' title='bbox 1294 810 1368 859; x_wconf 75' lang='grc' dir='ltr'>καὶ</span> <span class='ocrx_word' id='word_1_66' title='bbox 1411 809 1712 872; x_wconf 83' lang='grc' dir='ltr'>εὐαγγελικοῦ</span> <span class='ocrx_word' id='word_1_67' title='bbox 1756 802 1895 869; x_wconf 81' lang='grc' dir='ltr'>κηρύ·</span> 
     </span>
     <span class='ocr_line' id='line_1_9' title="bbox 327 887 1900 960; baseline -0.006 -15"><span class='ocrx_word' id='word_1_68' title='bbox 327 917 518 960; x_wconf 82' lang='grc' dir='ltr'>γματος,</span> <span class='ocrx_word' id='word_1_69' title='bbox 546 898 620 945; x_wconf 80' lang='grc' dir='ltr'>καὶ</span> <span class='ocrx_word' id='word_1_70' title='bbox 646 896 835 956; x_wconf 79' lang='grc' dir='ltr'>βίβλοις</span> <span class='ocrx_word' id='word_1_71' title='bbox 861 891 1242 960; x_wconf 77' lang='grc' dir='ltr'>ἐγγεγραμμένην</span> <span class='ocrx_word' id='word_1_72' title='bbox 1269 893 1453 959; x_wconf 79' lang='grc' dir='ltr'>ἀφεῖναι</span> <span class='ocrx_word' id='word_1_73' title='bbox 1485 889 1569 953; x_wconf 88' lang='grc' dir='ltr'>τὴν</span> <span class='ocrx_word' id='word_1_74' title='bbox 1600 887 1900 954; x_wconf 83' lang='grc' dir='ltr'>κατάῥρησιν·</span> 
     </span>
     <span class='ocr_line' id='line_1_10' title="bbox 109 967 1903 1058; baseline -0.006 -30"><span class='ocrx_word' id='word_1_75' title='bbox 109 974 219 1058; x_wconf 51' lang='grc' dir='ltr'>ἑῖἰω·</span> <span class='ocrx_word' id='word_1_76' title='bbox 234 985 264 1004; x_wconf 89' lang='lat' dir='ltr'>v.</span> <span class='ocrx_word' id='word_1_77' title='bbox 326 977 400 1027; x_wconf 82' lang='grc' dir='ltr'>ἵνα</span> <span class='ocrx_word' id='word_1_78' title='bbox 426 977 489 1040; x_wconf 85' lang='grc' dir='ltr'>μὴ</span> <span class='ocrx_word' id='word_1_79' title='bbox 516 976 660 1040; x_wconf 87' lang='grc' dir='ltr'>μόνον</span> <span class='ocrx_word' id='word_1_80' title='bbox 685 977 837 1027; x_wconf 81' lang='grc' dir='ltr'>αὐτῶν</span> <span class='ocrx_word' id='word_1_81' title='bbox 863 979 909 1026; x_wconf 75' lang='grc' dir='ltr'>αἱ</span> <span class='ocrx_word' id='word_1_82' title='bbox 944 976 1163 1041; x_wconf 83' lang='grc' dir='ltr'>ἁμαρτίαι</span> <span class='ocrx_word' id='word_1_83' title='bbox 1190 972 1466 1039; x_wconf 82' lang='grc' dir='ltr'>προάγωσιν</span> <span class='ocrx_word' id='word_1_84' title='bbox 1492 975 1553 1024; x_wconf 80' lang='grc' dir='ltr'>εἷς</span> <span class='ocrx_word' id='word_1_85' title='bbox 1578 971 1745 1037; x_wconf 85' lang='grc' dir='ltr'>κρίσιν,</span> <span class='ocrx_word' id='word_1_86' title='bbox 1773 967 1903 1018; x_wconf 83' lang='grc' dir='ltr'>ἀλλὰ</span> 
     </span>
     <span class='ocr_line' id='line_1_11' title="bbox 327 1051 1974 1124; baseline -0.005 -16"><span class='ocrx_word' id='word_1_87' title='bbox 327 1058 420 1124; x_wconf 79' lang='grc' dir='ltr'>γὰρ</span> <span class='ocrx_word' id='word_1_88' title='bbox 455 1059 639 1110; x_wconf 76' lang='grc' dir='ltr'>ἕποιντο</span> <span class='ocrx_word' id='word_1_89' title='bbox 672 1061 746 1109; x_wconf 76' lang='grc' dir='ltr'>καὶ</span> <span class='ocrx_word' id='word_1_90' title='bbox 784 1062 1033 1109; x_wconf 82' lang='grc' dir='ltr'>τεθνεῶσιν</span> <span class='ocrx_word' id='word_1_91' title='bbox 1060 1058 1227 1118; x_wconf 78' lang='grc' dir='ltr'>αὐτοῖς,</span> <span class='ocrx_word' id='word_1_92' title='bbox 1257 1055 1332 1105; x_wconf 82' lang='grc' dir='ltr'>διά</span> <span class='ocrx_word' id='word_1_93' title='bbox 1364 1078 1434 1105; x_wconf 91' lang='grc' dir='ltr'>τοι</span> <span class='ocrx_word' id='word_1_94' title='bbox 1465 1052 1518 1105; x_wconf 77' lang='grc' dir='ltr'>τὸ</span> <span class='ocrx_word' id='word_1_95' title='bbox 1554 1052 1649 1104; x_wconf 73' lang='grc' dir='ltr'>οἷον</span> <span class='ocrx_word' id='word_1_96' title='bbox 1688 1051 1904 1119; x_wconf 73' lang='grc' dir='ltr'>ἔμψυχον</span> <span class='ocrx_word' id='word_1_97' title='bbox 1927 1074 1974 1100; x_wconf 91' lang='lat'>10</span> 
     </span>
     <span class='ocr_line' id='line_1_12' title="bbox 327 1134 1904 1207; baseline -0.006 -16"><span class='ocrx_word' id='word_1_98' title='bbox 327 1141 771 1207; x_wconf 78' lang='grc' dir='ltr'>ἐγκαταλελοιπέναι</span> <span class='ocrx_word' id='word_1_99' title='bbox 821 1141 906 1205; x_wconf 85' lang='grc' dir='ltr'>τὴν</span> <span class='ocrx_word' id='word_1_100' title='bbox 958 1139 1201 1206; x_wconf 83' lang='grc' dir='ltr'>ἁμαρτίαν.</span> <span class='ocrx_word' id='word_1_101' title='bbox 1289 1135 1519 1202; x_wconf 72' lang='grc' dir='ltr'>ταλανίζει</span> <span class='ocrx_word' id='word_1_102' title='bbox 1571 1136 1627 1199; x_wconf 87' lang='grc' dir='ltr'>δὴ</span> <span class='ocrx_word' id='word_1_103' title='bbox 1686 1135 1779 1196; x_wconf 77' lang='grc' dir='ltr'>οὖν,</span> <span class='ocrx_word' id='word_1_104' title='bbox 1830 1134 1904 1183; x_wconf 80' lang='grc' dir='ltr'>καὶ</span> 
     </span>
     <span class='ocr_line' id='line_1_13' title="bbox 328 1216 1906 1290; baseline -0.003 -18"><span class='ocrx_word' id='word_1_105' title='bbox 328 1224 521 1290; x_wconf 86' lang='grc' dir='ltr'>σφόδρα</span> <span class='ocrx_word' id='word_1_106' title='bbox 565 1222 761 1286; x_wconf 77' lang='grc' dir='ltr'>εἰκότως,</span> <span class='ocrx_word' id='word_1_107' title='bbox 801 1221 906 1276; x_wconf 74' lang='grc' dir='ltr'>τοὺς</span> <span class='ocrx_word' id='word_1_108' title='bbox 945 1220 1189 1280; x_wconf 70' lang='grc' dir='ltr'>λαβόντας</span> <span class='ocrx_word' id='word_1_109' title='bbox 1228 1216 1461 1287; x_wconf 53' lang='grc' dir='ltr'>ὄνειδισμῇν</span> <span class='ocrx_word' id='word_1_110' title='bbox 1502 1217 1620 1268; x_wconf 77' lang='grc' dir='ltr'>κατὰ</span> <span class='ocrx_word' id='word_1_111' title='bbox 1656 1219 1737 1280; x_wconf 86' lang='grc' dir='ltr'>τῆς</span> <span class='ocrx_word' id='word_1_112' title='bbox 1772 1216 1906 1281; x_wconf 83' lang='grc' dir='ltr'>ἁγίας</span> 
     </span>
     <span class='ocr_line' id='line_1_14' title="bbox 328 1296 1879 1370; baseline -0.005 -14"><span class='ocrx_word' id='word_1_113' title='bbox 328 1305 636 1370; x_wconf 83' lang='grc' dir='ltr'>Ἐκκλησίας,</span> <span class='ocrx_word' id='word_1_114' title='bbox 665 1304 730 1359; x_wconf 76' lang='grc' dir='ltr'>οἷς</span> <span class='ocrx_word' id='word_1_115' title='bbox 759 1304 814 1370; x_wconf 83' lang='grc' dir='ltr'>δὴ</span> <span class='ocrx_word' id='word_1_116' title='bbox 841 1306 916 1356; x_wconf 81' lang='grc' dir='ltr'>καὶ</span> <span class='ocrx_word' id='word_1_117' title='bbox 941 1303 1073 1368; x_wconf 81' lang='grc' dir='ltr'>μάλα</span> <span class='ocrx_word' id='word_1_118' title='bbox 1098 1302 1281 1356; x_wconf 77' lang='grc' dir='ltr'>εἰκότως</span> <span class='ocrx_word' id='word_1_119' title='bbox 1307 1300 1555 1368; x_wconf 86' lang='grc' dir='ltr'>ἀρμόσειεν</span> <span class='ocrx_word' id='word_1_120' title='bbox 1581 1298 1638 1350; x_wconf 81' lang='grc' dir='ltr'>ἂν</span> <span class='ocrx_word' id='word_1_121' title='bbox 1663 1296 1717 1350; x_wconf 89' lang='grc' dir='ltr'>τό</span> <span class='ocrx_word' id='word_1_122' title='bbox 1745 1300 1879 1349; x_wconf 76' lang='grc' dir='ltr'>Οὐαί.</span> 
     </span>
    </p>
   </div>
   <div class='ocr_carea' id='block_1_3' title="bbox 269 1491 1907 1587">
    <p class='ocr_par' dir='ltr' id='par_1_3' title="bbox 269 1491 1907 1587">
     <span class='ocr_line' id='line_1_15' title="bbox 294 1491 316 1517; baseline 0 0"><span class='ocrx_word' id='word_1_123' title='bbox 294 1491 316 1517; x_wconf 84' lang='lat' dir='ltr'>e</span> 
     </span>
     <span class='ocr_line' id='line_1_16' title="bbox 269 1528 1907 1587; baseline -0.007 -8"><span class='ocrx_word' id='word_1_124' title='bbox 269 1538 439 1585; x_wconf 74' lang='grc' dir='ltr'>19Ἰὸοὺ</span> <span class='ocrx_word' id='word_1_125' title='bbox 483 1537 568 1585; x_wconf 57' lang='lat' dir='ltr'>&amp;sch</span> <span class='ocrx_word' id='word_1_126' title='bbox 610 1537 722 1578; x_wconf 74' lang='grc' dir='ltr'>Ποιώ</span> <span class='ocrx_word' id='word_1_127' title='bbox 760 1537 804 1578; x_wconf 78' lang='grc' dir='ltr'>ὲν</span> <span class='ocrx_word' id='word_1_128' title='bbox 848 1535 911 1577; x_wconf 77' lang='grc' dir='ltr'>σοὶ</span> <span class='ocrx_word' id='word_1_129' title='bbox 949 1537 1092 1576; x_wconf 80' lang='grc' dir='ltr'>ἕνεκεν</span> <span class='ocrx_word' id='word_1_130' title='bbox 1134 1537 1207 1575; x_wconf 83' lang='grc' dir='ltr'>σοῦ</span> <span class='ocrx_word' id='word_1_131' title='bbox 1245 1533 1288 1574; x_wconf 79' lang='grc' dir='ltr'>ὲν</span> <span class='ocrx_word' id='word_1_132' title='bbox 1332 1534 1393 1585; x_wconf 75' lang='grc' dir='ltr'>τῷ</span> <span class='ocrx_word' id='word_1_133' title='bbox 1431 1532 1565 1587; x_wconf 77' lang='grc' dir='ltr'>καιρῷ</span> <span class='ocrx_word' id='word_1_134' title='bbox 1601 1528 1760 1582; x_wconf 74' lang='grc' dir='ltr'>ἐκείνῳ,</span> <span class='ocrx_word' id='word_1_135' title='bbox 1796 1528 1907 1574; x_wconf 76' lang='grc' dir='ltr'>λέΓει</span> 
     </span>
    </p>
   </div>
   <div class='ocr_carea' id='block_1_4' title="bbox 270 1611 1977 1921">
    <p class='ocr_par' dir='ltr' id='par_1_4' title="bbox 403 1611 1977 1676">
     <span class='ocr_line' id='line_1_17' title="bbox 403 1611 1977 1676; baseline -0.006 -16"><span class='ocrx_word' id='word_1_136' title='bbox 403 1620 564 1676; x_wconf 74' lang='grc' dir='ltr'>Κύριος,</span> <span class='ocrx_word' id='word_1_137' title='bbox 617 1620 683 1660; x_wconf 80' lang='grc' dir='ltr'>καί</span> <span class='ocrx_word' id='word_1_138' title='bbox 728 1619 857 1661; x_wconf 74' lang='grc' dir='ltr'>σώσω</span> <span class='ocrx_word' id='word_1_139' title='bbox 899 1617 975 1659; x_wconf 52' lang='grc' dir='ltr'>τὴν</span> <span class='ocrx_word' id='word_1_140' title='bbox 1023 1617 1374 1664; x_wconf 76' lang='grc' dir='ltr'>ὲκΠεΠιεομένΗν,</span> <span class='ocrx_word' id='word_1_141' title='bbox 1418 1615 1486 1655; x_wconf 80' lang='grc' dir='ltr'>καὶ</span> <span class='ocrx_word' id='word_1_142' title='bbox 1528 1613 1604 1655; x_wconf 57' lang='grc' dir='ltr'>τήν</span> <span class='ocrx_word' id='word_1_143' title='bbox 1647 1611 1907 1659; x_wconf 80' lang='grc' dir='ltr'>ἀπωσμένΗν</span> <span class='ocrx_word' id='word_1_144' title='bbox 1933 1617 1977 1655; x_wconf 89' lang='lat'>15</span> 
     </span>
    </p>

    <p class='ocr_par' dir='ltr' id='par_1_5' title="bbox 270 1694 1911 1844">
     <span class='ocr_line' id='line_1_18' title="bbox 401 1694 1910 1754; baseline -0.006 -10"><span class='ocrx_word' id='word_1_145' title='bbox 401 1702 657 1754; x_wconf 68' lang='grc' dir='ltr'>εἰσδέξομαι,</span> <span class='ocrx_word' id='word_1_146' title='bbox 696 1703 762 1743; x_wconf 83' lang='grc' dir='ltr'>καί</span> <span class='ocrx_word' id='word_1_147' title='bbox 802 1703 982 1750; x_wconf 67' lang='grc' dir='ltr'>θύσομαι</span> <span class='ocrx_word' id='word_1_148' title='bbox 1023 1700 1176 1741; x_wconf 73' lang='grc' dir='ltr'>αὐτοὺς</span> <span class='ocrx_word' id='word_1_149' title='bbox 1214 1697 1274 1740; x_wconf 70' lang='grc' dir='ltr'>εἰς</span> <span class='ocrx_word' id='word_1_150' title='bbox 1313 1700 1503 1753; x_wconf 77' lang='grc' dir='ltr'>καύχΗμα</span> <span class='ocrx_word' id='word_1_151' title='bbox 1542 1696 1609 1738; x_wconf 84' lang='grc' dir='ltr'>καί</span> <span class='ocrx_word' id='word_1_152' title='bbox 1646 1694 1910 1744; x_wconf 70' lang='grc' dir='ltr'>ὀνομαστοὺς</span> 
     </span>
     <span class='ocr_line' id='line_1_19' title="bbox 270 1777 1911 1844; baseline -0.006 -16"><span class='ocrx_word' id='word_1_153' title='bbox 270 1809 318 1833; x_wconf 89' lang='lat'>20</span> <span class='ocrx_word' id='word_1_154' title='bbox 402 1787 446 1827; x_wconf 78' lang='grc' dir='ltr'>ὲν</span> <span class='ocrx_word' id='word_1_155' title='bbox 482 1787 597 1844; x_wconf 73' lang='grc' dir='ltr'>Πασῌ</span> <span class='ocrx_word' id='word_1_156' title='bbox 631 1790 681 1844; x_wconf 61' lang='grc' dir='ltr'>τῇ</span> <span class='ocrx_word' id='word_1_157' title='bbox 722 1791 783 1843; x_wconf 62' lang='grc' dir='ltr'>Γῷ.</span> <span class='ocrx_word' id='word_1_158' title='bbox 836 1785 903 1825; x_wconf 82' lang='grc' dir='ltr'>καὶ</span> <span class='ocrx_word' id='word_1_159' title='bbox 943 1783 1372 1839; x_wconf 69' lang='grc' dir='ltr'>καταισχυνθύσονται</span> <span class='ocrx_word' id='word_1_160' title='bbox 1410 1781 1454 1822; x_wconf 77' lang='grc' dir='ltr'>ὲν</span> <span class='ocrx_word' id='word_1_161' title='bbox 1491 1785 1552 1834; x_wconf 73' lang='grc' dir='ltr'>τῷ</span> <span class='ocrx_word' id='word_1_162' title='bbox 1585 1783 1720 1836; x_wconf 79' lang='grc' dir='ltr'>καιρῷ</span> <span class='ocrx_word' id='word_1_163' title='bbox 1751 1777 1911 1832; x_wconf 80' lang='grc' dir='ltr'>ἐκείνῳ,</span> 
     </span>
    </p>

    <p class='ocr_par' dir='ltr' id='par_1_6' title="bbox 402 1861 1909 1921">
     <span class='ocr_line' id='line_1_20' title="bbox 402 1861 1909 1921; baseline -0.006 -10"><span class='ocrx_word' id='word_1_164' title='bbox 402 1871 503 1912; x_wconf 80' lang='grc' dir='ltr'>ὅταν</span> <span class='ocrx_word' id='word_1_165' title='bbox 540 1871 682 1910; x_wconf 68' lang='grc' dir='ltr'>καλῶς</span> <span class='ocrx_word' id='word_1_166' title='bbox 717 1866 809 1918; x_wconf 81' lang='grc' dir='ltr'>ὑμῖν</span> <span class='ocrx_word' id='word_1_167' title='bbox 843 1868 1026 1918; x_wconf 62' lang='grc' dir='ltr'>Ποιήσω,</span> <span class='ocrx_word' id='word_1_168' title='bbox 1058 1867 1126 1907; x_wconf 83' lang='grc' dir='ltr'><strong>καί</strong></span> <span class='ocrx_word' id='word_1_169' title='bbox 1162 1866 1206 1907; x_wconf 82' lang='grc' dir='ltr'>ἐν</span> <span class='ocrx_word' id='word_1_170' title='bbox 1244 1867 1305 1919; x_wconf 73' lang='grc' dir='ltr'>τῷ</span> <span class='ocrx_word' id='word_1_171' title='bbox 1343 1866 1478 1921; x_wconf 74' lang='grc' dir='ltr'>καιρῷ</span> <span class='ocrx_word' id='word_1_172' title='bbox 1516 1866 1615 1906; x_wconf 83' lang='grc' dir='ltr'>ὅταν</span> <span class='ocrx_word' id='word_1_173' title='bbox 1654 1861 1909 1918; x_wconf 74' lang='grc' dir='ltr'>εἷσὸἐχωμαι</span> 
     </span>
    </p>
   </div>
   <div class='ocr_carea' id='block_1_5' title="bbox 402 1955 520 2002">
    <p class='ocr_par' dir='ltr' id='par_1_7' title="bbox 402 1955 520 2002">
     <span class='ocr_line' id='line_1_21' title="bbox 402 1955 520 2002; baseline 0.008 -9"><span class='ocrx_word' id='word_1_174' title='bbox 402 1955 520 2002; x_wconf 70' lang='grc' dir='ltr'>ὑμᾶς.</span> 
     </span>
    </p>
   </div>
   <div class='ocr_carea' id='block_1_6' title="bbox 118 2053 1982 2548">
    <p class='ocr_par' dir='ltr' id='par_1_8' title="bbox 118 2053 1982 2548">
     <span class='ocr_line' id='line_1_22' title="bbox 409 2053 1982 2129; baseline -0.006 -15"><span class='ocrx_word' id='word_1_175' title='bbox 409 2063 676 2129; x_wconf 78' lang='grc' dir='ltr'>Τέτραπται</span> <span class='ocrx_word' id='word_1_176' title='bbox 716 2063 861 2113; x_wconf 84' lang='grc' dir='ltr'>πάλιν</span> <span class='ocrx_word' id='word_1_177' title='bbox 907 2063 931 2112; x_wconf 89' lang='grc' dir='ltr'>ὁ</span> <span class='ocrx_word' id='word_1_178' title='bbox 972 2060 1115 2126; x_wconf 81' lang='grc' dir='ltr'>λόγος</span> <span class='ocrx_word' id='word_1_179' title='bbox 1155 2064 1216 2113; x_wconf 78' lang='grc' dir='ltr'>εἰς</span> <span class='ocrx_word' id='word_1_180' title='bbox 1256 2058 1309 2110; x_wconf 86' lang='grc' dir='ltr'>τὸ</span> <span class='ocrx_word' id='word_1_181' title='bbox 1353 2061 1435 2122; x_wconf 85' lang='grc' dir='ltr'>τῆς</span> <span class='ocrx_word' id='word_1_182' title='bbox 1473 2055 1595 2108; x_wconf 80' lang='grc' dir='ltr'>Σιών</span> <span class='ocrx_word' id='word_1_183' title='bbox 1638 2053 1912 2121; x_wconf 86' lang='grc' dir='ltr'>πρόσωπον,</span> <span class='ocrx_word' id='word_1_184' title='bbox 1934 2086 1982 2111; x_wconf 89' lang='lat'>20</span> 
     </span>
     <span class='ocr_line' id='line_1_23' title="bbox 338 2138 1913 2215; baseline -0.008 -15"><span class='ocrx_word' id='word_1_185' title='bbox 338 2150 628 2215; x_wconf 81' lang='grc' dir='ltr'>ὑπισχνεῖται</span> <span class='ocrx_word' id='word_1_186' title='bbox 671 2147 718 2198; x_wconf 80' lang='grc' dir='ltr'>δὲ</span> <span class='ocrx_word' id='word_1_187' title='bbox 758 2145 817 2197; x_wconf 78' lang='grc' dir='ltr'>τὰ</span> <span class='ocrx_word' id='word_1_188' title='bbox 856 2145 931 2197; x_wconf 78' lang='grc' dir='ltr'>διὰ</span> <span class='ocrx_word' id='word_1_189' title='bbox 972 2150 1187 2212; x_wconf 81' lang='grc' dir='ltr'>Χριστοῦ</span> <span class='ocrx_word' id='word_1_190' title='bbox 1237 2142 1517 2212; x_wconf 74' lang='grc' dir='ltr'>παραδόξως</span> <span class='ocrx_word' id='word_1_191' title='bbox 1561 2138 1913 2207; x_wconf 80' lang='grc' dir='ltr'>κατωρθωμένα,</span> 
     </span>
     <span class='ocr_line' id='line_1_24' title="bbox 436 2220 1862 2247; baseline -0.007 0"><span class='ocrx_word' id='word_1_192' title='bbox 436 2232 446 2247; x_wconf 75' lang='lat' dir='ltr'><em>s</em></span> <span class='ocrx_word' id='word_1_193' title='bbox 606 2229 617 2245; x_wconf 67' lang='lat' dir='ltr'>x</span> <span class='ocrx_word' id='word_1_194' title='bbox 697 2231 705 2244; x_wconf 63' lang='lat'>³</span> <span class='ocrx_word' id='word_1_195' title='bbox 783 2231 792 2244; x_wconf 76' lang='lat'><strong>›</strong></span> <span class='ocrx_word' id='word_1_196' title='bbox 865 2233 884 2242; x_wconf 51' lang='grc' dir='ltr'>Α</span> <span class='ocrx_word' id='word_1_197' title='bbox 967 2230 977 2244; x_wconf 74' lang='grc'><strong>,</strong></span> <span class='ocrx_word' id='word_1_198' title='bbox 1030 2228 1041 2242; x_wconf 80' lang='lat' dir='ltr'><em>t</em></span> <span class='ocrx_word' id='word_1_199' title='bbox 1223 2229 1237 2245; x_wconf 55' lang='lat' dir='ltr'>x</span> <span class='ocrx_word' id='word_1_200' title='bbox 1309 2225 1322 2240; x_wconf 72' lang='lat' dir='ltr'>x</span> <span class='ocrx_word' id='word_1_201' title='bbox 1409 2227 1418 2240; x_wconf 63' lang='lat' dir='ltr'><em>v</em></span> <span class='ocrx_word' id='word_1_202' title='bbox 1474 2225 1483 2238; x_wconf 87' lang='lat' dir='ltr'><em>l</em></span> <span class='ocrx_word' id='word_1_203' title='bbox 1698 2223 1708 2238; x_wconf 73' lang='lat'>9</span> <span class='ocrx_word' id='word_1_204' title='bbox 1849 2220 1862 2237; x_wconf 80' lang='lat' dir='ltr'><em>t</em></span> 
     </span>
     <span class='ocr_line' id='line_1_25' title="bbox 118 2225 1912 2298; baseline -0.004 -18"><span class='ocrx_word' id='word_1_205' title='bbox 118 2247 205 2280; x_wconf 86' lang='lat'>624</span> <span class='ocrx_word' id='word_1_206' title='bbox 220 2246 269 2280; x_wconf 87' lang='lat' dir='ltr'>A.</span> <span class='ocrx_word' id='word_1_207' title='bbox 299 2254 441 2297; x_wconf 75' lang='lat' dir='ltr'><em>a7repc</em></span> <span class='ocrx_word' id='word_1_208' title='bbox 479 2254 528 2281; x_wconf 89' lang='grc' dir='ltr'>τε</span> <span class='ocrx_word' id='word_1_209' title='bbox 566 2253 648 2283; x_wconf 89' lang='grc' dir='ltr'>τας</span> <span class='ocrx_word' id='word_1_210' title='bbox 684 2230 740 2298; x_wconf 77' lang='grc' dir='ltr'>εξ</span> <span class='ocrx_word' id='word_1_211' title='bbox 771 2233 915 2280; x_wconf 89' lang='grc' dir='ltr'>εθνων</span> <span class='ocrx_word' id='word_1_212' title='bbox 951 2236 1125 2294; x_wconf 88' lang='grc' dir='ltr'>αγελας</span> <span class='ocrx_word' id='word_1_213' title='bbox 1164 2250 1240 2277; x_wconf 91' lang='grc' dir='ltr'>και</span> <span class='ocrx_word' id='word_1_214' title='bbox 1277 2249 1359 2277; x_wconf 88' lang='grc' dir='ltr'>τον</span> <span class='ocrx_word' id='word_1_215' title='bbox 1393 2230 1668 2287; x_wconf 77' lang='grc' dir='ltr'>αποβλητον</span> <span class='ocrx_word' id='word_1_216' title='bbox 1715 2225 1912 2288; x_wconf 89' lang='grc' dir='ltr'>Ισραηλ.</span> 
     </span>
     <span class='ocr_line' id='line_1_26' title="bbox 339 2305 1915 2383; baseline -0.008 -15"><span class='ocrx_word' id='word_1_217' title='bbox 339 2318 375 2368; x_wconf 82' lang='grc' dir='ltr'>ἐν</span> <span class='ocrx_word' id='word_1_218' title='bbox 414 2320 480 2367; x_wconf 63' lang='lat' dir='ltr'>cro}</span> <span class='ocrx_word' id='word_1_219' title='bbox 521 2314 613 2381; x_wconf 83' lang='grc' dir='ltr'>γάρ</span> <span class='ocrx_word' id='word_1_220' title='bbox 650 2319 801 2383; x_wconf 85' lang='grc' dir='ltr'>φησιν</span> <span class='ocrx_word' id='word_1_221' title='bbox 837 2313 961 2365; x_wconf 70' lang='grc' dir='ltr'>ἕνεκα</span> <span class='ocrx_word' id='word_1_222' title='bbox 1001 2315 1074 2364; x_wconf 76' lang='grc' dir='ltr'>σοῧ</span> <span class='ocrx_word' id='word_1_223' title='bbox 1109 2314 1291 2372; x_wconf 73' lang='grc' dir='ltr'>ποιήσω.</span> <span class='ocrx_word' id='word_1_224' title='bbox 1360 2308 1513 2372; x_wconf 81' lang='grc' dir='ltr'>ἐπειδὴ</span> <span class='ocrx_word' id='word_1_225' title='bbox 1540 2307 1633 2374; x_wconf 78' lang='grc' dir='ltr'>γὰρ</span> <span class='ocrx_word' id='word_1_226' title='bbox 1672 2310 1714 2358; x_wconf 79' lang='grc' dir='ltr'>οἱ</span> <span class='ocrx_word' id='word_1_227' title='bbox 1750 2305 1835 2370; x_wconf 79' lang='grc' dir='ltr'>μὲν</span> <span class='ocrx_word' id='word_1_228' title='bbox 1865 2307 1915 2356; x_wconf 89' lang='grc' dir='ltr'>ἐκ</span> 
     </span>
     <span class='ocr_line' id='line_1_27' title="bbox 337 2385 1916 2466; baseline -0.008 -17"><span class='ocrx_word' id='word_1_229' title='bbox 337 2398 610 2466; x_wconf 74' lang='grc' dir='ltr'>πλεονεξίας</span> <span class='ocrx_word' id='word_1_230' title='bbox 650 2395 1043 2460; x_wconf 84' lang='grc' dir='ltr'>ἀπεκομίσθησαν</span> <span class='ocrx_word' id='word_1_231' title='bbox 1081 2398 1142 2448; x_wconf 80' lang='grc' dir='ltr'>εἷς</span> <span class='ocrx_word' id='word_1_232' title='bbox 1179 2393 1338 2458; x_wconf 77' lang='grc' dir='ltr'>μέθην·</span> <span class='ocrx_word' id='word_1_233' title='bbox 1379 2396 1421 2443; x_wconf 79' lang='grc' dir='ltr'>οἱ</span> <span class='ocrx_word' id='word_1_234' title='bbox 1459 2390 1507 2442; x_wconf 79' lang='grc' dir='ltr'>δὲ</span> <span class='ocrx_word' id='word_1_235' title='bbox 1542 2388 1804 2456; x_wconf 83' lang='grc' dir='ltr'>ἠγνοήκασι</span> <span class='ocrx_word' id='word_1_236' title='bbox 1833 2385 1916 2438; x_wconf 78' lang='grc' dir='ltr'>τὸν</span> 
     </span>
     <span class='ocr_line' id='line_1_28' title="bbox 338 2469 1982 2548; baseline -0.009 -17"><span class='ocrx_word' id='word_1_237' title='bbox 338 2481 412 2531; x_wconf 78' lang='grc' dir='ltr'>ἐπὶ</span> <span class='ocrx_word' id='word_1_238' title='bbox 452 2481 662 2548; x_wconf 73' lang='grc' dir='ltr'>σωτηρίᾳ</span> <span class='ocrx_word' id='word_1_239' title='bbox 705 2483 799 2528; x_wconf 79' lang='grc' dir='ltr'>τῶν</span> <span class='ocrx_word' id='word_1_240' title='bbox 843 2478 969 2528; x_wconf 81' lang='grc' dir='ltr'>ὅλων</span> <span class='ocrx_word' id='word_1_241' title='bbox 1018 2473 1407 2542; x_wconf 87' lang='grc' dir='ltr'>ε’νηνθρωπηκότα</span> <span class='ocrx_word' id='word_1_242' title='bbox 1451 2472 1589 2531; x_wconf 76' lang='grc' dir='ltr'>Θεὸν,</span> <span class='ocrx_word' id='word_1_243' title='bbox 1636 2469 1914 2539; x_wconf 69' lang='grc' dir='ltr'>ἀμφοτέροις</span> <span class='ocrx_word' id='word_1_244' title='bbox 1934 2488 1982 2527; x_wconf 89' lang='lat'>25</span> 
     </span>
    </p>
   </div>
   <div class='ocr_carea' id='block_1_7' title="bbox 338 2553 1916 2633">
    <p class='ocr_par' dir='ltr' id='par_1_9' title="bbox 338 2553 1916 2633">
     <span class='ocr_line' id='line_1_29' title="bbox 338 2553 1916 2633; baseline -0.006 -18"><span class='ocrx_word' id='word_1_245' title='bbox 338 2564 716 2633; x_wconf 79' lang='grc' dir='ltr'>ἐπιδαψιλεύεται</span> <span class='ocrx_word' id='word_1_246' title='bbox 751 2561 832 2614; x_wconf 77' lang='grc' dir='ltr'>τὸν</span> <span class='ocrx_word' id='word_1_247' title='bbox 871 2562 1006 2613; x_wconf 74' lang='grc' dir='ltr'>ε”λεον</span> <span class='ocrx_word' id='word_1_248' title='bbox 1045 2563 1069 2612; x_wconf 85' lang='grc' dir='ltr'>ὁ</span> <span class='ocrx_word' id='word_1_249' title='bbox 1102 2559 1292 2612; x_wconf 79' lang='grc' dir='ltr'>πάντων</span> <span class='ocrx_word' id='word_1_250' title='bbox 1325 2556 1636 2624; x_wconf 82' lang='grc' dir='ltr'>Δημιουργὸς,</span> <span class='ocrx_word' id='word_1_251' title='bbox 1676 2557 1751 2606; x_wconf 83' lang='grc' dir='ltr'>καὶ</span> <span class='ocrx_word' id='word_1_252' title='bbox 1790 2553 1916 2606; x_wconf 69' lang='grc' dir='ltr'>ἕνεκα</span> 
     </span>
    </p>
   </div>
   <div class='ocr_carea' id='block_1_8' title="bbox 339 2723 1915 3059">
    <p class='ocr_par' dir='ltr' id='par_1_10' title="bbox 339 2723 1915 3059">
     <span class='ocr_line' id='line_1_30' title="bbox 389 2723 1914 2774; baseline -0.008 -3"><span class='ocrx_word' id='word_1_253' title='bbox 389 2749 419 2772; x_wconf 83' lang='lat'>2.</span> <span class='ocrx_word' id='word_1_254' title='bbox 445 2738 591 2771; x_wconf 71' lang='grc' dir='ltr'>ἔσονται·</span> <span class='ocrx_word' id='word_1_255' title='bbox 613 2735 717 2770; x_wconf 77' lang='grc' dir='ltr'>πόθεν</span> <span class='ocrx_word' id='word_1_256' title='bbox 735 2735 827 2769; x_wconf 86' lang='lat' dir='ltr'><strong>B.D.</strong></span> <span class='ocrx_word' id='word_1_257' title='bbox 845 2734 982 2768; x_wconf 74' lang='grc' dir='ltr'>ἔσονταί</span> <span class='ocrx_word' id='word_1_258' title='bbox 998 2748 1080 2767; x_wconf 83' lang='grc' dir='ltr'>ποτε</span> <span class='ocrx_word' id='word_1_259' title='bbox 1100 2731 1191 2766; x_wconf 86' lang='lat' dir='ltr'><strong>Edd.</strong></span> <span class='ocrx_word' id='word_1_260' title='bbox 1442 2741 1474 2774; x_wconf 89' lang='lat'>9.</span> <span class='ocrx_word' id='word_1_261' title='bbox 1500 2729 1607 2762; x_wconf 74' lang='grc' dir='ltr'>αὐτῶν</span> <span class='ocrx_word' id='word_1_262' title='bbox 1626 2727 1667 2761; x_wconf 89' lang='grc' dir='ltr'>Β.</span> <span class='ocrx_word' id='word_1_263' title='bbox 1685 2725 1805 2761; x_wconf 76' lang='grc' dir='ltr'>αὐτοὺς</span> <span class='ocrx_word' id='word_1_264' title='bbox 1822 2723 1914 2759; x_wconf 85' lang='lat' dir='ltr'>Edd.</span> 
     </span>
     <span class='ocr_line' id='line_1_31' title="bbox 340 2771 1915 2829; baseline -0.009 -10"><span class='ocrx_word' id='word_1_265' title='bbox 340 2785 564 2829; x_wconf 86' lang='grc' dir='ltr'>προσάγωσιν</span> <span class='ocrx_word' id='word_1_266' title='bbox 581 2782 640 2817; x_wconf 83' lang='lat' dir='ltr'>iid.</span> <span class='ocrx_word' id='word_1_267' title='bbox 855 2792 908 2815; x_wconf 90' lang='lat'>11.</span> <span class='ocrx_word' id='word_1_268' title='bbox 935 2779 1211 2814; x_wconf 83' lang='grc' dir='ltr'>καταλελοιπέναι</span> <span class='ocrx_word' id='word_1_269' title='bbox 1230 2778 1270 2811; x_wconf 89' lang='grc' dir='ltr'>Β.</span> <span class='ocrx_word' id='word_1_270' title='bbox 1498 2787 1550 2809; x_wconf 85' lang='lat'>12.</span> <span class='ocrx_word' id='word_1_271' title='bbox 1576 2775 1744 2814; x_wconf 80' lang='grc' dir='ltr'>λαβόντας</span> <span class='ocrx_word' id='word_1_272' title='bbox 1763 2772 1804 2806; x_wconf 87' lang='grc' dir='ltr'>Β.</span> <span class='ocrx_word' id='word_1_273' title='bbox 1823 2771 1915 2806; x_wconf 85' lang='lat' dir='ltr'><strong>Edd.</strong></span> 
     </span>
     <span class='ocr_line' id='line_1_32' title="bbox 339 2819 1912 2875; baseline -0.009 -10"><span class='ocrx_word' id='word_1_274' title='bbox 339 2832 568 2875; x_wconf 79' lang='grc' dir='ltr'>λαμβάνοντες</span> <span class='ocrx_word' id='word_1_275' title='bbox 585 2829 619 2863; x_wconf 87' lang='lat' dir='ltr'>b.</span> <span class='ocrx_word' id='word_1_276' title='bbox 667 2828 763 2874; x_wconf 82' lang='grc' dir='ltr'>ἁγίας</span> <span class='ocrx_word' id='word_1_277' title='bbox 779 2839 848 2861; x_wconf 87' lang='lat' dir='ltr'>om.</span> <span class='ocrx_word' id='word_1_278' title='bbox 867 2827 901 2861; x_wconf 93' lang='lat' dir='ltr'>b.</span> <span class='ocrx_word' id='word_1_279' title='bbox 1154 2837 1206 2868; x_wconf 85' lang='lat'>14.</span> <span class='ocrx_word' id='word_1_280' title='bbox 1239 2824 1349 2869; x_wconf 82' lang='grc' dir='ltr'>[ἕνεκα</span> <span class='ocrx_word' id='word_1_281' title='bbox 1367 2823 1465 2856; x_wconf 79' lang='lat' dir='ltr'>AleX.</span> <span class='ocrx_word' id='word_1_282' title='bbox 1485 2821 1570 2855; x_wconf 84' lang='lat' dir='ltr'><strong>XII.</strong></span> <span class='ocrx_word' id='word_1_283' title='bbox 1591 2821 1645 2860; x_wconf 87' lang='lat'>26,</span> <span class='ocrx_word' id='word_1_284' title='bbox 1664 2832 1720 2865; x_wconf 84' lang='lat'>49,</span> <span class='ocrx_word' id='word_1_285' title='bbox 1743 2819 1818 2862; x_wconf 83' lang='lat'>106,</span> <span class='ocrx_word' id='word_1_286' title='bbox 1836 2829 1912 2863; x_wconf 83' lang='lat'><strong>153,</strong></span> 
     </span>
     <span class='ocr_line' id='line_1_33' title="bbox 340 2865 1914 2922; baseline -0.009 -10"><span class='ocrx_word' id='word_1_287' title='bbox 340 2878 385 2911; x_wconf 88' lang='lat' dir='ltr'>cf.</span> <span class='ocrx_word' id='word_1_288' title='bbox 404 2876 520 2922; x_wconf 65' lang='lat' dir='ltr'>infra]</span> <span class='ocrx_word' id='word_1_289' title='bbox 574 2875 654 2921; x_wconf 85' lang='grc' dir='ltr'>σοῦ]</span> <span class='ocrx_word' id='word_1_290' title='bbox 674 2877 755 2919; x_wconf 87' lang='grc' dir='ltr'>ἐμοῦ</span> <span class='ocrx_word' id='word_1_291' title='bbox 782 2874 823 2908; x_wconf 89' lang='grc' dir='ltr'>Β.</span> <span class='ocrx_word' id='word_1_292' title='bbox 843 2874 919 2918; x_wconf 83' lang='lat'><strong>(22.</strong></span> <span class='ocrx_word' id='word_1_293' title='bbox 937 2873 1000 2917; x_wconf 80' lang='lat' dir='ltr'>al.)</span> <span class='ocrx_word' id='word_1_294' title='bbox 1018 2873 1061 2907; x_wconf 85' lang='lat' dir='ltr'>cf.</span> <span class='ocrx_word' id='word_1_295' title='bbox 1080 2872 1181 2906; x_wconf 86' lang='lat' dir='ltr'><strong>infra.</strong></span> <span class='ocrx_word' id='word_1_296' title='bbox 1230 2870 1323 2916; x_wconf 79' lang='grc' dir='ltr'>λέγει</span> <span class='ocrx_word' id='word_1_297' title='bbox 1349 2868 1472 2913; x_wconf 81' lang='grc' dir='ltr'>Κύριος</span> <span class='ocrx_word' id='word_1_298' title='bbox 1494 2880 1563 2901; x_wconf 87' lang='lat' dir='ltr'>om.</span> <span class='ocrx_word' id='word_1_299' title='bbox 1586 2867 1625 2901; x_wconf 89' lang='grc' dir='ltr'>Β.</span> <span class='ocrx_word' id='word_1_300' title='bbox 1646 2868 1717 2910; x_wconf 82' lang='lat'>(91,</span> <span class='ocrx_word' id='word_1_301' title='bbox 1741 2877 1817 2910; x_wconf 79' lang='lat'><strong>153.</strong></span> <span class='ocrx_word' id='word_1_302' title='bbox 1838 2865 1914 2910; x_wconf 86' lang='lat'>198,</span> 
     </span>
     <span class='ocr_line' id='line_1_34' title="bbox 342 2910 1915 2968; baseline -0.008 -11"><span class='ocrx_word' id='word_1_303' title='bbox 342 2924 436 2968; x_wconf 76' lang='grc'>233.)</span> <span class='ocrx_word' id='word_1_304' title='bbox 716 2923 768 2956; x_wconf 83' lang='grc'>18.</span> <span class='ocrx_word' id='word_1_305' title='bbox 795 2921 999 2966; x_wconf 82' lang='grc' dir='ltr'>εἷσδέχωμαι</span> <span class='ocrx_word' id='word_1_306' title='bbox 1020 2920 1060 2953; x_wconf 90' lang='lat' dir='ltr'>B.</span> <span class='ocrx_word' id='word_1_307' title='bbox 1080 2917 1220 2963; x_wconf 86' lang='lat' dir='ltr'>(Alex.)</span> <span class='ocrx_word' id='word_1_308' title='bbox 1239 2917 1283 2951; x_wconf 88' lang='lat' dir='ltr'>cf.</span> <span class='ocrx_word' id='word_1_309' title='bbox 1301 2917 1403 2951; x_wconf 81' lang='lat' dir='ltr'>infra.</span> <span class='ocrx_word' id='word_1_310' title='bbox 1421 2915 1613 2958; x_wconf 76' lang='grc' dir='ltr'>εἰσδέξομαι</span> <span class='ocrx_word' id='word_1_311' title='bbox 1634 2914 1734 2947; x_wconf 87' lang='lat' dir='ltr'>Pont.</span> <span class='ocrx_word' id='word_1_312' title='bbox 1754 2912 1855 2957; x_wconf 86' lang='lat' dir='ltr'>(Vat.</span> <span class='ocrx_word' id='word_1_313' title='bbox 1874 2910 1915 2956; x_wconf 65' lang='lat' dir='ltr'>N)</span> 
     </span>
     <span class='ocr_line' id='line_1_35' title="bbox 339 2957 1915 3014; baseline -0.008 -10"><span class='ocrx_word' id='word_1_314' title='bbox 339 2970 540 3014; x_wconf 81' lang='grc' dir='ltr'>εἷσδέξωμαι</span> <span class='ocrx_word' id='word_1_315' title='bbox 559 2969 652 3003; x_wconf 86' lang='lat' dir='ltr'><strong>Aub.</strong></span> <span class='ocrx_word' id='word_1_316' title='bbox 850 2978 906 3001; x_wconf 86' lang='lat'>20.</span> <span class='ocrx_word' id='word_1_317' title='bbox 929 2965 1132 3010; x_wconf 85' lang='grc' dir='ltr'>Τέτραπται]</span> <span class='ocrx_word' id='word_1_318' title='bbox 1153 2964 1341 3010; x_wconf 85' lang='grc' dir='ltr'>Γέγραπται</span> <span class='ocrx_word' id='word_1_319' title='bbox 1356 2962 1448 2997; x_wconf 84' lang='lat' dir='ltr'><strong>Edd.</strong></span> <span class='ocrx_word' id='word_1_320' title='bbox 1639 2971 1692 3002; x_wconf 85' lang='lat'>24.</span> <span class='ocrx_word' id='word_1_321' title='bbox 1717 2958 1837 3005; x_wconf 83' lang='grc' dir='ltr'>μέθην]</span> <span class='ocrx_word' id='word_1_322' title='bbox 1858 2957 1915 2992; x_wconf 79' lang='lat' dir='ltr'>Sic</span> 
     </span>
     <span class='ocr_line' id='line_1_36' title="bbox 340 3006 1810 3059; baseline -0.007 -9"><span class='ocrx_word' id='word_1_323' title='bbox 340 3017 465 3050; x_wconf 83' lang='lat' dir='ltr'>retinui</span> <span class='ocrx_word' id='word_1_324' title='bbox 491 3028 531 3049; x_wconf 81' lang='lat' dir='ltr'>ex</span> <span class='ocrx_word' id='word_1_325' title='bbox 550 3015 641 3049; x_wconf 89' lang='lat' dir='ltr'><strong>Edd.</strong></span> <span class='ocrx_word' id='word_1_326' title='bbox 661 3015 704 3049; x_wconf 84' lang='lat' dir='ltr'>cf.</span> <span class='ocrx_word' id='word_1_327' title='bbox 723 3025 826 3059; x_wconf 85' lang='lat' dir='ltr'>supra</span> <span class='ocrx_word' id='word_1_328' title='bbox 844 3014 912 3058; x_wconf 85' lang='lat'>623</span> <span class='ocrx_word' id='word_1_329' title='bbox 930 3025 959 3048; x_wconf 91' lang='lat' dir='ltr'>c.</span> <span class='ocrx_word' id='word_1_330' title='bbox 978 3014 1108 3056; x_wconf 83' lang='grc' dir='ltr'>πλάνην</span> <span class='ocrx_word' id='word_1_331' title='bbox 1127 3012 1168 3045; x_wconf 88' lang='grc' dir='ltr'>Β.</span> <span class='ocrx_word' id='word_1_332' title='bbox 1232 3011 1299 3045; x_wconf 87' lang='lat' dir='ltr'>Pro</span> <span class='ocrx_word' id='word_1_333' title='bbox 1316 3010 1382 3044; x_wconf 91' lang='lat' dir='ltr'>hoc</span> <span class='ocrx_word' id='word_1_334' title='bbox 1400 3008 1507 3044; x_wconf 83' lang='lat' dir='ltr'>verbo</span> <span class='ocrx_word' id='word_1_335' title='bbox 1523 3020 1595 3042; x_wconf 88' lang='lat' dir='ltr'>non</span> <span class='ocrx_word' id='word_1_336' title='bbox 1613 3008 1744 3042; x_wconf 83' lang='lat' dir='ltr'>contuli</span> <span class='ocrx_word' id='word_1_337' title='bbox 1763 3006 1810 3040; x_wconf 90' lang='lat' dir='ltr'>D.</span> 
     </span>
    </p>
   </div>
  </div>
 </body>
</html>
