2049 3366
112 213 263 238 lSRAEL.

164 322 372 369 perantiam
394 325 466 359 201
488 334 520 364 e,
543 328 580 359 et
604 323 650 358 ad
678 322 869 371 poeniten·

165 387 256 422 tiam
277 393 430 423 vocatur
452 389 528 424 202
551 400 591 432 c;
622 400 770 423 crucam
796 399 869 423 non

166 464 312 494 curans,
328 459 432 499 peste
446 453 562 488 altera
575 459 731 488 vexatur
745 454 821 488 202
832 452 870 495 b;

168 516 357 564 Sponsum
405 517 609 558 trucidans,
650 529 669 553 e
708 516 872 552 thalamo

167 581 365 628 expellitur
395 584 471 618 205
494 582 538 627 d;
578 582 706 628 lugere
731 582 870 629 jussus,

167 646 355 682 sacrificiis
392 647 558 694 privatus
597 648 673 683 206
705 659 747 691 a3
792 646 873 693 ipso

167 711 280 746 modo
301 711 471 760 supplicii
499 711 762 747 imbecillitatis
783 723 871 746 con-

168 776 288 811 victus
316 778 389 812 221
415 776 459 821 b;
495 790 515 812 a
542 776 671 811 vicinis
698 775 873 823 gentibus

168 841 295 876 irrisus
317 843 394 877 236
415 854 457 883 a;
494 854 514 877 a
542 841 622 876 Deo
651 846 787 881 tutore,
809 852 874 887 spe

169 906 268 942 bona
296 906 444 942 fovetur
474 908 550 942 238
580 918 622 950 c;
662 917 728 952 pcr
758 904 872 940 idolo-

169 970 315 1006 latriam
332 971 445 1007 fiebat
461 971 598 1018 praeda
614 970 791 1011 hostium,
810 981 876 1017 per

168 1035 437 1083 poenitentiam
455 1036 566 1071 fiebat
580 1035 744 1071 hostium
757 1034 876 1069 victor

171 1103 245 1137 241
288 1113 332 1145 e;
383 1101 482 1149 apud
521 1100 739 1148 Prophetas,
777 1111 876 1135 nunc

171 1165 258 1208 duo,
280 1178 378 1201 nunc
399 1165 539 1206 decem,
561 1177 660 1200 nune
681 1163 876 1200 duodecim

170 1230 290 1266 tribus
323 1230 510 1278 significat
545 1231 621 1266 248
650 1241 691 1274 c;
730 1230 806 1265 768
835 1241 875 1274 a;

172 1295 236 1330 dat
250 1307 391 1342 poenas
407 1294 614 1342 apostasiae
631 1293 741 1329 variis
755 1293 878 1329 modis

173 1362 249 1396 249
280 1360 327 1405 d;
370 1359 441 1395 Dei
470 1358 686 1406 patientiam
716 1371 792 1394 non
821 1358 876 1393 in-

170 1424 396 1460 tellexerunt
427 1426 503 1460 254
533 1436 577 1468 a;
623 1423 722 1472 quod
754 1423 878 1471 legem

172 1489 314 1530 habuit,
341 1489 551 1537 graviorem
582 1501 741 1535 poenam
769 1500 879 1536 quam

171 1559 304 1602 gentes
342 1553 476 1589 meruit
517 1554 594 1588 264
629 1552 677 1594 (1;
731 1552 769 1588 in
807 1552 880 1588 hoc

171 1618 334 1654 maxime
372 1618 551 1666 peccavit,
591 1618 691 1665 quod
729 1622 878 1665 patrum

172 1695 325 1719 suorum
347 1695 491 1719 errores
513 1688 662 1718 secutus
683 1683 729 1718 sit
746 1684 823 1719 264
837 1694 877 1728 e3

172 1754 230 1784 ter
258 1754 462 1796 quaterque
491 1747 696 1795 impunitus
727 1747 879 1782 tandem

173 1812 284 1848 minis
300 1818 455 1861 urgetur
471 1814 548 1848 265
566 1812 610 1857 d;
642 1817 679 1847 et
695 1811 879 1860 justitiam

173 1883 212 1913 et
235 1877 360 1925 justos
386 1876 572 1912 vendebat
601 1878 679 1913 266
707 1889 749 1921 a3
788 1876 881 1911 lucri

173 1941 293 1989 turpis
319 1953 431 1977 causa
456 1943 532 1977 266
554 1953 595 1985 c;
635 1947 672 1976 et
699 1953 880 1988 pauperes

174 2006 374 2042 crudeliter
387 2005 571 2041 tractabat
588 2006 664 2041 266
679 2017 698 2040 e
711 2017 719 2050 ;
750 2005 882 2040 incesti

175 2076 368 2106 accusatus
397 2072 472 2106 268
495 2082 536 2114 a3
569 2069 762 2118 Sacrilegii
791 2082 879 2105 con-

174 2136 310 2179 victus,
350 2135 502 2182 templis
550 2147 615 2182 per
662 2135 881 2170 ebrietatem

174 2200 326 2248 pollutis
347 2202 424 2236 270
446 2212 487 2244 a;
518 2199 688 2247 ingratus
715 2199 880 2234 ostendi-

175 2271 248 2307 tur,
277 2264 445 2312 quamvis
471 2270 602 2300 contra
628 2265 882 2300 Amorrhaeos

176 2329 351 2365 defensus
391 2331 468 2365 270
506 2341 526 2364 c
551 2341 582 2374 e,
621 2328 668 2364 ab
706 2328 882 2377 Aegypto

174 2393 353 2429 liberatus
392 2395 465 2429 271
507 2392 544 2435 b,
585 2399 623 2429 et
668 2393 706 2429 in
744 2400 882 2429 terram

176 2464 343 2506 optatam
373 2456 508 2493 ductus
534 2460 607 2494 271
633 2470 672 2503 c;
711 2458 882 2505 ingratus

177 2522 398 2562 ostenditur,
420 2521 557 2558 Divina
584 2522 693 2565 dona,
717 2523 881 2571 Prophe-

176 2587 266 2622 tiam
291 2592 329 2622 et
355 2586 687 2623 sanctificationem
714 2594 881 2624 contem-

177 2663 283 2694 nens,
313 2656 352 2686 et
385 2650 585 2687 Nazaritas
618 2651 778 2688 irridens
805 2655 881 2689 272

177 2715 201 2751 b
221 2728 265 2760 c;
305 2715 525 2751 electionem
555 2728 659 2752 suam
690 2729 882 2764 spernens,

177 2793 254 2816 non
267 2780 501 2816 excusandus
517 2783 593 2817 275
608 2793 650 2826 a;
678 2781 885 2829 Prophetas

174 2845 354 2893 judicium
412 2845 628 2881 minitantes
693 2845 886 2883 minitatur

180 2911 256 2945 275
291 2922 335 2955 e3
382 2911 458 2946 276
494 2922 538 2953 a;
588 2909 635 2945 ob
674 2910 884 2957 superbiam

179 2973 309 3010 avibus
343 2980 580 3022 comparatur
612 2976 687 3011 277
710 2987 751 3015 e:
796 2975 884 3011 Pro-

641 203 851 240 INDEX
912 202 1158 239 RERUM.
1624 199 1700 232 693

996 322 1127 369 phetas
1158 319 1436 358 contemnebat,
1466 320 1505 353 ut
1533 316 1611 352 avis
1637 328 1701 352 au-

996 399 1126 434 cupem
1150 389 1226 422 278
1249 398 1291 430 a;
1330 390 1369 420 ut
1397 383 1474 419 avis
1496 382 1541 418 ab
1562 393 1704 428 aucupe

996 459 1114 499 capta,
1132 452 1193 486 (lat
1216 462 1353 498 poenas
1371 451 1446 485 278
1462 448 1507 493 b3
1539 446 1703 494 Prophe-

1000 524 1120 554 tarum
1138 517 1227 552 tuba
1244 521 1412 555 sonante,
1428 513 1562 549 surdus
1578 517 1705 547 manet

998 585 1074 619 278
1095 582 1137 625 d;
1169 581 1214 617 ab
1232 579 1409 628 Assyriis,
1428 579 1530 614 velut
1550 590 1570 614 e
1589 576 1705 612 fauci-

998 648 1066 683 bus
1108 647 1226 682 leonis
1264 645 1418 692 cripitur
1458 646 1534 680 284
1574 654 1618 687 c;
1668 641 1705 677 in

999 711 1195 759 Assyriam
1226 716 1503 757 transportatur
1524 709 1600 744 284
1623 706 1646 742 d
1662 718 1704 751 e;

998 777 1119 813 Deum
1141 776 1278 812 throno
1296 787 1363 810 suo
1380 772 1615 812 detrudebat,
1635 770 1707 807 Dei

998 854 1102 878 sacra
1123 841 1268 881 diurna,
1291 846 1327 875 ct
1347 839 1463 875 festos
1491 849 1647 877 annuos,
1670 842 1708 872 et

998 907 1172 947 decimas,
1194 911 1230 941 et
1250 904 1430 952 templum
1454 902 1562 938 idolis
1582 907 1706 937 trans-

997 971 1122 1007 ferens
1152 972 1228 1006 290
1257 969 1338 1013 ad;
1379 968 1426 1004 ob
1456 966 1707 1003 idololatriam

999 1036 1215 1083 castigatur,
1226 1034 1394 1070 dentium
1409 1032 1568 1068 stridore
1583 1033 1656 1068 291
1669 1031 1705 1072 d,

1000 1113 1115 1148 aquae
1164 1099 1319 1148 penuria
1365 1100 1440 1134 292
1483 1098 1520 1138 b,
1565 1097 1709 1145 gratiae

1000 1165 1158 1202 Divinae
1184 1164 1309 1212 inopia
1338 1165 1413 1199 292
1437 1175 1469 1203 c,
1496 1161 1711 1210 ignorantia

1000 1230 1265 1279 mysteriorum
1288 1228 1358 1264 Dei
1380 1230 1455 1264 292
1478 1228 1521 1272 d;
1557 1233 1710 1275 propter

1001 1295 1203 1344 ignaviam,
1231 1293 1383 1335 morbis,
1410 1298 1562 1340 propter
1590 1291 1707 1327 avari-

1002 1361 1091 1396 tiam
1126 1358 1282 1395 locustis
1315 1358 1522 1405 castigatur
1553 1359 1629 1393 293
1660 1356 1707 1398 b;

1003 1427 1179 1473 Aegypto
1218 1423 1353 1465 fidens,
1390 1435 1456 1470 per
1494 1423 1711 1469 Aegyptum

1002 1490 1097 1538 perit
1123 1492 1199 1526 293
1223 1488 1267 1531 d;
1301 1487 1416 1524 exitio
1438 1486 1625 1523 Sodomae
1646 1486 1710 1522 de-

1004 1562 1161 1590 vovetur
1182 1556 1259 1590 294
1280 1554 1324 1597 b;
1358 1555 1434 1589 295
1457 1553 1502 1597 b;
1533 1558 1712 1599 tanquam

1003 1620 1115 1655 torris
1141 1619 1344 1654 semiustus
1365 1618 1410 1652 ab
1431 1617 1518 1664 igne
1543 1616 1711 1664 eripitur,

1004 1696 1070 1731 per
1108 1683 1251 1732 Cyrum
1297 1685 1374 1719 294
1414 1682 1458 1726 d;
1514 1694 1589 1716 non
1633 1680 1712 1717 sine

1004 1748 1143 1784 Divino
1172 1748 1315 1783 monitu
1340 1747 1450 1795 periit
1471 1749 1547 1783 295
1570 1759 1610 1792 c;
1646 1746 1710 1782 de-

1004 1814 1126 1854 fletur,
1165 1812 1270 1860 quasi
1314 1812 1427 1847 domo
1470 1813 1550 1860 jam
1589 1811 1712 1848 diruta

1005 1881 1080 1914 297
1098 1878 1143 1923 b;
1176 1877 1213 1912 in
1233 1878 1406 1925 Aegypto
1426 1876 1558 1912 nolens
1578 1889 1710 1924 pecca-

1003 1943 1079 1983 bat,
1125 1947 1256 1989 postea
1292 1940 1503 1977 voluntarie
1551 1942 1628 1977 297
1669 1953 1711 1987 c;

1004 2006 1280 2047 inexcusabilis,
1299 2005 1400 2053 quod
1416 2005 1558 2052 Legem
1575 2005 1710 2047 Mosis,

1005 2071 1269 2119 paedagogum
1299 2070 1454 2105 haberet
1483 2072 1560 2106 297
1586 2069 1634 2115 d;
1673 2070 1712 2106 in

1006 2136 1158 2172 Christo
1199 2134 1342 2176 cecidit,
1382 2134 1419 2169 in
1461 2133 1614 2170 Christo
1653 2146 1713 2170 re-

1007 2207 1139 2249 surget
1161 2202 1237 2236 297
1258 2212 1298 2244 e;
1329 2199 1492 2235 decimas
1512 2198 1597 2240 Dei,
1620 2199 1713 2235 dans

1006 2265 1126 2307 idolis,
1162 2264 1369 2300 decimatur
1406 2263 1484 2311 ipse
1517 2265 1592 2300 298
1623 2263 1713 2308 ab;

1007 2331 1203 2378 desperare
1233 2341 1309 2365 non
1338 2328 1542 2376 permissus
1567 2329 1643 2365 298
1666 2329 1712 2374 d;

1006 2395 1073 2431 sed
1105 2394 1233 2435 exitio,
1262 2394 1300 2429 ni
1328 2393 1529 2441 poeniteat,
1556 2393 1714 2430 devotus

1008 2461 1084 2496 299
1099 2472 1119 2495 a
1134 2459 1174 2504 εἰς
1197 2458 1405 2506 Prophetas
1422 2457 1459 2492 in
1476 2457 1593 2505 portis
1606 2470 1713 2505 prae-

1007 2524 1173 2560 dicantes
1209 2523 1288 2559 odit
1323 2524 1397 2559 301
1430 2534 1462 2564 e,
1503 2528 1541 2558 et
1570 2522 1714 2570 Legem

1005 2589 1126 2637 ipsam
1152 2590 1225 2624 301
1243 2600 1286 2632 e;
1318 2587 1403 2623 inde
1426 2587 1552 2622 statim
1572 2587 1610 2622 in
1631 2599 1714 2623 cru·

1007 2653 1199 2689 delitatem
1231 2651 1363 2688 incidit
1395 2654 1470 2688 302
1498 2651 1521 2687 b
1542 2663 1582 2695 c;
1623 2663 1714 2698 pau-

1007 2730 1115 2766 peres
1144 2717 1230 2753 ferit
1259 2719 1334 2753 302
1357 2728 1398 2759 c;
1429 2715 1717 2763 reprehenditur

1007 2788 1163 2831 propter
1215 2781 1493 2829 oppressionem
1553 2782 1628 2816 303
1677 2779 1715 2821 b,

1008 2846 1285 2894 corruptionem
1337 2847 1412 2882 303
1457 2857 1487 2889 e,
1540 2856 1713 2892 persecu-

1008 2911 1146 2947 tionem
1178 2913 1253 2947 303
1284 2922 1303 2946 e
1320 2923 1328 2955 ;
1364 2909 1587 2958 pauperibus
1613 2908 1714 2957 judi-

1009 2975 1108 3012 cium
1139 2975 1304 3023 corrupit
1336 2976 1410 3010 303
1433 2986 1476 3019 c;
1508 2973 1716 3021 Prophetas
