1997 3361
87 148 142 188 iii.
169 163 201 199 1,
226 163 259 191 2.
460 151 532 191 IN
579 151 996 191 ZACHARJAM.
1057 150 1208 190 TUM.
1245 149 1277 189 Ι.
1579 149 1662 186 5313

86 258 111 307 ὁ
139 257 318 324 Σωτὴρ,
346 258 420 309 διὰ
445 262 527 323 τῆς
552 265 634 310 τοῦ
658 260 936 327 ψάλλοντος
971 262 1130 328 φωνῆς
1163 261 1282 309 οὕτω
1311 257 1463 322 λέγων
1491 264 1516 285 “
1536 255 1660 306 Ἀπὸ
1723 273 1776 342 γε.
1796 273 1834 302 xi.

85 346 113 367 ‘⁶
139 343 220 403 τῆς
245 342 560 407 ταλαιπωρίας
587 347 679 391 τῶν
705 347 907 408 πτωχῶν
935 345 1007 392 καὶ
1044 341 1136 391 ἀπὸ
1168 347 1249 391 τοῦ
1275 344 1542 405 στεναγμοῦ
1567 342 1660 388 τῶν
1735 329 1752 346 ''

87 428 114 450 ‘⁶
135 421 346 485 πενήτων
378 429 458 473 νῦν
493 423 823 487 ἀναστήσομαι
861 424 983 489 λέγει
1011 423 1224 489 Κυριος.”
1292 424 1520 489 ἐγήγερται
1561 421 1655 471 τοί·
1679 437 1699 461 C

87 526 180 566 νυν,
215 505 442 566 τουτέστι,
475 507 702 569 κεκίνηται
740 505 906 556 λοιπὸν
948 510 1009 559 εἷς
1041 505 1302 569 ἐπικουρίαν
1341 508 1436 556 τοῖς
1469 504 1542 553 ἐπὶ
1579 505 1662 565 τῆς

44 607 65 645 5
86 588 173 651 γῆς
196 587 493 654 πεπραχόσιν
519 589 710 641 ἀθλίως.
777 587 914 641 αὐτὸς
941 588 987 638 δὲ
1021 589 1048 651 ἡ
1083 586 1272 637 πάντων
1299 585 1452 645 λύσις,
1480 589 1554 635 καὶ
1581 587 1663 647 τῆς

85 668 281 735 ἀρχαίας
313 671 426 734 ἀρᾶς
461 668 514 720 τὸ
552 671 710 736 πέρας,
745 673 818 720 καὶ
858 670 977 737 ἀρχὴ
1016 675 1098 720 τοῦ
1135 668 1311 722 παντὸς
1349 670 1549 733 ἀγαθοῦ,
1588 669 1663 717 καὶ

86 749 227 817 δοτὴρ
250 751 437 805 ἐλπίδος
462 755 543 815 τῆς
568 756 627 805 εἷς
655 755 798 802 αἰῶνα
824 752 906 802 τὸν
931 753 1185 815 μέλλοντα.

92 999 167 1041 Καὶ
192 998 328 1043 ἔδειξε
359 1016 428 1049 μοι
458 1001 791 1058 ΚύριοςἸΗσοῦν
830 1002 902 1043 τὸν
942 999 1056 1058 ἷερεα
1095 1001 1166 1042 τὸν
1204 1001 1334 1049 μὲι-αν
1374 1000 1540 1041 ἑστῶτα
1579 1000 1662 1055 Πρὸ
1687 1002 1854 1055 Κεφ.γ’.

157 1084 390 1141 Προσώτῐου
428 1086 606 1133 ἀπέλου
646 1086 807 1143 Κυρίου,
836 1085 903 1126 καὶ
940 1086 961 1127 ὁ
1000 1085 1199 1135 διάβολος
1232 1083 1391 1126 ἱστήκει
1425 1085 1470 1124 ἐκ
1510 1083 1660 1126 δεξιῶν
1683 1086 1709 1125 d

23 1182 69 1206 10
155 1169 284 1210 αὐτοῦ
327 1173 400 1209 τοῦ
450 1167 709 1211 ἀντικεῖσθαι
750 1170 879 1223 αὐτῷ.
940 1169 1008 1209 καὶ
1047 1164 1139 1209 εἶῐτε
1189 1168 1295 1224 Πρὸς
1343 1167 1415 1209 τὸν
1460 1167 1701 1216 ὃιάβολονΖ

147 1250 423 1299 Ἐπιτιμήσαι
458 1251 605 1309 Κύριος
640 1252 685 1293 ἐν
723 1252 800 1301 σοὶ,
827 1252 1011 1303 homme,
1042 1251 1109 1291 καί
1145 1251 1391 1299 ἐπιτιμήσαι
1431 1251 1579 1307 Κύριος
1617 1250 1660 1290 ἐν

154 1335 220 1376 σοὶ
255 1334 277 1376 ὁ
313 1334 597 1383 ἐκλεξάμενος
624 1335 1013 1391 τιὶνἹερουσαλΗίι·
1052 1334 1128 1375 οὐκ
1156 1332 1245 1375 ἰδοὺ
1272 1337 1398 1375 τοῦτο
1436 1334 1495 1374 ὡς
1532 1332 1663 1374 δαλὸς

155 1418 470 1466 ἑξεστῐασμένος
496 1418 542 1459 ἐκ
569 1420 726 1475 Πυρόε;

151 1551 360 1618 “Ορασις
403 1550 485 1615 μὲν
534 1552 588 1603 τὸ
640 1553 857 1619 διήγημα,
907 1551 1036 1617 πλὴν
1081 1551 1173 1619 ἔχει
1225 1552 1372 1616 λόγον
1414 1551 1665 1616 ἱστορικὸν,

23 1656 67 1694 15
87 1636 435 1700 αἰνιγματωδῶς
490 1634 828 1697 εἷσβάλλοντα,
885 1637 960 1685 καὶ
1010 1637 1071 1688 ὡς
1120 1637 1167 1684 ἐν
1219 1633 1354 1684 εἰκόνι
1404 1631 1549 1684 πάλιν
1599 1637 1664 1702 τῷ

85 1717 246 1780 Ἰησοῦ
307 1717 793 1784 προδιαγραφόμενον.
885 1716 1040 1768 ἰστέον
1091 1715 1152 1777 δὲ,
1205 1715 1275 1766 ὅτι
1324 1719 1417 1765 τῶν
1468 1716 1516 1765 ἐν
1564 1720 1702 1769 ταῖςθ

88 1798 315 1865 ὁράσεσιν
349 1804 410 1852 εἰς
447 1800 589 1865 πέρας
630 1798 972 1864 ἐκβεβηκότων,
1003 1796 1110 1851 τοῦς
1147 1802 1250 1863 περὶ
1289 1798 1441 1848 αὐτῶν
1475 1798 1499 1847 ὁ
1528 1801 1661 1863 Προ-

88 1880 239 1947 φήτης
283 1886 478 1932 ποιεῖται
519 1881 703 1946 λόγους,
747 1885 1026 1944 εἰκαιομυθεῖ
1065 1879 1112 1930 δὲ
1153 1881 1376 1942 οὐδαμῶς,
1419 1878 1522 1929 οὐδὲ
1571 1879 1665 1942 μὴν

87 1962 282 2013 κατόπιν
333 1967 427 2014 τῶν
476 1962 876 2023 ἀποτελεσμάτων
925 1962 1104 2030 ἔρχεται
1154 1963 1228 2012 καὶ
1279 1965 1506 2026 περιττῶν
1557 1962 1665 2025 ἡμῖν

21 2075 70 2099 20
88 2043 387 2109 διηγημάτων
426 2044 695 2111 ἐπισωρεύει
733 2045 892 2112 ὄχλον·
934 2043 1059 2107 ἀλλ’,
1088 2045 1149 2097 ὡς
1188 2043 1307 2111 ἔφην
1345 2045 1392 2093 ἐν
1425 2045 1602 2110 ἀρχαῖς,
1636 2042 1666 2092 ἃ

86 2125 179 2192 πρὸ
217 2131 311 2177 τῶν
347 2125 640 2193 πραγμάτων
674 2128 896 2190 τεθέαται,
923 2132 1069 2177 ταῦτα
1100 2127 1174 2176 καὶ
1206 2124 1530 2190 ἀπαγγέλλειν
1561 2148 1663 2176 ποι-

87 2214 200 2260 εἷται
242 2211 348 2275 περὶ
396 2215 596 2272 πολλοῦ,
644 2207 802 2278 σοφόν
851 2233 900 2261 τε
949 2211 1023 2259 καὶ
1067 2209 1270 2276 ἀσφαλῆ
1316 2205 1543 2260 καθιστὰς
1583 2206 1665 2257 τὸν

87 2290 301 2358 Ἰσραὴλ,
345 2291 419 2342 ἵνα
459 2290 524 2355 μὴ
574 2296 669 2345 τοῖς
712 2291 833 2345 ’ίσοις
881 2290 1151 2353 πταίσμασι
1200 2288 1481 2354 περιπεσών,
1527 2289 1664 2353 ἁλοίη

89 2375 164 2423 καὶ
201 2373 428 2439 δεύτερον,
462 2372 604 2435 εἰδὼς,
637 2373 706 2424 ὅτι
745 2373 993 2424 σέσωσται
1031 2370 1148 2436 μετὰ
1183 2371 1341 2433 πόνου,
1385 2373 1460 2421 καὶ
1497 2394 1664 2434 μονον-

22 2487 40 2511 2
48 2484 69 2522 5
89 2456 192 2522 ουχὶ
218 2456 410 2524 φροντὶς
434 2454 597 2521 γέγονε
621 2457 695 2506 καὶ
722 2460 817 2509 τοῖς
841 2455 888 2506 ἐν
908 2455 1088 2523 οὐρανῷ
1114 2453 1335 2519 ἀγγέλοις
1360 2453 1388 2517 ἡ
1414 2454 1481 2503 ἐπ’
1510 2453 1663 2507 αὐτοῖς
1681 2475 1703 2499 a
1735 2465 1817 2500 673
1833 2466 1884 2499 A.

139 2642 168 2666 1.
194 2631 259 2666 ἀπὸ
279 2631 370 2666 C.D.
388 2631 496 2665 ἕνεκεν
513 2630 605 2665 Edd.
842 2642 874 2665 2.
899 2630 965 2664 ἀπὸ
983 2635 1016 2664 et
1032 2629 1124 2673 λέγει
1143 2628 1266 2674 Κύριος
1282 2635 1460 2674 assumpta
1477 2641 1518 2662 ex
1538 2628 1578 2663 C.
1597 2629 1662 2663 ἀπὸ

89 2689 159 2712 om.
179 2678 224 2712 D.
413 2688 445 2720 5.
470 2679 603 2713 πάντων
622 2678 714 2713 C.D.
733 2681 799 2712 τῶν
815 2681 923 2711 κακῶν
939 2677 1092 2711 ἁπάντων
1110 2676 1201 2710 Edd.
1413 2688 1446 2721 9.
1474 2675 1601 2719 ἱστήκει
1621 2676 1661 2710 C.

90 2725 206 2766 (Alex.
224 2725 259 2766 N)
277 2724 423 2768 εἱστήκει
442 2725 532 2758 Edd.
928 2735 978 2758 10.
1007 2723 1090 2757 Post
1106 2721 1177 2756 εἶπε
1195 2721 1324 2767 aliquid
1342 2734 1481 2756 erasum
1498 2722 1602 2756 habet
1621 2722 1661 2757 C.

89 2771 187 2804 Nihil
205 2770 300 2804 addit
318 2771 364 2804 D.
384 2771 503 2816 (240.)
1110 2782 1121 2802 1
1133 2781 1161 2803 1.
1190 2768 1310 2813 Κύριος
1327 2770 1385 2803 alt.
1404 2769 1541 2813 reposui
1559 2781 1600 2803 ex
1620 2769 1660 2803 C.

94 2817 146 2851 16.
171 2818 509 2862 προδιαγραφόμενον
528 2818 569 2852 Β.
587 2819 695 2864 γραφ.
716 2818 755 2852 C.
774 2817 979 2861 προσδιαγρ.
1000 2815 1091 2850 Edd.
1322 2816 1373 2850 18.
1400 2815 1601 2860 εἶκαιομυθεῖ
1619 2816 1661 2851 C.

89 2864 297 2906 εἷκαιομυθὴς
315 2864 405 2898 Edd.
848 2875 899 2908 19.
925 2863 1208 2905 ἀποτελεσμάτων
1226 2861 1266 2896 C.
1286 2862 1552 2906 ἐπιτηδευμάτων
1568 2862 1661 2897 Edd.

92 2921 146 2944 20.
174 2909 314 2954 σωρεύει
334 2910 424 2944 Edd.
443 2911 512 2944 inv.
534 2911 621 2945 B.C.
673 2911 796 2944 Statim
815 2911 872 2944 τὸν
886 2909 965 2943 add.
981 2909 1021 2943 C.
1070 2908 1090 2942 ἂ
1108 2915 1328 2954 assumptum
1341 2921 1382 2943 ex
1397 2908 1437 2943 C.
1535 2918 1589 2954 25.
1610 2910 1662 2943 καὶ

90 2958 160 2991 τοῖς
178 2957 212 2989 ἐν
228 2956 372 3003 οὐρανῷ]
393 2958 520 3003 οὐρανῷ
539 2958 591 2992 καὶ
610 2957 650 2992 C.
699 2958 810 2992 αὐτοῖς
829 2956 870 2990 C.
889 2957 977 3002 αὐτῷ
997 2955 1088 2990 Edd.

150 3024 242 3051 VOL.
266 3025 311 3051 II.
862 3025 880 3051 S
903 3027 920 3051 S
