2053 3382
85 621 133 672 pf.
149 631 247 662 supra

84 675 105 695 1.
125 675 172 696 10.

307 190 392 229 574
699 190 748 229 B.
794 189 1074 230 CYRILLI
1116 189 1501 230 ALEXANDR.
1794 189 1833 230 ii.
1854 199 1892 241 5.

268 297 457 365 θτούτῳ
494 296 771 362 περιέσομαι
809 299 885 347 καὶ
923 298 1217 358 ἀσεβοῦντας
1256 296 1453 365 ἐλέγξω.
1506 297 1611 347 ἀνθ’
1654 296 1764 347 ὅτου
1801 297 1895 363 γὰρ

308 376 366 441 δὴ
392 376 475 428 τὸν
499 377 584 440 μὲν
610 378 684 428 ἐπὶ
710 382 806 431 τοῖς
833 378 1127 447 ἀφαιρέμασι
1154 383 1251 432 τοῖς
1277 379 1405 440 ὑμῶν
1430 377 1710 444 τετηρήκατε
1737 377 1893 441 νόμον,

307 461 383 509 καὶ
416 461 499 521 τῆς
534 458 751 524 δοθείσης
787 461 893 523 ὑμῖν
917 461 1103 526 μερίδος
1138 459 1237 511 κατ’
1265 458 1427 511 οὐδένα
1461 458 1640 526 τρόπον
1670 459 1896 526 ἀνέχεσθε

307 540 691 607 καταρῥᾳθυμεῖν,
718 543 889 591 εἰκαῖον
914 540 963 592 δὲ
998 543 1105 603 ὑμῖν
1136 539 1249 592 εἶναι
1282 545 1411 592 δοκεῖ
1438 540 1493 591 τὸ
1526 543 1695 608 χρῆναι
1727 563 1893 604 μωμο-

306 624 517 683 σκοπεῖν,
537 621 787 686 γνώσεσθε
814 621 870 686 δὴ
897 623 979 673 οῦν
1004 622 1346 685 κεκλεισμένων
1373 622 1446 688 ἐφ’
1476 623 1582 686 ὑμῖν
1608 626 1702 673 τῶν
1728 626 1894 687 θυρῶν,

306 701 569 764 τουτέστιν,
599 701 914 767 ἐκκλειόμενοί
939 727 989 754 τε
1021 706 1096 754 καὶ
1128 702 1470 767 ἐκπεμπόμενοι
1504 706 1586 767 τῆς
1619 704 1892 769 ἱερουργίας.

306 782 378 834 ὅτι
421 783 514 848 ἐγὼ
560 784 738 835 δέδωκα
781 784 850 845 τὴν
897 783 1063 845 ἐντολὴν
1107 786 1277 847 ταύτην,
1318 785 1420 850 ἤτοι
1465 783 1536 844 τὴν
1582 781 1793 845 διαθήκην,
1838 783 1897 847 ἢν

306 865 522 929 διεθέμην
558 864 677 931 πρὸς
713 864 822 920 τοῦς
863 866 1077 920 Λευίτας.
1145 866 1194 918 τί
1228 867 1310 917 οῦν
1347 865 1401 917 τὸ
1440 867 1678 926 ἐντεῦθεν;
1732 865 1897 916 εἰδέναι

303 945 535 1011 προσήκει
583 945 690 1000 τοῦς
734 952 831 1000 τοῖς
876 948 1013 1001 θείοις
1057 953 1446 1013 λειτουργοῦντας
1493 946 1782 1012 μυστηρίοις,
1824 946 1895 996 ὅτι

85 1035 170 1071 836
184 1034 234 1069 A·
266 1025 359 1077 arb
394 1031 461 1095 τῷ
493 1030 602 1096 Θεῷ
639 1030 806 1078 δοκοῦν
841 1028 1186 1095 ἐκπράττεσθαι
1224 1028 1330 1096 χρὴ,
1365 1030 1439 1079 καὶ
1475 1032 1570 1079 τῶν
1605 1031 1896 1078 δεσποτικῶν

89 2047 185 2077 Rom.
196 2046 251 2077 vii.

93 2098 142 2122 12.

304 1109 695 1174 προσταγμάτων
731 1111 1001 1175 ῥιπτεῖσθαι
1039 1110 1236 1161 κατόπιν
1273 1115 1369 1161 πᾶν
1404 1109 1519 1175 ὅπερ
1558 1108 1725 1162 αὐτοὺς
1763 1111 1887 1177 ὠφε-

304 1193 405 1239 λεῖν
452 1189 618 1255 ἑτέρως
670 1193 808 1241 δοκεῖ.
878 1193 987 1256 ἱεροὶ
1036 1190 1130 1256 γὰρ
1182 1192 1329 1244 οὕτως
1376 1190 1565 1241 ε”σονται
1616 1192 1894 1255 λειτουργοὶ,

305 1273 380 1320 καὶ
419 1271 522 1337 οὐχὶ
559 1275 654 1322 τῶν
692 1273 998 1339 προσκαίρων
1034 1273 1230 1338 ἐρασταὶ
1269 1274 1344 1322 καὶ
1384 1271 1648 1335 λημμάτων
1682 1275 1896 1338 αἰσχρῶν

305 1351 576 1416 ἡττώμενοι.

359 1555 413 1595 ‘H
453 1555 635 1597 ὃιαθύκΗ
674 1572 754 1605 μου
793 1555 843 1598 ἦν
881 1559 963 1607 μετ’
1010 1559 1140 1599 αὑτοῦ
1175 1563 1247 1599 τιῖιο
1286 1563 1392 1615 ζωῆς
1432 1559 1499 1598 καὶ
1537 1562 1610 1599 τῆς
1648 1555 1833 1614 εἰρήνΗε.

381 1706 674 1772 Ἀνακομίζει
709 1706 792 1757 τὸν
826 1707 974 1772 λόγον
1009 1709 1082 1758 ἐπὶ
1116 1705 1223 1760 τοῦς
1259 1708 1419 1771 ἁγίους
1453 1729 1501 1757 τε
1536 1708 1611 1756 καὶ
1647 1705 1897 1768 εὐδοκίμως

311 1787 682 1852 ἱερατεύσαντας,
726 1790 803 1838 καὶ
853 1788 1149 1856 ἀξιάγαστον
1193 1790 1384 1852 ἀληθῶς
1436 1789 1686 1855 ἀποφαίνει
1736 1790 1897 1854 χρῆμα

267 1876 292 1916 b
311 1866 396 1931 τὴν
421 1869 695 1935 ἱερουργίαν,
721 1868 775 1920 τό
810 1893 865 1935 γε
901 1870 1014 1934 ἧκον
1046 1873 1107 1922 εἷς
1142 1869 1298 1931 νόμον,
1326 1870 1400 1920 καὶ
1434 1867 1521 1932 τὴν
1553 1870 1603 1918 ἐκ
1636 1872 1731 1918 τῶν
1762 1868 1897 1919 θείων

311 1949 740 2019 χρησμῳδημάτων
774 1950 940 2016 ὄνησιν
973 1952 1047 2001 καὶ
1087 1949 1374 2018 ἀσφάλειαν.
1425 1952 1486 2003 ὡς
1525 1948 1619 2015 γὰρ
1659 1951 1684 2000 ὁ
1722 1949 1893 2017 σοφώ-

312 2054 451 2085 τατος
485 2031 657 2098 γράφει
691 2035 887 2085 Παῦλος
915 2039 943 2061 “
964 2033 1027 2082 ‘O
1064 2030 1204 2094 νόμος
1239 2030 1384 2096 ἅγιος,
1411 2032 1486 2081 καὶ
1521 2031 1548 2094 ἡ
1583 2029 1751 2094 ἐντολὴ
1786 2030 1897 2095 ἁγία

313 2120 340 2142 “
366 2114 442 2163 καὶ
476 2113 630 2163 δικαία
665 2115 739 2163 καὶ
774 2112 974 2178 ἀγαθή.”
1028 2112 1141 2163 ὅταν
1175 2112 1331 2163 τοίνυν
1365 2115 1494 2162 δοκεῖ
1525 2113 1630 2178 περὶ
1668 2116 1751 2161 τοῦ
1784 2114 1898 2162 Λευὶ

309 2198 545 2245 ποιεῖσθαι
580 2193 662 2244 τὸν
690 2194 850 2259 λόγον,
878 2193 1124 2245 ἀναθετέον
1149 2194 1198 2244 εὖ
1236 2192 1371 2256 μάλα
1407 2197 1501 2244 τῶν
1537 2192 1782 2256 νοημάτων
1812 2190 1898 2255 τὴν

310 2274 519 2337 δύναμιν,
547 2275 650 2341 οὐχὶ
677 2274 825 2339 δήπου
849 2275 1038 2328 πάντως
1070 2274 1239 2343 ἐκείνῳ,
1266 2273 1316 2328 ὃς
1342 2274 1490 2342 ἀνέφυ
1515 2273 1599 2337 μὲν
1625 2274 1682 2342 ἐξ
1708 2272 1896 2335 Ἰακὼβ,

310 2357 573 2422 ἐναρίθμιος
612 2355 660 2406 δὲ
698 2360 794 2409 τοῖς
833 2358 1106 2406 δυοκαίδεκα
1144 2356 1336 2421 γέγονεν
1371 2358 1500 2409 υἱοῖς·
1552 2355 1605 2405 οὐ
1640 2354 1735 2420 γὰρ
1773 2353 1894 2420 ἱερά-

310 2459 477 2487 τευσεν
515 2437 654 2490 ὅλως·
710 2436 984 2501 συνήσομεν
1023 2435 1069 2487 δὲ
1107 2440 1189 2501 τῆς
1228 2436 1482 2502 ἱερωσύνης
1519 2435 1573 2486 τὸ
1612 2438 1782 2502 χρῆμα,
1821 2435 1896 2485 καὶ

271 2516 425 2569 οαὺτὸ
463 2519 593 2569 τοῦθ’
635 2518 750 2584 ὅπερ
786 2519 917 2569 ἐστὶν
947 2520 1181 2584 ἱερουργία
1210 2519 1460 2584 μονονουχὶ
1496 2519 1571 2567 καὶ
1605 2515 1893 2582 διαμορφού-

310 2621 451 2662 μενον
486 2601 548 2652 ὡς
581 2601 630 2649 ἐν
663 2600 909 2668 προσώπῳ
937 2600 1063 2650 Λευί·
1108 2598 1165 2662 ἧν
1198 2599 1366 2660 τοίνυν,
1393 2600 1530 2665 φησὶ,
1553 2595 1672 2662 πρὸς
1706 2596 1848 2646 αὑτὸν
1874 2599 1897 2657 ἦ

313 2678 492 2741 διαθήκη
527 2704 612 2748 μου
645 2679 719 2739 τῆς
754 2679 862 2750 ζωῆς
899 2684 977 2731 καὶ
1014 2679 1088 2739 τ’ἦς
1123 2680 1285 2748 εἰρήνης.
1340 2677 1581 2742 λελάλητο
1606 2677 1690 2740 μὲν
1714 2675 1808 2742 γὰρ
1833 2679 1895 2732 ὡς

359 2846 392 2876 4.
418 2831 500 2868 εἶναι
518 2839 740 2879 assumptum
758 2845 799 2868 ex
818 2833 862 2867 Β.
925 2833 1040 2878 χρῆμα
1058 2843 1122 2878 pro
1138 2834 1258 2877 χρῆναι
1278 2831 1320 2867 Β.
1569 2838 1600 2875 7.
1626 2828 1802 2874 διαθήκην]
1822 2830 1894 2865 διά-

312 2879 409 2914 &cmv
427 2879 518 2914 Edd.
704 2892 737 2925 9.
762 2878 977 2925 μυστηρίοις]
998 2879 1255 2923 θυσιαστηρίοις
1272 2878 1332 2912 iid.
1525 2886 1578 2910 10.
1604 2878 1650 2933 τιξ)
1666 2882 1894 2933 ’as’sunmptqm

312 2937 354 2958 ex
374 2926 417 2959 B.
480 2925 689 2970 πράττεσθαι
710 2926 752 2961 Β.
966 2936 1022 2959 22.
1047 2925 1124 2962 τοὺς
1140 2926 1265 2970 λόγους
1283 2922 1375 2958 Edd.
1543 2932 1598 2966 23.
1624 2936 1666 2955 επ
1692 2936 1817 2956 εκεινον
1833 2922 1894 2957 nd.

315 2980 370 3012 24.
397 2972 625 3015 ἱερατεὺουσιν
642 2972 701 3007 iid.
824 2972 879 3007 26.
904 2973 1003 3006 τοῦτο
1021 2971 1079 3007 iid.
1202 2971 1257 3005 28.
1284 2967 1435 3004 διάθεσίς
1452 2967 1511 3003 iid.
1576 2969 1762 3012 λελάληται
1780 2968 1840 3004 iid.

1915 640 1937 678 5

1918 1044 1965 1069 10

1918 2055 1967 2079 20
