1997 3361
533 160 603 199 IN
647 160 920 200 ABACUC.
985 160 1133 201 TOM.
1179 160 1214 200 I.
1604 161 1658 197 ‹55›

87 270 168 316 τοῦ
198 265 396 331 Ἰσραὴλ
436 267 488 316 οὐ
526 267 720 332 μετρίως
758 270 830 317 ἐπὶ
868 273 962 321 τοῖς
1003 267 1077 317 διὰ
1118 271 1211 317 τῶν
1249 270 1507 333 προφητῶν
1543 289 1658 332 προ-

87 349 475 412 απηγγελμένοις·
534 346 647 415 ᾖδον
697 348 789 415 γὰρ
838 347 964 417 ᾖδον,
1014 352 1076 402 ὡς
1126 349 1259 400 ἔσται
1308 348 1426 399 κατὰ
1476 347 1660 415 καιροὺς

87 428 397 496 αἰχμάλωτος,
441 435 650 481 πεσεῖται
697 430 743 481 δὲ
789 433 863 482 καὶ
904 435 965 484 εἰς
1005 437 1159 498 χεῖρας
1202 433 1402 497 ἐχθρῶν,
1447 432 1521 480 καὶ
1570 428 1659 481 ὑπὸ

86 511 201 577 ζυγὰ
227 513 427 563 κείσεται
452 515 534 576 τῆς
561 512 823 577 ἀσυνήθους
848 513 1070 567 δουλείας·
1110 517 1320 578 πειρᾶται
1342 511 1399 575 δὴ
1424 511 1658 563 διδάσκειν
1676 539 1697 563 a
1729 530 1808 564 518
1830 529 1877 562 A.

47 607 67 645 5
88 595 112 644 ὁ
138 593 362 660 μακάριος
388 594 521 648 οὗτος
546 594 840 658 Ἀμβακοῦμ,
874 595 945 645 ὅτι
981 595 1135 664 ψήφῳ
1169 595 1322 663 δικαίᾳ
1352 600 1434 645 τοῦ
1470 593 1661 646 πάντων

86 682 366 742 κρατοῦντος
392 680 516 728 Θεοῦ
543 677 660 728 κατὰ
687 677 870 743 καιροὺς
897 678 1051 731 αὐτοῖς
1076 677 1135 727 τὰ
1159 677 1310 727 τοιάδε
1335 676 1656 741 συμβήσεται,

87 761 162 808 καὶ
195 757 264 809 ἐπ’
293 759 454 813 αἰτίαις
485 758 712 824 εὐλόγοις.
777 758 1116 823 ἐκτετιμηκότες
1150 759 1243 824 γὰρ
1281 760 1409 809 αὐτοὶ
1447 757 1532 822 τὴν
1568 759 1660 827 ἔξω

86 839 230 902 νόμου
274 844 349 892 καὶ
399 842 725 905 ἐκτοπωτάτην
770 841 903 908 ζωὴν,
949 843 1023 891 καὶ
1067 839 1183 906 πρὸς
1231 845 1325 891 πᾶν
1370 842 1523 891 ὁτιοῦν
1565 845 1661 891 τῶν

87 923 479 991 κατεψευσμένων
513 923 878 986 ἀπονενευκότες,
906 923 958 973 οὐ
994 923 1353 974 διαλελοίπασιν
1384 924 1455 991 ἐφ’
1484 925 1661 976 ἑαυτοῖς

23 1027 69 1052 10
87 1005 439 1071 παραθήγοντες
463 1006 545 1056 τὸν
570 1004 801 1072 ἀκήρατον
828 1010 948 1065 νοῦν,
975 1004 1133 1071 με’χρις
1167 1002 1224 1054 ἂν
1258 1005 1411 1058 αὐτοῖς
1436 1008 1497 1058 εἷς
1522 1011 1660 1055 τοῦτο

87 1088 256 1140 λοιπὸν
292 1087 569 1152 ἀθλιότητος
607 1088 778 1151 κατέβη
816 1087 876 1137 τὰ
912 1085 1185 1153 πράγματα.
1250 1089 1325 1137 καὶ
1356 1093 1493 1137 τοῦτο
1522 1088 1653 1137 καθί-

87 1193 264 1235 στησιν
303 1169 507 1236 ἐναργὲς,
554 1174 648 1220 τῶν
691 1169 891 1222 ἀνοσίως
933 1174 1068 1230 βιοῦν
1107 1167 1346 1235 ᾑρημένων
1387 1168 1657 1231 ποιούμενος
1674 1177 1700 1217 b

85 1252 170 1316 τὴν
196 1253 495 1319 κατάῤῥησιν,
524 1253 600 1302 καὶ
629 1254 712 1315 τῆς
745 1250 859 1315 ὅλης
896 1251 1181 1319 προφητείας
1214 1248 1536 1316 προεισβολὴν
1562 1249 1658 1301 ὥσ-

86 1357 175 1400 περ
208 1333 311 1384 τινὰ
341 1336 417 1384 καὶ
452 1333 676 1385 ὑπόθεσιν
709 1332 764 1384 τὸ
802 1335 960 1401 χρῆμα
997 1335 1147 1395 τιθεὶς,
1173 1330 1270 1383 εἶτα
1296 1331 1420 1383 Θεὸν
1454 1335 1655 1383 εὶσκεκο-

21 1435 67 1474 15
86 1416 230 1481 μικὼς
263 1419 546 1468 ἀπειλοῦντα
577 1420 672 1469 τοῖς
706 1419 1078 1484 καταφρονηταῖς
1108 1419 1201 1465 τῶν
1228 1415 1547 1475 Βαβυλωνίων
1572 1413 1658 1479 τὴν

87 1500 271 1568 ἔφοδον.
336 1498 490 1562 ἐπειδὴ
524 1498 572 1549 δὲ
604 1501 744 1566 ἐχρῆν
773 1496 914 1549 αὐτὸν
939 1498 1040 1565 οὐχὶ
1067 1496 1222 1560 μόνων
1247 1500 1341 1547 τῶν
1365 1499 1661 1563 σκυθρωπῶν

27 1626 30 1631 .
86 1583 162 1633 καὶ
204 1585 298 1633 τῶν
339 1581 409 1632 ὅτι
457 1579 672 1644 μάλιστα
721 1584 1005 1631 καταλυπεῖν
1043 1579 1270 1630 εἰωθότων
1310 1578 1661 1645 προαγορευτὴν

87 1665 441 1733 ἀναφαίνεσθαι,
467 1665 541 1714 καὶ
575 1667 637 1716 εἰς
667 1662 816 1727 μέσον
853 1662 991 1727 ἥκειν,
1018 1663 1092 1713 καὶ
1125 1660 1183 1712 τὰ
1215 1658 1405 1712 πάντων
1430 1660 1660 1729 αἴσχιστα

87 1750 181 1797 τῶν
220 1750 374 1797 κακῶν
415 1748 476 1799 ὡς
516 1745 649 1797 ε”σται
697 1744 816 1796 κατὰ
866 1742 1052 1810 καιροὺς
1095 1744 1248 1796 αὐτοῖς
1291 1747 1659 1812 προαναφωνεῖν,

23 1847 70 1872 20
89 1827 218 1878 ἀλλά
253 1850 298 1878 τι
336 1830 410 1878 καὶ
444 1832 538 1878 τῶν
567 1827 829 1878 τελούντων
861 1829 924 1879 εἰς
954 1825 1116 1876 ἄκεσιν
1141 1828 1523 1892 προαφηγεῖσθαι
1545 1848 1660 1892 χρη-

89 1909 254 1973 σίμως,
282 1913 356 1960 καὶ
385 1908 444 1960 τὰ
469 1911 523 1959 δι’
549 1907 614 1960 ὧν
647 1909 765 1963 εἰκὸς
798 1907 855 1972 ἧν
888 1907 1196 1959 ἀναπνεύσειν
1226 1905 1334 1960 τοὺς
1369 1906 1659 1960 πεπονθότας
1677 1934 1699 1961 c

25 2020 29 2031 «
88 1990 576 2059 προαναφθέγγεσθαι·
616 1990 928 2056 κατακέκραγε
962 1991 1037 2040 καὶ
1076 1989 1216 2052 αὐτῆς
1250 1991 1332 2052 τῆς
1369 1993 1463 2040 τῶν
1502 1993 1660 2050 Βαβυ-

89 2072 271 2124 λωνίων
296 2072 544 2136 ὠμότητος,
571 2074 645 2123 καὶ
671 2070 1027 2142 καταφρονητὰς
1053 2070 1263 2137 ὀνομάζει
1287 2070 1394 2124 τοὺς
1420 2073 1495 2121 καὶ
1520 2069 1662 2121 αὑτὸν

89 2153 171 2205 τὸν
210 2158 332 2205 θεῖον
371 2153 791 2219 κατεμπρήσαντας
831 2153 956 2217 ναὸν,
997 2155 1073 2205 καὶ
1112 2152 1197 2217 τὴν
1241 2153 1379 2218 ἁγίαν
1419 2152 1467 2203 δὲ
1516 2151 1660 2203 πόλιν

22 2258 71 2298 25
89 2235 455 2303 πεπορθηκότας,
481 2237 555 2286 καὶ
588 2239 770 2286 σκευῶν
806 2241 900 2286 τῶν
935 2239 1067 2302 ἱερῶν
1101 2234 1463 2303 ἀφειδήσαντας.
1530 2241 1556 2262 “
1578 2237 1661 2287 Εἷς
1720 2252 1813 2301 Jnfra

90 2325 119 2347 “
143 2319 193 2369 τί
221 2317 326 2384 γὰρ,
355 2319 517 2387 φησὶν,
544 2317 809 2377 ἐπιβλέπεις
842 2319 914 2369 ἐπὶ
953 2321 1374 2385 καταφρονοῦντας,
1409 2338 1657 2382 παρασιω-
1722 2306 1741 2327 ι’
1763 2305 1812 2335 ¹3'

90 2407 117 2430 ‘⁶
141 2399 275 2468 πήσῃ
299 2402 346 2451 ἐν
371 2404 437 2470 τῷ
461 2400 726 2451 καταπίνειν
750 2400 904 2461 ἀσεβῆ
936 2399 1018 2450 τὸν
1043 2399 1217 2450 δίκαιον
1240 2399 1283 2460 ;”
1324 2397 1421 2449 εἶτα
1451 2397 1658 2464 προστέ-

142 2605 171 2628 1.
197 2594 235 2628 οὗ
252 2593 392 2639 μετρίως
407 2596 466 2628 τοῦ
482 2593 622 2639 Ἰσραὴλ
640 2593 777 2627 inverso
794 2591 914 2626 ordine
932 2591 978 2626 D.
1028 2595 1093 2626 τῶν
1109 2604 1178 2626 orn.
1199 2592 1245 2626 D.
1450 2602 1481 2625 2.
1505 2589 1578 2635 ᾔδει
1594 2591 1660 2636 γὰρ

89 2639 162 2685 ᾔδει
181 2640 272 2674 Edd.
470 2652 504 2686 3.
529 2642 583 2675 καὶ
599 2642 751 2675 πεσεῖται
768 2651 831 2684 pro
847 2640 999 2673 πεσεῖται
1017 2639 1052 2672 δέ
1071 2640 1123 2672 καὶ
1140 2638 1199 2672 iid.
1398 2650 1431 2680 4.
1457 2637 1496 2681 δὴ
1514 2644 1547 2671 et
1564 2637 1661 2673 οὗτος

91 2693 272 2731 assumpta
288 2699 329 2721 ex
347 2687 394 2722 D.
596 2696 630 2732 5.
654 2686 851 2728 Ἀββακοὺμ
871 2686 915 2719 D.
964 2687 1231 2730 παντοκρατόρος
1250 2685 1296 2718 D.
1509 2693 1539 2728 7.
1565 2685 1660 2719 αὐτοὶ

92 2740 171 2779 post
188 2736 290 2777 νόμου
306 2740 438 2779 transp.
458 2734 504 2768 D.
733 2734 767 2767 8.
791 2731 891 2777 πρὸς]
912 2731 957 2767 εἷς
977 2732 1022 2766 D.
1266 2743 1298 2774 9.
1325 2731 1583 2775 κατεψεγμένων
1598 2731 1659 2766 iid-

91 2779 341 2825 παραθήγοντες
357 2781 412 2815 ἐπὶ
429 2781 556 2826 σφίσιν
572 2780 683 2815 αὐτοῖς
700 2791 762 2824 pro
779 2778 834 2824 ἐφ’
852 2779 941 2812 {av-r.
959 2793 995 2812 π.
1015 2778 1062 2812 D.
1303 2777 1354 2811 16.
1381 2779 1482 2821 μόνον
1500 2778 1545 2811 D.
1563 2777 1660 2812 Aub.

95 2828 148 2861 18.
175 2828 227 2861 καὶ
244 2827 290 2862 εἷς
305 2826 411 2871 μέσον
428 2828 516 2872 ἥκειν
532 2839 603 2861 om.
622 2827 665 2861 B.
717 2826 840 2859 Statim
858 2826 910 2858 καὶ
927 2836 997 2858 om.
1018 2825 1063 2858 D.
1372 2834 1428 2858 21.
1453 2823 1492 2867 ἧν
1508 2824 1593 2860 εἰκὸς
1612 2825 1659 2859 D.

94 2884 148 2908 22.
175 2872 397 2919 κατακέκραγε
416 2874 508 2908 B.D.
527 2873 761 2917 κατακεκράγει
780 2871 870 2905 Edd.
888 2870 1089 2915 ἀνακέκραγε
1106 2871 1141 2904 b.
1189 2873 1254 2904 τῶν
1271 2881 1340 2904 om.
1355 2870 1401 2904 D.
1497 2882 1553 2913 24.
1583 2885 1660 2904 κατ-

93 2920 326 2964 εμπρὴσαντας
343 2922 420 2956 ναὸν
436 2920 502 2954 hoc
519 2919 639 2954 ordine
655 2920 698 2953 D.
716 2919 749 2953 b.
798 2919 833 2952 δέ
851 2924 1070 2963 assumptum
1090 2929 1131 2951 ex
1150 2917 1242 2951 B.D.
1339 2926 1394 2962 25.
1411 2917 1661 2962 ἀφειδήσαντας

94 2970 159 3001 τῶν
176 2967 198 3001 ἶ.
217 2967 263 3001 D.
453 2967 507 3002 26.
533 2966 728 3008 ἐπιβλέπειν
746 2965 825 3009 (sic)
846 2965 891 2999 D.
1081 2974 1135 3008 27.
1162 2964 1219 2998 τὸν
1235 2964 1345 3008 ἀσεβῆ
1362 2964 1420 2999 τὸν
1440 2964 1485 3000 D.
