2007 3387
72 686 124 716 Es.
147 686 214 717 lxii.

69 1070 102 1098 S.
122 1068 201 1099 Luc.

70 1113 110 1142 xi·
136 1122 170 1147 Ἣ

66 1156 97 1185 S.
108 1137 229 1186 Μῖνι-ῆι.

69 1210 99 1230 v.
122 1209 170 1239 15.

67 2482 98 2512 S.
117 2482 215 2513 Joan.

66 2526 85 2556 i.
111 2525 158 2556 16.

293 149 380 190 330
682 155 731 194 B.
775 155 1058 195 CYRILLI
1095 156 1478 198 ALEXANDR.
1699 156 1755 197 iv.
1783 168 1875 209 1—3.

294 259 405 310 ἀλλ’
434 260 534 311 ἰδοῦ
559 263 634 312 καὶ
661 263 768 313 καθ’
796 263 952 329 ἕτερον
974 263 1150 329 τρόπον
1175 270 1258 315 τοῦ
1283 266 1544 332 μυστηρίου
1570 265 1655 329 τὴν
1682 264 1878 328 δύναμιν

296 342 321 391 ὁ
356 342 614 409 Προφήτης
648 345 873 396 τεθέαται.
933 344 1018 410 τὴν
1043 346 1135 412 γάρ
1161 370 1232 398 τοι
1259 348 1457 410 λυχνίαν
1482 347 1568 411 τὴν
1593 346 1759 416 χρυσῆν
1785 350 1878 415 φα-

294 445 379 485 μεν
414 421 526 474 εἶναι
564 423 712 475 πάλιν
749 425 835 490 τὴν
861 428 1168 491 Ἐκκλησίαν,
1197 431 1259 484 ὡς
1285 430 1588 494 τετιμημένην
1614 431 1661 479 ἐν
1687 427 1875 497 κόσμῳ,

248 512 276 552 b
295 506 356 558 ὡς
383 506 764 573 διαφανεστάτην
791 511 838 559 ἐν
864 511 1061 575 ἀρεταῖς,
1090 514 1151 565 ὡς
1177 513 1304 580 ὑψοῦ
1339 511 1395 575 δὴ
1423 512 1532 562 λιάν
1556 511 1758 577 ἠρμένην
1783 515 1880 565 τοῖς

293 589 374 649 τῆς
422 589 628 651 ἀληθοῦς
674 594 962 656 θεογνωσίας
1005 592 1256 659 δόγμασιν,
1307 595 1378 662 ἐφ’
1430 592 1458 662 ᾗ
1505 593 1558 645 τὸ
1600 590 1876 660 λαμπάδιον,

293 670 509 720 τουτέστι
535 670 762 737 Χριστὸς,
788 676 893 740 περὶ
932 675 986 726 οῦ
1022 680 1173 742 φησιν
1209 677 1233 727 ὁ
1262 674 1383 730 Θεὸς
1424 678 1498 727 καὶ
1540 675 1708 742 Πατήρ
1735 682 1761 705 “
1783 674 1878 726 Διὰ

294 758 321 779 “
349 751 473 802 Σιὼν
499 754 551 803 οῦ
577 754 884 819 σιωπήσομαι
921 760 996 808 καὶ
1032 757 1107 808 διὰ
1132 757 1448 824 Ἰερουσαλὴμ
1475 759 1557 810 οὐκ
1592 757 1768 822 ἀνήσω,
1795 757 1879 811 ἕως

293 841 320 862 “
346 832 403 884 ἂν
428 834 598 904 ἐξέλθῃ
625 839 687 891 ὡς
712 842 815 906 φῶς
848 840 876 903 ἡ
904 840 1176 905 δικαιοσύνη
1207 864 1316 904 μου,
1348 840 1402 892 τὸ
1437 839 1485 892 δὲ
1524 839 1758 907 σωτήριόν
1788 862 1880 904 μου

291 922 318 944 “
345 918 406 970 ὡς
434 917 628 978 λαμπὰς
654 920 986 986 καυθήσεται.”
1051 929 1189 974 τοῦτο
1224 923 1278 974 τὸ
1317 921 1591 992 λαμπάδιον
1622 922 1676 973 τὸ
1715 927 1879 974 πᾶσαν

291 999 615 1066 καταφωτίζῦν
641 1001 726 1066 τὴν
754 1005 826 1054 ὑπ’
856 1004 1070 1071 οὐρανὸν,
1098 1008 1170 1056 ἐπὶ
1201 1010 1259 1074 τῇ
1291 1010 1456 1076 λυχνίᾳ
1480 1007 1681 1057 τέθεικεν
1707 1007 1732 1056 ὁ
1758 1005 1879 1059 Θεὸς

292 1084 367 1132 καὶ
397 1082 577 1149 Πατὴρ,
601 1091 627 1113 “
647 1085 722 1136 ἵνα
747 1085 917 1140 πάντες
944 1091 985 1138 οὶ
1013 1088 1388 1154 εἰσπορευόμενοι
1414 1087 1467 1139 τὸ
1494 1093 1595 1157 φῶς
1614 1087 1876 1150 βλέπωσι,”

292 1173 318 1194 “
344 1167 419 1216 καὶ
465 1164 632 1234 λάμπῃ
677 1173 798 1219 πᾶσι
836 1173 931 1223 τοῖς
972 1172 1020 1220 ἐν
1058 1174 1115 1236 τῇ
1155 1172 1320 1240 οἷκίᾳ.”
1387 1170 1507 1223 ἑπτοο
1546 1170 1593 1221 δὲ
1633 1173 1674 1221 οἱ
1711 1173 1877 1233 λύχνοι,

250 1270 271 1296 e
291 1251 394 1316 φῶς
433 1250 515 1299 οὐκ
554 1250 740 1317 ἔχοντες
779 1251 914 1314 ἰ’διον,
949 1254 1059 1303 ἀλλ’
1092 1252 1293 1304 ἐπακτὸν
1332 1256 1407 1304 καὶ
1446 1254 1637 1322 ἔξωθεν,
1667 1254 1741 1303 καὶ
1778 1257 1879 1306 ταῖς

290 1330 345 1381 δι’
382 1333 540 1382 ἐλαίου
579 1335 822 1400 χορηγίαις
857 1335 1156 1404 τρεφόμενον.
1222 1337 1510 1400 σημαίνουσι
1549 1334 1596 1387 δὲ
1634 1337 1711 1386 καὶ
1748 1336 1878 1386 αὐτοὶ

289 1413 396 1467 τοῦς
429 1415 590 1480 ἁγίους
625 1417 944 1480 ἀποστόλους,
987 1419 1061 1468 καὶ
1100 1418 1255 1481 μέντοι
1296 1421 1370 1469 καὶ
1407 1416 1763 1484 εὐαγγελιστὰς,
1803 1419 1878 1468 καὶ

290 1495 395 1550 τοῦς
436 1496 556 1547 κατὰ
597 1497 758 1564 καιρὸν
802 1504 896 1549 τῶν
932 1501 1198 1564 ἐκκλησιῶν
1236 1501 1565 1563 διδασκάλους,
1605 1499 1877 1567 δεχομένους

290 1578 374 1639 μὲν
424 1578 498 1629 οἶοί
545 1603 673 1633 τινας
724 1580 926 1648 λύχνους
977 1586 1038 1635 εἰς
1091 1588 1199 1633 νοῦν
1248 1585 1322 1633 καὶ
1375 1582 1568 1649 καρδίαν
1621 1581 1703 1632 τὸν
1747 1581 1878 1648 παρὰ

288 1663 503 1726 Χριστοῦ
546 1662 810 1730 φωτισμὸν,
852 1667 925 1714 καὶ
971 1670 1071 1718 ταῖς
1109 1670 1192 1715 τοῦ
1232 1665 1508 1728 Πνεύματος
1557 1665 1876 1732 ἐπιχορηγίαις

286 1742 574 1811 τρεφόμενον
610 1745 814 1812 ἔχοντας,
842 1747 990 1800 ἱέντας
1021 1746 1169 1812 γεμὴν
1206 1752 1302 1801 τοῖς
1334 1750 1382 1798 ἐν
1412 1751 1469 1815 τῇ
1509 1749 1628 1815 οἰκίᾳ
1666 1746 1720 1797 τὸ
1759 1751 1874 1815 φῶς,

288 1826 363 1875 καὶ
389 1830 455 1895 τῷ
483 1825 748 1896 λοιμποιὸιῳ
773 1828 1247 1894 συγκαταυγάζοντας
1273 1829 1380 1883 τοὺς
1406 1827 1792 1883 πεπιστευκότας.

361 1908 600 1974 Ἐπιτήρει
626 1909 686 1972 δὲ,
714 1910 783 1960 ὅτι
820 1916 915 1965 τοῖς
941 1910 1024 1973 μὲν
1052 1911 1171 1962 ἑπτα
1199 1916 1376 1975 λύχνοις
1403 1908 1711 1983 ἑποιρυο-τριθες
1736 1910 1875 1976 ἦσαν,

244 1988 345 2040 (1δι’
397 1988 461 2041 ὧν
505 1993 658 2045 αὐτοῖς
703 1996 926 2060 εἰσεχεῖτο
979 1992 1032 2044 τὸ
1078 1994 1249 2057 ἔλαιον,
1293 1990 1590 2061 ἐπαρυο-τριθοο
1637 1993 1785 2059 γεμὴν
1828 1996 1874 2046 το

289 2071 554 2141 λοιμποίὸιον
589 2076 671 2125 οὐκ
709 2075 813 2142 ἔχει.
880 2075 955 2126 διὰ
993 2078 1133 2128 ποίαν
1171 2077 1355 2139 αἱτίαν;
1399 2081 1500 2146 φῶς
1532 2075 1617 2140 μὲν
1647 2076 1741 2143 γάρ
1771 2078 1875 2129 ἐστι

288 2155 342 2205 τὸ
385 2156 611 2220 ἀληθινὸν
652 2158 676 2207 ὁ
717 2157 844 2220 Υἱὸς,
890 2159 973 2208 οὐκ
1014 2158 1202 2228 ἔξωθεν,
1247 2159 1348 2209 οὐδὲ
1390 2157 1605 2221 ἐπακτὸν,
1640 2161 1743 2210 οὔτε
1781 2158 1875 2224 μὴν

287 2239 395 2302 παρ’
433 2238 587 2304 ἑτέρου
625 2239 763 2290 δοτὸν
801 2239 855 2291 τὸ
888 2241 1225 2309 καταφωτίζειν
1265 2242 1498 2292 δυ’νασθαι
1537 2240 1716 2308 λαχών·
1759 2243 1871 2292 ἀλλ’

288 2320 425 2375 αὐτὸς
452 2321 570 2373 κατὰ
598 2322 747 2390 φύσιν
783 2324 1005 2391 ὑπάρχων
1035 2322 1089 2375 τὸ
1123 2329 1237 2390 φῶς·
1279 2329 1508 2386 μεθεκτῶς
1532 2323 1681 2389 γεμὴν
1706 2325 1754 2375 ἐν
1778 2329 1874 2378 τοῖς

290 2404 438 2469 ἁγίοις
474 2406 548 2454 καὶ
584 2409 696 2469 παρ’
727 2406 885 2456 αὐτοῦ.
958 2409 1032 2456 καὶ
1072 2406 1436 2475 πληροφορήσει
1468 2405 1620 2472 λέγων
1659 2407 1684 2457 ὁ
1717 2404 1873 2474 σοφὸς

289 2485 507 2550 Ἰωάννης
552 2487 713 2538 ““Οτι
757 2489 806 2538 ἐκ
852 2494 934 2539 τοῦ
985 2490 1303 2555 πληρώματος
1348 2490 1489 2539 αὐτοῦ
1534 2489 1662 2552 ἡμεῖς
1702 2488 1873 2543 πάντες

338 2660 369 2684 2.
394 2651 493 2694 λυχν.
512 2653 572 2694 τὴν
589 2665 645 2695 χρ.
666 2650 744 2685 C.b.
763 2666 821 2696 χρ.
839 2653 873 2685 λ.
894 2651 984 2685 Edd.
1196 2665 1228 2694 4.
1256 2653 1300 2686 ὡς
1318 2652 1414 2696 prius
1431 2658 1653 2696 assumptum
1671 2663 1711 2685 ex
1732 2651 1870 2687 B.C.D.

290 2697 342 2729 καὶ
362 2709 422 2740 pro
440 2698 484 2732 ὡς
502 2696 535 2731 b.
914 2711 944 2740 5.
972 2698 1119 2741 ἀληθοῦς
1139 2698 1178 2733 C.
1198 2699 1357 2742 ἀληθινῆς
1375 2698 1467 2732 Edd.
1516 2698 1674 2741 ἀληθείας
1691 2710 1753 2742 pro
1771 2699 1870 2742 ἀληθ.

290 2743 401 2787 θεογν.
423 2744 468 2777 D.
705 2745 738 2778 8.
766 2746 817 2778 καὶ
836 2746 874 2778 τὸ
894 2758 956 2790 pro
974 2747 1012 2780 τὸ
1030 2746 1064 2780 δέ
1084 2745 1118 2779 b.
1351 2756 1384 2789 9.
1410 2746 1494 2779 ὡσεὶ
1511 2745 1546 2779 b.
1566 2744 1637 2789 (36.
1655 2746 1714 2787 al.)
1772 2749 1871 2781 τοῦτο

289 2791 327 2823 τὸ
349 2790 435 2824 B.C.
456 2790 557 2825 Pont.
576 2793 676 2825 τοῦτο
693 2792 758 2836 γὰρ
776 2792 871 2826 Aub.
1108 2803 1162 2826 10.
1188 2790 1324 2834 τέθηκεν
1343 2791 1384 2825 C.
1603 2803 1654 2833 14.
1680 2793 1870 2835 σημαίνωσι

291 2836 382 2869 Edd.
402 2844 481 2870 ante
502 2838 622 2880 Migne
641 2838 711 2872 inv.
732 2838 858 2873 B.C.b.
1252 2838 1303 2871 18.
1331 2838 1562 2883 ε’πιχορηγίαις
1580 2838 1621 2871 C.
1639 2854 1759 2884 χορηγ.
1779 2839 1871 2875 Edd.

292 2893 345 2915 21.
371 2898 539 2927 πορυστρ.
559 2885 612 2918 bis
634 2885 673 2918 B.
1002 2897 1055 2927 24.
1081 2886 1119 2919 τὸ
1137 2897 1206 2918 orn.
1228 2884 1268 2918 C.
1289 2884 1391 2918 habet
1411 2885 1443 2918 l).
1493 2886 1641 2931 Χριστὸς
1659 2897 1720 2929 pro
1741 2887 1818 2922 Υἱὸς
1836 2887 1869 2921 b.

290 2929 365 2961 οὐδὲ
386 2931 425 2962 C.
445 2930 513 2964 οὐδ’
535 2931 624 2965 Edd.
752 2933 806 2965 26.
832 2934 870 2965 τὸ
888 2941 1111 2976 assumptum
1129 2944 1170 2966 ex
1190 2931 1268 2966 C.b.
1317 2931 1483 2975 μεθεκτῶς
1503 2931 1579 2965 (3.1).
1598 2932 1759 2975 μεθεκτόν
1778 2932 1869 2967 Edd.

293 2976 345 3007 28.
371 2977 490 3011 πάντες
509 2977 600 3020 ἡμεῖς
619 2978 659 3011 C.
681 2978 740 3012 sed
759 2979 801 3012 Cf.
821 2978 862 3012 (le
882 2979 949 3012 Ad.
972 2990 1036 3023 299
1056 2991 1083 3013 C.

1897 606 1920 644 5

1902 1027 1948 1050 10

1900 1439 1946 1477 15

1897 1852 1946 1878 20

1895 2256 1943 2294 25
