2049 3366
123 212 230 235 nieUS.

174 320 298 368 quitur
338 324 413 358 450
453 322 486 357 b.
546 321 663 362 Deus,
704 321 876 357 obedien-

173 385 272 421 tibus
305 398 432 421 murus
465 392 522 422 est
555 389 631 422 450
663 399 695 426 c,
731 385 876 432 iniquis,

175 449 388 486 incendium
419 453 496 486 450
518 451 554 486 d.
616 450 732 490 Deus,
761 450 877 497 parcit

174 514 294 561 impiis
329 527 438 561 quam
468 515 684 559 diutissime,
719 515 875 550 Sancto-

174 590 256 614 rum
290 591 382 626 ergo
422 582 496 616 454
538 592 569 615 c.
646 580 759 619 Deus,
795 585 876 614 tan-

173 655 284 690 quam
341 644 442 679 tinea
499 645 687 679 consumit
745 643 877 690 impios

174 709 251 743 456
285 720 317 743 e.

173 772 293 807 omnis
350 772 438 808 boni
495 773 655 820 castigat
713 774 788 808 458
843 785 875 807 a.

393 708 507 749 Deus,
544 709 675 756 impios
710 713 876 755 egestate

173 837 287 877 Deus,
312 837 520 873 Huci‘eticis
551 850 625 872 non
656 837 719 872 dut
749 849 876 884 pacem

173 904 250 938 458
291 902 325 937 b.

171 979 354 1002 canonem
384 967 458 1003 irae
489 979 578 1002 suae
608 967 774 1014 sequitur
799 968 875 1002 459

412 903 528 943 Deua
577 902 759 949 regulam,
801 900 876 936 sive

171 1043 200 1066 a.
240 1032 353 1073 Deus,
371 1031 504 1078 impios
525 1032 684 1079 castigat
706 1031 875 1066 manibus

171 1095 376 1131 amicorum
423 1098 500 1132 460
540 1109 572 1131 a.
656 1096 769 1140 Deus,
808 1095 876 1143 piis

172 1160 289 1196 instar
310 1160 513 1196 amicorum
535 1166 591 1196 est
607 1162 683 1197 460
698 1173 728 1196 e.
760 1160 874 1201 Deus,

171 1225 448 1272 poenitentibus
475 1225 685 1261 misericors
707 1227 783 1261 462
804 1225 827 1260 b
844 1238 874 1262 e.

173 1290 289 1331 Deus,
312 1290 466 1338 Cyrum,
489 1297 531 1326 ut
560 1303 625 1326 vas
651 1303 671 1326 e
700 1290 875 1326 thesauro

172 1360 400 1402 promptum,
431 1355 467 1390 in
498 1355 725 1403 Babylonios
759 1355 876 1391 mittit

171 1421 248 1456 463
271 1420 293 1454 b
310 1431 340 1455 c.
399 1420 514 1462 Deus,
536 1426 748 1455 sanctorum
776 1420 873 1466 peri-

170 1483 296 1519 culum
317 1483 405 1520 facit
430 1486 506 1520 464
527 1497 557 1520 a.
617 1485 733 1526 Deus,
755 1484 876 1520 tristia

170 1548 388 1595 praedicens
416 1561 438 1585 a
471 1549 612 1585 desidia
643 1548 874 1593 dehortatur,

165 1613 392 1661 jucundiora
418 1626 440 1649 a
463 1613 721 1661 desperatione
742 1615 818 1649 467
841 1626 872 1649 a.

170 1678 284 1719 Deus,
319 1677 569 1714 introducitur
600 1678 735 1714 Filium
769 1690 872 1713 com·

168 1742 311 1790 pellans
333 1744 409 1780 467
426 1743 462 1779 b.
520 1743 626 1779 Deus
647 1748 704 1778 est
725 1741 874 1777 ultionis

169 1812 207 1842 et
239 1806 396 1843 Judaeis
431 1812 470 1843 et
507 1807 692 1843 Gentibus
731 1808 808 1844 476
839 1807 874 1842 (1.

170 1871 288 1913 Deus
335 1871 615 1918 poenitentibus
660 1871 790 1919 parcit,
837 1871 874 1906 in

170 1935 323 1971 duratos
354 1935 543 1971 ulciscitur
567 1939 643 1972 477
666 1936 700 1971 d.
758 1936 872 1977 Deus,

169 1999 376 2036 aemulator
405 2000 526 2036 dictus
550 2002 627 2037 476
652 2013 697 2042 c;
729 2002 805 2037 478
837 2000 872 2036 b.

169 2064 282 2106 Deus,
304 2076 397 2112 quae
417 2064 516 2112 passi
536 2070 623 2101 sunt
641 2064 791 2106 Judaei,
808 2077 874 2112 per

168 2128 425 2165 crudelitatem
468 2129 777 2177 Babyloniorum,
818 2130 871 2164 in-

168 2193 344 2241 dignatus
377 2198 435 2229 est
465 2195 540 2229 478
572 2206 602 2230 c.
660 2194 774 2236 Deus,
815 2194 873 2230 die

170 2270 342 2305 suprema
402 2264 700 2306 transgressores
763 2259 871 2294 ulcis-

168 2327 274 2358 cetur
312 2325 389 2359 478
422 2323 459 2365 d,
490 2323 623 2359 eodem
654 2323 767 2359 modo
801 2336 873 2370 quo

168 2385 336 2422 Judaeos
407 2392 445 2423 et
505 2387 726 2423 Pharisaeos
785 2387 873 2423 olim

170 2452 245 2487 478
277 2463 310 2486 e.
368 2450 484 2492 Deus,
515 2464 582 2499 pro
616 2451 732 2487 nihilo
760 2451 874 2488 habet

168 2521 317 2551 montes
350 2527 586 2551 commovere
620 2517 696 2552 482
730 2516 766 2557 b,
797 2516 873 2552 imo

167 2585 289 2616 totum
329 2580 458 2615 orbem
505 2586 688 2616 terrarum
723 2582 800 2616 482
840 2593 871 2616 c.

168 2643 283 2687 Deus,
315 2644 406 2680 nulli
435 2644 706 2692 comparandus
735 2646 812 2680 482
834 2645 870 2681 d.

168 2708 285 2750 Deus,
324 2721 434 2756 quam
482 2708 530 2744 sit
576 2708 652 2744 irae
697 2708 873 2745 terribilis

168 2775 246 2810 484
279 2785 312 2815 e,
344 2785 455 2820 quam
488 2773 608 2808 bonus
639 2773 870 2820 expectanti-

169 2838 239 2874 bus
268 2850 354 2874 eum
379 2839 455 2874 484
480 2849 510 2872 c.
569 2836 683 2882 Deus,
703 2837 872 2873 inimicos

168 2914 256 2937 suos
311 2902 456 2950 obtegit
508 2901 670 2937 tenebris
723 2902 870 2949 spiritu-

169 2965 287 3002 alibus
318 2969 395 3003 484
426 2979 467 3008 e3
501 2968 577 3003 485
608 2978 648 3012 c;
679 2966 767 3003 item
797 2967 872 3003 irae

661 199 867 234 1N1)1‹:x
931 200 960 232 1<
979 198 1006 233 1⁴2
1025 198 1173 234 RUM.
1629 200 1703 233 667

1003 332 1090 356 suae
1125 319 1262 355 diluvio
1294 320 1369 354 ⁴185
1393 318 1426 353 b.
1488 317 1602 358 Deus,
1634 316 1706 352 ,1η-

1001 384 1127 424 ducos,
1150 384 1304 420 Christo
1332 383 1586 423 adversantes,
1616 395 1704 417 con-

1002 449 1201 484 summavit
1237 450 1313 484 485
1344 461 1377 483 c.
1438 447 1554 488 Deus,
1590 447 1709 494 captis

1000 512 1155 549 Judacis
1185 512 1489 553 miscricordiam,
1520 511 1707 547 Ninevitis

1000 578 1169 619 exitium,
1193 578 1376 625 promittit
1398 579 1473 613 485
1497 589 1529 611 c.
1590 576 1706 617 Deus,

1002 642 1131 678 miscet
1161 642 1453 677 consolationem
1486 641 1706 676 admonitio-

1002 707 1109 742 nibus
1142 708 1217 742 486
1240 707 1273 742 b.

1002 771 1102 819 Cyro
1134 772 1365 807 mundaverit
1396 773 1472 807 489
1495 784 1527 806 u.
1588 770 1706 811 Deus,

1334 706 1451 746 Deus,
1485 719 1558 753 quo
1594 719 1671 741 sons
1684 718 1707 740 u

1001 836 1098 882 quali
1129 836 1334 872 delectetur
1364 835 1544 871 sacrificio
1576 837 1652 870 495
1675 848 1706 870 a.

1002 900 1116 941 Deus,
1154 914 1174 936 a
1205 901 1449 936 daemonibus
1485 900 1707 935 formidatus

1002 968 1077 1001 499
1118 965 1151 1001 d.

1002 1029 1172 1065 hostibus
1220 1031 1332 1066 tradit
1386 1032 1461 1066 499
1512 1042 1542 1075 e,
1593 1030 1704 1070 cives.

1000 1095 1206 1130 terroribus
1231 1094 1399 1130 debilitat
1432 1097 1508 1131 500
1533 1107 1566 1136 c,
1590 1094 1706 1129 Nine-

1000 1159 1085 1195 vitis
1137 1159 1310 1207 Seipsum
1367 1160 1523 1208 opponit
1573 1159 1704 1195 adver-

1218 965 1334 1006 Dcus,
1375 966 1541 1001 Niueves
1580 971 1706 1012 portas

1000 1226 1139 1261 sarium
1171 1228 1247 1262 503
1272 1238 1303 1267 c,
1331 1225 1536 1261 terroribus
1564 1225 1704 1265 hostes,

1000 1296 1042 1325 ut
1072 1303 1159 1337 apes
1192 1291 1307 1331 fumo,
1338 1290 1496 1326 destruit
1542 1292 1617 1326 503
1657 1289 1704 1333 d;

1001 1354 1104 1391 Deus
1164 1355 1309 1396 Persas,
1381 1354 1602 1402 Medosque,
1667 1354 1705 1388 in

1001 1419 1198 1455 Ninevitas
1219 1420 1394 1456 excitavit
1416 1421 1491 1456 506
1514 1419 1549 1454 d.
1592 1418 1704 1459 Deus,

999 1483 1231 1520 <Iudaeorum
1289 1483 1519 1532 Synagogen
1586 1483 1707 1531 gloria

999 1561 1069 1584 ceu
1124 1549 1304 1591 vestibus,
1361 1548 1480 1584 nudat
1538 1551 1614 1584 507
1673 1561 1703 1582 c.

999 1613 1116 1655 Deus,
1174 1613 1252 1661 ipse
1314 1626 1443 1661 regem
1500 1612 1704 1648 Nabucho-

999 1678 1163 1714 donosor
1213 1678 1388 1714 excitavit
1445 1677 1482 1712 in
1533 1676 1703 1713 Judaeos

1000 1745 1075 1779 508
1115 1742 1150 1778 d.
1208 1742 1326 1783 Deus,
1371 1742 1466 1778 caris
1507 1741 1583 1777 suis
1623 1747 1701 1777 sta-

998 1807 1179 1843 bilitatem
1207 1806 1367 1854 largitur
1397 1809 1474 1843 510
1504 1806 1542 1842 b.
1588 1806 1703 1850 Deus,

999 1871 1107 1906 nimis
1145 1871 1280 1919 longae
1320 1870 1521 1919 patientiae
1555 1882 1576 1906 a
1613 1870 1703 1905 Pro—

998 1935 1111 1983 pheta
1140 1935 1352 1983 inculpatur
1385 1938 1461 1972 519
1493 1947 1525 1971 c.
1584 1933 1702 1975 Deus,

998 2013 1074 2036 non
1121 2006 1252 2037 auctor
1300 2005 1368 2043 est,
1412 2006 1603 2047 utcunque
1655 2000 1704 2035 sit

997 2066 1152 2114 patiens,
1183 2065 1270 2101 mali
1300 2067 1375 2102 519
1411 2077 1442 2107 e,
1474 2067 1550 2101 540
1578 2076 1618 2109 e3
1654 2063 1700 2099 cf.

1000 2133 1076 2167 570
1116 2142 1148 2166 e.
1225 2129 1342 2173 Deus,
1381 2129 1460 2166 sola
1502 2134 1559 2165 est
1597 2140 1702 2165 secu-

997 2194 1088 2231 ritas
1135 2194 1303 2230 omnium
1354 2195 1430 2230 525
1473 2206 1506 2230 c.
1582 2193 1699 2236 Deus,

997 2272 1116 2307 poena
1136 2264 1269 2295 exacta
1294 2259 1336 2294 fit
1362 2258 1546 2306 propitius
1568 2260 1643 2295 527
1666 2270 1699 2294 e.

997 2323 1114 2365 Deus,
1144 2323 1310 2359 infinitae
1338 2329 1395 2359 est
1425 2322 1700 2359 misericordiae

998 2391 1074 2425 527
1096 2388 1162 2425 de.
1222 2386 1340 2427 Deus.
1370 2386 1481 2423 nimis
1510 2388 1613 2436 puris
1643 2392 1701 2423 est

997 2453 1126 2493 oculis,
1145 2464 1256 2499 quam
1276 2451 1339 2499 qui
1359 2451 1406 2486 sit
1425 2451 1575 2487 sceleris
1595 2464 1698 2499 spec-

995 2523 1095 2554 tator
1133 2519 1209 2553 528
1249 2529 1280 2552 e.
1337 2515 1453 2558 Deus
1493 2528 1608 2563 quare
1652 2516 1700 2552 sit

995 2582 1139 2618 tamdiu
1196 2581 1353 2629 patiens,
1405 2580 1528 2628 impiis
1591 2593 1696 2629 gras-

996 2646 1166 2682 santibus
1199 2647 1275 2682 529
1311 2657 1343 2681 e.
1401 2644 1518 2687 Deus,
1547 2645 1698 2693 depres-

996 2723 1075 2746 sam
1109 2715 1273 2746 mentem
1306 2709 1385 2745 odit
1420 2711 1495 2746 532
1531 2709 1576 2755 b;
1608 2710 1698 2746 item

995 2780 1187 2822 torpentes
1231 2774 1268 2809 in
1310 2774 1384 2810 fide
1422 2774 1521 2810 velut
1563 2774 1698 2810 infidos

995 2844 1187 2875 aversatur
1221 2840 1297 2875 533
1336 2850 1369 2874 e.
1428 2838 1544 2881 Deus,
1581 2839 1699 2875 iratus

996 2903 1117 2939 resisti
1170 2904 1299 2950 nequit
1345 2906 1421 2940 544
1469 2916 1502 2940 e.
1580 2903 1696 2946 Deua

996 2980 1118 3004 rerum
1170 2967 1335 3003 inanium
1391 2968 1554 3006 cultores
1603 2969 1699 3005 ridet

1170 3041 1294 3082 4Q2
