2060 3387
171 200 210 224 x.
236 199 295 227 11.
524 188 598 229 IN
646 187 1068 229 ZACHARIAM.
1132 185 1285 227 TOM.
1320 185 1398 225 IV.
1678 184 1762 222 443

169 294 457 360 ἐλευθεροῦν·
520 297 849 364 αἰχμαλώτους
897 295 943 346 δὲ
990 295 1141 356 ὄντας,
1187 296 1262 344 καὶ
1313 293 1410 344 οἷον
1458 293 1533 358 ὑφ’
1582 290 1763 356 ἑτέρους

169 376 414 439 κειμένους,
452 381 699 446 μονονουχὶ
739 381 813 429 καὶ
853 380 1160 445 ἀναμορφοῦν
1201 379 1262 429 εἷς
1301 373 1584 440 ἐλευθερίαν.

235 456 306 508 *H
355 462 429 510 καὶ
475 462 580 511 καθ’
625 460 781 526 ἕτερον
822 459 998 525 τρόπον
1042 464 1312 520 σκοτισμοῦ
1359 459 1434 508 καὶ
1479 454 1764 522 συγχύσεως

167 540 614 605 ἀπαλλαγήσεσθαί
658 547 827 609 φησιν.
915 544 1147 607 Αἴγυπτος
1198 540 1282 603 μὲν
1333 539 1427 605 γὰρ
1479 534 1762 598 Σκοτισμὸς,

125 621 407 682 5Βαβυλών
453 623 500 673 δὲ
554 624 797 690 Σύγχυσις
847 622 1159 689 ἑρμηνεύεται.
1234 624 1483 689 ἀδιαφορεῖ
1531 620 1577 670 δὲ
1629 623 1806 669 πλει-Ι)

168 701 334 756 στάκις
370 705 394 754 ὁ
435 703 592 771 λόγος,
628 705 920 770 Ἀσσυρίους
955 727 1005 755 τε
1045 707 1119 754 καὶ
1162 705 1495 765 Βαβυλωνίους
1534 705 1593 754 εἰς
1633 701 1763 752 ε”θνος

169 786 588 852 καταλογιζόμενος
635 786 697 849 ἓν,
740 786 814 837 διά
855 809 927 836 τοι
969 784 1023 836 τὸ
1066 787 1142 853 ὑφ’
1185 786 1250 835 ἑνὶ
1293 789 1476 835 κεῖσθαι
1518 782 1763 851 σκήπτρῳ,

170 868 244 917 καὶ
293 869 403 931 μίαν
447 869 516 919 ἐπ’
563 868 730 922 αὐτοὺς
781 868 1003 935 τετάχθαι
1048 867 1134 931 τὴν
1178 868 1448 928 βασιλείαν.
1523 873 1765 930 λελυτρω-

168 948 333 1011 με’νους
364 949 420 1014 δὴ
456 951 536 1001 οὖν
567 953 616 1001 ἐκ
650 954 732 1013 τῆς
767 955 860 1001 τῶν
886 948 1292 1001 πλεονεκτούντων
1317 948 1483 1016 χειρὸς,
1511 951 1765 1010 εἷσκομιεῖν

103 1032 517 1097 ιοέπαγγέλλεται
560 1035 617 1087 εἷς
663 1055 710 1082 τε
757 1031 824 1091 τὴν
870 1028 1177 1082 Γαλααὸἶτιν·
1245 1035 1384 1095 μοῖρα
1430 1029 1477 1079 δὲ
1523 1030 1639 1092 αὕτη
1685 1031 1766 1091 τῆς

168 1113 406 1164 Ἰουδαίων
444 1117 530 1179 γῆς
569 1115 597 1177 ἡ
635 1115 996 1182 παμφορωτάτη
1037 1117 1112 1164 καὶ
1148 1115 1392 1176 εὕκαρπος“
1444 1114 1519 1162 καὶ
1553 1111 1647 1174 μὴν
1687 1134 1763 1160 και

171 1200 229 1249 εἷς
272 1197 339 1246 τὸν
385 1196 591 1258 Λίβανον,
638 1199 712 1246 καὶ
755 1201 894 1246 τοῦτο
940 1195 986 1246 δὲ
1030 1195 1137 1260 ὄρος
1180 1193 1379 1262 εὕξυλόν
1420 1216 1468 1243 τε
1511 1196 1585 1244 καὶ
1624 1192 1761 1258 με’γα,

171 1278 253 1339 τῆς
296 1276 533 1328 Ἰουδαίων
577 1300 626 1328 τε
669 1279 744 1328 καὶ
787 1278 1016 1328 Φοινίκων
1056 1279 1143 1340 γῆς
1184 1277 1232 1326 ἐν
1270 1276 1498 1340 μεθορίοις
1539 1275 1761 1337 κείμενον.

172 1359 449 1422 σημαίνεται
485 1360 532 1410 δὲ
568 1361 621 1410 δι’
649 1362 828 1426 ἀμφοῖν
859 1360 1001 1409 ἐκεῖνο
1037 1356 1169 1421 οἶμαί
1199 1380 1304 1408 που.
1358 1355 1646 1425 ἀπαλλάξας
1673 1356 1806 1422 γάρο

106 1440 293 1504 15ἡμᾶς
338 1442 362 1491 ὁ
407 1441 580 1507 Κύριος
625 1442 755 1505 ἡμῶν
793 1442 981 1505 Ἰησοῦς
1021 1441 1045 1490 ὁ
1085 1438 1297 1506 Χριστὸς
1337 1441 1398 1492 ὡς
1444 1439 1489 1507 ἐξ
1536 1438 1767 1504 Αἰγύπτου

172 1525 247 1573 καὶ
295 1526 548 1591 Ἀσσυρίων,
608 1522 850 1575 τουτέστιν
907 1524 956 1573 ἐκ
1015 1525 1097 1586 τῆς
1158 1525 1252 1571 τῶν
1309 1520 1768 1587 αἰχμαλωτισάντων

170 1604 459 1673 πλεονεξίας·
522 1607 717 1672 πονηροὶ
776 1604 823 1656 δὲ
884 1605 1009 1655 οὗτοι
1074 1608 1148 1654 καὶ
1213 1602 1470 1668 ἀκάθαρτοι
1534 1603 1763 1666 δαίμονες·

171 1686 485 1750 εὶσκεκόμικεν
520 1687 593 1738 οἶά
630 1711 718 1753 περ
758 1690 819 1741 εἷς
858 1690 948 1752 γῆν
987 1686 1186 1755 εὕξυλόν
1225 1707 1273 1734 τε
1312 1687 1387 1735 καὶ
1428 1683 1764 1750 λιπαρωτάτην

173 1767 257 1832 τὴν
288 1770 599 1834 Ἐκκλησίαν,
633 1772 680 1820 ἐν
713 1768 741 1837 ᾗ
779 1769 930 1821 πολὺς
966 1768 1049 1832 μὲν
1081 1769 1190 1818 λίαν
1219 1768 1243 1817 ὁ
1271 1771 1365 1816 τῶν
1399 1765 1768 1829 εὐδοκιμούντων

106 1876 154 1900 20
174 1850 365 1916 καρπὸς,
405 1852 488 1901 οὐκ
530 1852 827 1917 εὐαρίθμητοι
872 1850 920 1901 δὲ
966 1855 1058 1901 τῶν
1099 1849 1245 1914 ἁγίων
1284 1849 1507 1916 κεφαλαὶ,
1552 1849 1679 1915 ὑψοῦ
1719 1870 1768 1897 τε

174 1932 366 1997 ἠρμέναι
405 1933 460 1983 δι’
494 1931 677 1997 ἀρετὴν,
717 1935 791 1983 καὶ
831 1930 927 1982 οἷον
967 1933 1014 1982 ἐν
1050 1930 1180 1999 τάξει
1219 1929 1394 1994 κε’δρων
1428 1929 1767 1993 ἀνατεθήλασι,

174 2018 249 2065 καὶ
292 2016 396 2081 περὶ
447 2015 599 2065 αὐτῶν
645 2014 703 2065 ἂν
747 2014 935 2079 λε’γοιτο
987 2015 1062 2064 καὶ
1113 2012 1307 2080 σφόδρα
1361 2010 1547 2065 εἰκότως
1593 2010 1646 2061 τὸ
1693 2010 1768 2062 διὰ

174 2099 335 2164 φωνῆς
378 2102 462 2147 τοῦ
504 2099 679 2158 Δαυεὶδ
717 2095 836 2162 πρὸς
879 2095 961 2146 τὸν
1006 2100 1101 2146 τῶν
1140 2094 1268 2145 ὅλων
1307 2093 1431 2144 Θεόν
1470 2096 1578 2143 “Al
1617 2093 1811 2159 κε’δροιά

174 2184 257 2229 τοῦ
299 2178 510 2240 Λιβάνου
555 2176 608 2232 ἃς
654 2177 960 2246 ἐφύτευσας.”
1015 2181 1186 2228 ιςΘεοῦ
1226 2174 1319 2241 γὰρ
1358 2175 1618 2241 γεώργιον”
1661 2174 1767 2229 τοὺς

109 2280 156 2318 25
177 2263 223 2311 ἐν
260 2261 418 2311 πίστει
457 2260 833 2324 δεδικαιωμένους
873 2258 1083 2326 ὀνομάζει
1122 2262 1295 2326 σαφῶς
1334 2260 1408 2308 καὶ
1449 2259 1472 2307 ὁ
1514 2258 1768 2310 θεσπέσιος

180 2347 392 2396 Παῦλος.

1834 2084 1887 2116 Ps.
1906 2085 1970 2115 ciii.

1839 2128 1884 2159 16.

1835 2199 1845 2220 1
1867 2192 1941 2222 Cor.

1830 2234 1874 2265 iii.
1892 2246 1922 2275 9.

183 2561 257 2603 Καὶ
290 2562 581 2603 ὃιελεύσονται
615 2561 657 2601 ἐν
690 2561 883 2617 Θαλάσσῌ
919 2563 1060 2616 στενῇ,
1097 2560 1165 2600 καὶ
1199 2559 1462 2601 πατάὲουσιν
1495 2558 1539 2599 ἐν
1576 2559 1767 2615 Θαλάσσῌ
1794 2576 1835 2599 11

225 2719 258 2753 3.
278 2708 331 2742 καὶ
349 2708 445 2752 prius
464 2719 534 2741 om.
551 2706 591 2741 C.
687 2719 719 2749 4.
738 2704 1076 2750 ἀπαλλαχθήσεσθαί
1091 2704 1132 2739 C.
1226 2716 1279 2739 10.
1298 2704 1501 2739 Γαλααδῖτιν
1518 2705 1652 2738 correxi
1669 2715 1711 2737 ex
1727 2704 1768 2739 C.

179 2754 389 2798 Γαλααδίτην
407 2753 500 2788 Edd.
519 2760 598 2787 ante
616 2753 752 2798 Migne.
913 2763 966 2785 12.
993 2752 1028 2784 δέ
1047 2757 1272 2796 assumptum
1290 2763 1331 2784 ex
1351 2750 1429 2785 C.b.
1593 2759 1646 2794 15.
1673 2752 1691 2783 ὁ
1710 2751 1768 2784 alt.

180 2806 404 2845 assumptum
421 2812 462 2834 ex
482 2800 569 2835 B.C.
904 2798 958 2832 16.
983 2798 1018 2831 ἐκ
1037 2803 1260 2842 assumptum
1279 2809 1320 2831 ex
1340 2797 1380 2831 C.
1445 2797 1770 2842 αἷχμαλωτισάντων

183 2847 274 2881 C.D.
294 2847 386 2881 Edd.
404 2846 755 2892 αἷχμιιλωτευσάντων
771 2844 807 2878 b.
1005 2855 1060 2878 20.
1087 2844 1122 2878 δέ
1142 2844 1226 2878 D.b.
1246 2844 1330 2877 Nik.
1350 2844 1385 2877 in
1406 2855 1456 2888 ps.
1473 2844 1539 2878 ciii.
1558 2843 1651 2877 Edd.
1670 2858 1705 2877 τε
1726 2843 1767 2877 C.

184 2904 239 2927 21.
265 2893 325 2938 δι’]
346 2893 399 2927 διὰ
422 2894 482 2937 τὴν
503 2893 538 2927 b.
620 2893 738 2936 κέδρον
756 2890 848 2925 Edd.
873 2890 992 2934 κέδρου
1018 2891 1152 2935 Migne.
1233 2889 1462 2933 ἇνατεθὴλασι
1487 2889 1663 2925 B.C.D.b.
1682 2890 1767 2923 Nik.

182 2939 388 2983 ἀνατεθὴλας
405 2940 439 2973 in
458 2940 576 2974 codice
594 2951 669 2973 esse
688 2939 769 2973 dicit
789 2938 892 2972 Pont.
909 2937 1144 2980 ἀνατεθηλυῖαι
1164 2937 1196 2980 (e
1215 2936 1327 2981 conj.)
1346 2936 1439 2971 Edd.
1652 2947 1705 2971 22.
1731 2935 1771 2971 ἂν

183 2992 404 3030 assumptum
423 2998 464 3020 ex
484 2986 524 3020 C.
545 2986 628 3021 Nik.
867 2993 921 3028 25.
947 2984 1101 3027 ὀνομάζει
1121 2984 1161 3018 C.
1181 2984 1328 3027 ὠνόμαζε
1348 2982 1441 3018 Edd.

934 3051 1050 3092 3112
