1997 3361
100 164 124 203 i·
155 179 187 204 ¹·
671 171 738 210 IN
786 173 1130 213 AGGAEUM.
1591 173 1673 210 2-1-:5

97 279 159 328 εἰς
184 277 321 341 τιμήν
347 301 395 328 τε
421 283 495 331 καὶ
527 279 671 350 δόξαν
705 289 788 333 τοῦ
821 283 1011 334 πάντων
1049 290 1325 350 κρατοῦντος
1354 287 1492 334 Θεοῦ.
1556 287 1676 348 εἰρη-

97 360 235 424 μένης
270 361 317 412 δὲ
352 366 433 424 τῆς
473 367 681 429 ἱστορίας
715 373 898 421 λεπτῶς
929 371 1004 419 καὶ
1035 374 1205 437 σαφῶς
1241 371 1288 420 ἐν
1322 373 1378 436 τῇ
1404 367 1567 435 πρώτῃ
1592 373 1675 418 τοῦ

89 440 281 508 ’Έσδρα
322 453 597 516 συγγραφῇ,
638 450 854 515 περιττὸν
894 449 1023 513 οἶμαί
1060 475 1151 502 που
1197 451 1251 502 τὸ
1291 455 1590 518 ἶσχνολογεῖν
1628 451 1676 499 ἐν

96 525 275 579 τούτοις
317 532 378 581 εὶς
418 528 472 579 τὸ
513 529 678 597 παρόν.
747 533 913 583 οὐκοῦν
953 534 1198 601 ἐπειδήπερ
1243 533 1351 603 ἐξὸν
1390 533 1479 598 ἤδη
1518 536 1675 584 πονεῖν
1695 538 1721 578 (Ι

54 623 76 661 5
97 612 192 661 τοῖς
216 609 273 677 ἐξ
292 610 507 677 Ἰσραὴλ,
532 615 607 663 καὶ
632 613 714 664 τὸν
742 619 862 665 θεῖον
888 614 1186 682 ἐργάσασθαι
1214 615 1340 678 νεῶν,
1369 618 1676 681 ἀποπληροῦν

96 712 144 740 τε
171 691 338 745 θυσίας
366 695 440 744 καὶ
467 693 616 756 λιτὰς,
648 697 720 746 καὶ
748 702 842 749 τοῖς
865 697 985 747 κατὰ
1011 698 1153 760 νόμον
1180 698 1306 749 ἔθεσι
1331 697 1676 759 πολιτεύεσθαι,

96 773 390 836 κατημέλουν
423 779 465 826 οἱ
498 777 555 844 ἐξ
574 777 787 843 Ἰσραὴλ,
815 780 864 829 εὖ
889 780 1088 833 τιθέντες
1121 780 1310 831 ἕκαστοι
1336 780 1395 831 τὰ
1421 784 1574 842 οἰκεῖα,
1602 781 1678 830 καὶ

97 855 176 905 ἐπί
207 877 258 920 γε
289 855 343 907 τό
383 864 560 926 σφισιν
598 861 751 913 αὐτοῖς
783 861 869 924 ἡδύ
906 884 954 912 τε
993 864 1068 912 καὶ
1107 862 1252 930 φίλον
1290 862 1562 928 ὁλοτρόπως
1599 863 1672 913 ε’κ-

98 937 367 1001 νενευκότες,
399 944 473 990 καὶ
518 943 566 991 ἐν
603 947 788 1011 σμικρῷ
832 947 997 1011 κομιδῇ
1037 944 1301 1007 ποιούμενοι
1346 944 1478 1014 λόγῳ
1517 943 1576 995 τὰ
1615 948 1678 998 εἷς

32 1039 78 1064 10
99 1017 243 1088 δόξαν
279 1025 416 1084 Θεοῦ,
455 1024 753 1091 κατῃκίζοντο
784 1023 945 1088 πάλιν,
977 1030 1101 1077 Θεοῦ
1140 1025 1446 1091 πλήττοντος,
1485 1026 1680 1096 πολέμῳ

97 1100 182 1165 μὲν
206 1103 324 1170 οὐχὶ,
354 1109 508 1168 λιμοῖς
539 1105 586 1156 δὲ
624 1111 813 1169 μᾶλλον
845 1110 919 1158 καὶ
955 1109 1202 1174 ἀκαρπιάις
1228 1111 1303 1159 καὶ
1330 1113 1512 1173 κτηνῶν
1538 1131 1680 1159 κατα-

98 1189 312 1250 φθοραῖς.
369 1187 580 1249 ἀμείνους
607 1187 700 1253 γὰρ
723 1188 891 1252 ἤθελεν
916 1191 1178 1250 ἀποτελεῖν,
1207 1192 1260 1241 οὐ
1286 1195 1386 1244 ταῖς
1411 1189 1679 1258 ὶσοῤῥόποις
1698 1211 1719 1236 O

97 1271 192 1316 τῶν
241 1268 552 1331 πταισμάτων
599 1275 781 1323 ποιναῖς
834 1271 1098 1340 ὑποφέρων·
1157 1272 1268 1323 ἀλλ’
1321 1274 1437 1336 ὁμοῦ
1485 1273 1569 1335 μὲν
1620 1275 1681 1327 ὡς

99 1349 382 1413 κεκμηκότας
407 1352 562 1414 ἐλεῶν,
591 1353 707 1414 ὁμοῦ
741 1352 789 1403 δὲ
823 1352 971 1404 πάλιν
1005 1356 1067 1408 ὡς
1100 1354 1156 1423 ἐξ
1184 1354 1370 1420 ἀγάπης
1396 1357 1680 1421 ἐπανορθῶν.

33 1448 79 1485 15
100 1431 216 1494 αὕτη
251 1435 334 1494 τῆς
358 1433 587 1498 Ἀγγαίου
624 1436 912 1502 προφητείας
951 1438 1012 1491 ὡς
1050 1439 1099 1488 ἐν
1137 1437 1315 1503 ὀλίγοις
1353 1438 1381 1502 ἡ
1417 1436 1677 1506 πρόφασις.

98 1512 313 1576 μέμικται
340 1513 388 1565 δὲ
416 1516 440 1565 ὁ
467 1514 626 1581 λόγος,
653 1521 727 1567 καὶ
757 1523 852 1571 τοῖς
874 1518 1218 1585 πεπραγμένοις
1244 1543 1293 1571 τε
1329 1522 1404 1571 καὶ
1430 1519 1682 1587 εἰρημένοις

99 1597 345 1661 ἱστορικῶς
389 1597 417 1661 ἡ
461 1598 665 1663 μυστική
710 1622 758 1651 τε
798 1602 873 1651 καὶ
917 1600 1131 1667 ἐσωτάτη
1176 1604 1250 1653 καὶ
1297 1602 1547 1668 πρέπουσα
1586 1607 1682 1657 τοῖς

97 1684 421 1741 πνευματικοῖς
448 1680 737 1748 ἐγκέχωσται
764 1683 947 1750 θεωρία.

1700 1857 1722 1880 a
1743 1853 1830 1890 628
1852 1856 1902 1889 A.

95 1892 170 1935 Ἐν
207 1895 269 1947 τῷ
307 1894 495 1952 δευτέρῳ
525 1896 612 1938 ἔτει
648 1897 718 1939 ἐπὶ
754 1898 938 1956 Δαρείου
976 1904 1049 1941 τοῦ
1089 1902 1298 1951 βασιλέως
1335 1902 1379 1943 ἐν
1408 1903 1470 1956 τῷ
1496 1902 1594 1950 μΗνὶ
1621 1904 1681 1956 τῷ
1704 1910 1809 1959 Κεφ.
1833 1905 1883 1947 α’.

35 1995 82 2019 20
167 1977 279 2031 ἕκτῳ
311 1981 384 2036 μιᾷ
422 1982 495 2019 τοῦ
533 1981 666 2027 umbe
703 1982 874 2029 ἐπενετο
912 1985 1036 2031 λόΓοε
1071 1984 1220 2042 Κυρίου
1261 1985 1304 2026 ἐν
1349 1985 1453 2042 χειρὶ
1484 1984 1681 2032 ἈΙ-Γαίου

168 2064 240 2102 τοῦ
268 2063 494 2117 Προφύτου
521 2063 674 2110 λέΓων.

176 2179 376 2233 Φθάσας
403 2180 534 2248 ἔφην,
562 2184 625 2234 ὡς
654 2181 711 2246 ἧν
738 2182 1002 2252 εὐάφορμος
1035 2191 1130 2240 τοῖς
1164 2187 1221 2256 ἐξ
1241 2188 1443 2255 Ἰσραὴλ
1469 2189 1496 2253 ἡ
1529 2191 1606 2240 ε’πί
1627 2213 1681 2255 γε

100 2264 167 2329 τῷ
219 2265 314 2330 ναῷ
362 2263 579 2330 ῥᾳθυμία,
629 2267 956 2333 παρῃρημένης
1007 2269 1158 2319 αὐτῶν
1209 2273 1290 2332 τῆς
1334 2271 1564 2339 ἐξουσίας,
1605 2273 1680 2322 καὶ
1698 2285 1724 2324 b

102 2342 474 2411 διεφθονηκότων
499 2348 561 2399 εἷς
591 2352 730 2397 τοῦτο
760 2352 854 2398 τῶν
878 2351 925 2399 ἐν
953 2352 1205 2420 Σαμαρείᾳ,
1231 2353 1463 2416 πλείστην
1485 2376 1533 2404 τε
1561 2353 1682 2417 ὅσην

38 2446 85 2482 25
103 2428 183 2488 τῆς
212 2425 528 2492 Ἰερουσαλὴμ
560 2430 881 2493 πεποιημένων
915 2431 1000 2495 τὴν
1027 2433 1316 2500 κατάρῥησιν
1347 2433 1475 2500 παρά
1501 2457 1555 2500 γε
1587 2441 1682 2489 τοῖς

154 2587 183 2609 1.
211 2575 308 2610 Haec
324 2579 384 2610 τοῦ
400 2577 533 2612 πάντων
550 2582 750 2624 κρατοῦντος
767 2586 988 2616 accesserunt
1006 2594 1046 2615 ex
1066 2582 1199 2616 B.D.b.
1410 2595 1441 2627 3.
1467 2599 1532 2619 που
1550 2597 1619 2619 om.
1640 2586 1680 2620 B.

104 2621 208 2656 habet
226 2623 273 2656 D.
587 2638 620 2668 4.
646 2627 725 2669 ἐξῆν
742 2639 804 2672 pro
821 2628 899 2670 ἐξὸν
917 2628 1007 2662 Edd.
1317 2639 1351 2674 5.
1377 2630 1579 2675 ἐργάζεσθαι
1597 2632 1682 2667 D.b.

106 2677 137 2712 7.
164 2669 372 2713 κατημέλουν
388 2671 418 2704 οἱ
437 2671 474 2714 ἐξ
490 2670 629 2716 Ἰσραὴλ
650 2673 734 2708 D.b.
748 2674 841 2708 Edd.
859 2675 952 2708 αὐτοὶ
969 2676 1120 2719 μάλιστα
1137 2675 1347 2720 κατημέλουν
1364 2677 1404 2710 Β.
1456 2677 1581 2712 Statim
1597 2694 1682 2724 προ-

105 2715 250 2751 τιθέντες
268 2717 314 2751 D.
378 2717 515 2752 ἕκαστοι
534 2719 664 2754 B.D.b.
683 2720 824 2772 ἕκαστος
842 2721 933 2755 Edd.
1002 2722 1126 2756 Statim
1149 2723 1190 2756 τὰ
1215 2723 1319 2756 οἰκεῖα
1339 2723 1468 2758 B.D.b.
1485 2725 1545 2768 τὴν
1561 2726 1684 2760 οἰκείαν

107 2793 198 2828 Edd.
298 2778 1117 2845 ιι.λιμοῖςΒοὴ.[λὲιμοῑςΒ.]λοιμοῐςΕαᾱ.
1158 2804 1373 2845 μᾶλλονοιη.
1390 2804 1436 2839 D.
1536 2816 1575 2839 12
1607 2805 1664 2849 ἤθε

106 2841 168 2874 λον
183 2841 243 2876 iid.
261 2850 341 2877 ante
360 2845 482 2890 Migne
498 2848 776 2891 repugnantibus
796 2847 876 2881 B.b.
894 2849 1013 2892 ἤθεσιν
1029 2849 1117 2893 (sic)
1137 2849 1183 2884 D.
1373 2862 1426 2894 14.
1452 2850 1507 2897 δέ]
1531 2857 1568 2892 -Ι-
1581 2832 1628 2896 ,δὴ
1646 2826 1682 2887 b..

111 2886 163 2921 16.
189 2902 226 2932 γε
244 2901 305 2933 pro
323 2905 358 2924 τε
377 2892 423 2925 D.
672 2905 724 2938 19.
751 2897 810 2927 τοῦ
828 2906 897 2928 om.
917 2895 954 2928 F.
975 2895 1065 2929 Edd.
1087 2897 1230 2941 (87.al.)
1477 2909 1531 2933 20.
1558 2899 1684 2944 Κυρίου

107 2944 178 2968 om.
198 2935 240 2968 Β.
258 2936 363 2971 habet
382 2938 429 2971 D.
681 2952 737 2982 24.
764 2941 1032 2986 διεφθοπικότων
1051 2943 1097 2977 D.
1117 2943 1387 2988 ὃιεφθονηκότων
1404 2943 1508 2979 habet
1527 2945 1568 2979 B.
1618 2950 1684 2981 τῶν

107 2990 327 3025 assumptum
345 2996 385 3018 ex
407 2984 499 3020 B.D.

862 3058 874 3082 I
897 3058 908 3082 1
930 3056 950 3085 2
