2049 3366
158 178 212 219 iv.
237 191 269 220 1.
520 179 592 220 IN
637 176 1071 218 MALACHIAM.
1134 173 1284 214 TUM.
1319 172 1382 211 ΙΙ.
1662 171 1744 208 (319

158 286 386 352 εὐγένειαν
421 286 820 351 ἀποβεβληκότες,
856 283 1283 353 ἀπονοσφιζόμενοί
1314 303 1361 332 τε
1397 284 1479 330 τοῦ
1516 281 1637 343 ἱεροῦ
1672 279 1747 327 καὶ

158 369 423 420 ἀπολέκτου
441 369 604 434 γένους
627 374 710 420 τοῦ
729 367 978 434 γεγονότος
1005 371 1066 420 εἶς
1093 365 1406 431 περιποίησιν·
1442 359 1518 412 διὰ
1542 359 1747 411 πίστεως
1811 383 1829 422 ,1,
1846 375 1878 403 S
1901 373 1970 402 Pet-

160 449 208 499 δὲ
243 450 462 513 δηλονότι
494 453 577 514 τῆς
612 453 659 501 ἐν
691 454 905 519 Χριστῷ·
950 453 991 500 οἱ
1016 453 1215 499 τοιοῦτοι
1241 450 1357 512 γοῦν
1383 442 1531 510 πυρὸς
1558 442 1747 492 ε”σονται
1810 428 1841 446 Μ’
1863 428 1891 457 ν’

159 536 243 581 τοῦ
268 531 533 599 παμφάγου
560 532 730 626 τροφή.
783 534 830 583 ἐν
858 532 939 600 ’ίσῃ
967 530 1013 581 δε
1044 529 1185 597 μοίρα
1217 529 1450 579 κείσονται
1482 522 1612 590 παρὰ
1640 526 1749 590 Θεῷ

117 632 141 670 5
165 636 241 664 και
281 619 315 665 οἱ
350 638 567 669 ποιουντες
603 638 767 683 ανομοι,
801 612 889 664 κάν
920 636 957 664 ει
993 611 1277 712 ἐγκρίνοιντο
1305 607 1449 676 τυχὸν
1475 610 1570 660 τοῖς
1605 628 1740 656 πεπι·
1769 616 1794 655 (1

160 694 387 746 στευκόσι
426 698 502 746 καὶ
537 696 890 764 ἐξειλεγμενοις,
933 717 1008 745 και
1046 717 1128 744 τον
1168 691 1311 761 φυσει
1348 713 1397 742 τε
1440 713 1516 740 και
1559 690 1750 752 ἀληθῶς

160 776 307 827 εἰδόσι
352 777 492 828 Θεόν.
564 779 617 828 οὐ
658 777 752 843 γὰρ
798 776 985 844 ἀπόχρη
1029 781 1167 826 τοῦτο
1212 775 1366 826 αὐτοῖς
1413 776 1474 825 εἰς
1519 770 1751 837 ἀπόνιψιν

162 860 404 925 ἁμαρτίας,
432 860 558 927 ε’ίπερ
584 862 716 912 ἐστὶν
740 859 925 924 ἀληθὲς,
952 861 1013 912 ὡς
1039 864 1066 887 “
1083 858 1245 910 πίστις
1269 857 1410 923 χωρὶς
1436 854 1585 918 ἐργων
1613 850 1751 916 νεκρά
1814 864 1836 893 S
1861 863 1936 892 Jac-

163 949 190 971 ‘⁶
218 943 361 993 ἐστι.”
409 944 581 993 δικαιοῖ
600 941 685 1006 μὲν
701 941 794 1008 γὰρ
815 942 841 1005 ἡ
861 942 1023 994 πίστις
1050 940 1077 1004 ἡ
1104 943 1164 992 εἷς
1192 936 1421 1004 Χριστὸν,
1447 937 1521 986 καὶ
1549 937 1632 998 τῆς
1658 937 1751 984 τῶν
1815 918 1845 936 ω’
1866 916 1915 936 ω’

96 1047 144 1072 10
162 1024 582 1090 προεπταισμένων
625 1022 920 1075 ἀπαλλάττει
969 1024 1173 1087 κηλῖδος.
1242 1023 1278 1070 εἰ
1324 1018 1369 1069 δὲ
1421 1018 1477 1082 δή
1522 1040 1591 1070 τις
1635 1015 1753 1079 μετὰ

164 1111 302 1156 τοῦτο
333 1105 542 1175 ῥᾴθυμός
573 1129 622 1157 τε
660 1108 736 1157 καὶ
771 1104 1120 1158 ἀναπεπτωκὼς
1155 1102 1429 1168 εὑρίσκοιτο,
1455 1100 1574 1166 πρός
1608 1122 1657 1150 τε
1694 1098 1754 1149 τά

163 1186 342 1253 σαρκὸς
393 1191 468 1239 καὶ
513 1188 572 1240 τὰ
620 1193 704 1239 τοῦ
755 1186 939 1250 κόσμου
983 1186 1113 1250 πάθη
1164 1183 1425 1251 ἐπιρῥεπὴς,
1478 1182 1753 1247 νενέκρωκεν

164 1271 401 1324 οἱονείπως
439 1272 488 1321 ἐν
523 1273 670 1339 ἑαυτῷ
707 1269 792 1333 τὴν
830 1270 1007 1330 πίστιν,
1052 1268 1323 1333 προστιθεὶς
1366 1264 1450 1327 μὲν
1489 1263 1620 1314 οὐδὲν
1658 1268 1791 1313 τῶνο

165 1353 520 1415 ἐπαινουμένων,
558 1351 953 1418 παλινδρομήσας
992 1348 1041 1400 δὲ
1085 1353 1276 1413 μᾶλλον
1315 1349 1387 1398 ἐπὶ
1429 1345 1514 1410 τὴν
1553 1346 1753 1412 ἀρχαίαν

99 1454 146 1491 15
167 1439 249 1485 τοῦ
280 1434 388 1495 βίου
419 1435 692 1498 σκαιότητα.
744 1436 849 1500 περὶ
883 1437 977 1484 τῶν
1001 1431 1225 1483 τοιούτων
1252 1431 1375 1500 φησὶ
1408 1431 1482 1479 καὶ
1518 1429 1543 1478 ὁ
1576 1427 1748 1478 θεσπέ-

165 1539 270 1570 σιος
313 1516 526 1581 μαθητής
567 1524 593 1546 “
618 1521 863 1582 Κρεῖσσον
902 1514 995 1581 γὰρ
1040 1513 1097 1579 ἦν
1135 1514 1291 1567 αὐτοῖς
1336 1510 1400 1576 μὴ
1445 1509 1753 1575 ἐπεγνωκέναι
1819 1528 1973 1559 :espen

165 1606 193 1628 a<
219 1597 306 1664 τὴν
349 1598 460 1650 ὁδὸν
505 1601 587 1663 τῆς
632 1597 945 1661 δικαιοσύνης,
989 1595 1014 1661 ἢ
1064 1597 1340 1661 ἐπιγνοῦσιν
1385 1596 1447 1647 εἷς
1491 1591 1550 1644 τὰ
1598 1592 1753 1643 ὀπίσω
1816 1581 1976 1610 ’1-2ι,22,

166 1689 194 1711 “
221 1680 502 1750 ἀνακάμψαι
541 1679 634 1732 ἀπὸ
673 1683 755 1744 τῆς
792 1679 1144 1745 παραδοθείσης
1184 1678 1338 1730 αὐτοῖς
1378 1676 1513 1741 ἁγίας
1547 1675 1753 1738 ἐντολῆς·

167 1771 195 1794 “
221 1763 497 1828 συμβέβηκε
537 1762 630 1829 γὰρ
669 1762 824 1816 αὐτοῖς
862 1760 915 1812 τὸ
954 1763 1036 1824 τῆς
1076 1761 1282 1824 ἀληθοῦς
1319 1756 1571 1824 παροιμίας
1613 1756 1755 1806 Κύων

168 1852 195 1876 “
222 1845 518 1913 ἐπιστρέψας
561 1847 636 1896 ἐπὶ
680 1843 763 1895 τὸν
802 1843 916 1894 ’ίδιον
956 1842 1132 1905 ἔμετον,
1173 1841 1247 1891 καὶ
1293 1839 1342 1892 ὗς
1381 1838 1654 1901 λουσαμένη
1693 1841 1755 1890 εἷς

169 1935 196 1957 “
222 1927 434 1991 κύλισμα
471 1925 754 1993 βορβόρου.”
808 1926 974 1976 οὐκοῦν
1012 1925 1060 1974 ἐν
1096 1924 1187 1992 ἰ’σῳ
1226 1926 1320 1976 τοῖς
1359 1920 1634 1986 ἀλλογενέσι
1675 1926 1795 1971 noda
1822 1935 1908 1969 866
1926 1933 1978 1968 A.

170 2016 204 2061 οἱ
231 2010 446 2064 ποιοῦντες
471 2008 631 2076 ἄνομα,
653 2007 694 2058 οἳ
718 2008 794 2058 καὶ
821 2007 1010 2058 ε”σονται
1039 2003 1247 2072 καλάμη,
1274 2002 1755 2071 καταφλεχθήσονται

170 2092 219 2143 δὲ
258 2093 404 2144 οὕτως
443 2092 616 2141 ὡσανεὶ
655 2089 841 2153 κάκείνη
879 2087 1026 2154 πυρὸς
1064 2086 1440 2152 ἐπενηνεγμένου.
1500 2083 1756 2150 συνάγεται

170 2173 264 2240 γὰρ
304 2175 328 2223 ὁ
368 2177 500 2227 σῖτος
539 2195 601 2226 εις
639 2170 896 2235 ἀποθήκην,
937 2169 1058 2220 καθὰ
1096 2191 1171 2220 και
1211 2170 1235 2218 ὁ
1276 2166 1444 2233 Σωτήρ
1489 2171 1612 2234 φησι
1651 2168 1756 2232 περὶ
1817 2164 1979 2239 {Mlazttlh

103 2277 152 2312 25
172 2260 265 2307 τῶν
291 2256 438 2321 ἁγιων
464 2257 709 2321 θεριστῶν·
753 2252 807 2304 τὸ
839 2252 886 2303 δε
924 2252 1100 2319 ἄχυρον
1126 2251 1420 2301 κατακαίεται
1453 2250 1565 2314 πυρὶ
1599 2249 1752 2309 ἀσβέ-
1818 2260 1870 2344 {b
1888 2262 1955 2291 xiii

1841 2314 1861 2335 0

171 2361 289 2408 στω.
344 2361 421 2389 και
454 2340 496 2388 οὐ
522 2361 584 2404 μη
611 2333 851 2408 υπολειφθῇ
879 2337 1025 2388 αὐτοις
1052 2334 1150 2403 ῥιζα
1178 2328 1269 2384 οὐδὲ
1299 2330 1472 2398 κλῆμα,
1499 2330 1756 2390 τουτέστιν,

172 2420 390 2482 οὐδεμίαν
415 2418 606 2487 ἕξουσιν
633 2417 800 2468 ἐλπίδα
826 2421 908 2468 τοῦ
934 2417 1008 2466 καὶ
1035 2415 1165 2468 αὖθις
1190 2415 1455 2480 ἀναφυῆναι
1480 2411 1598 2478 πρὸς
1624 2411 1756 2476 ζωὴν,

173 2501 293 2568 ζωὴν
332 2501 386 2552 δέ
419 2505 541 2568 φημι
575 2498 660 2563 τὴν
691 2497 973 2567 ἀξιεραστόν
1004 2519 1053 2548 τε
1092 2497 1168 2547 καὶ
1205 2497 1267 2548 ὡς
1305 2497 1354 2545 ἐν
1388 2493 1504 2562 δόξῃ
1537 2497 1595 2561 τῇ
1627 2492 1758 2559 παρὰ
1785 2512 1787 2515 ⁴

175 2587 296 2653 Θεῷ,
324 2582 411 2647 τὴν
438 2584 498 2635 ὡς
535 2583 583 2632 ἐν
614 2581 837 2648 ἁγιασμῷ
870 2581 944 2630 καὶ
977 2577 1284 2644 μακαριότητι
1320 2575 1585 2640 νοουμένην.
1640 2577 1756 2646 ῥιζης
1775 2582 1802 2623 b

106 2687 156 2722 30
174 2664 259 2728 μὲν
302 2664 396 2731 γὰρ
446 2665 530 2714 οὐκ
579 2661 781 2714 εἶσάπαν
828 2660 1175 2725 ἐκκεκομμένης,
1227 2660 1328 2710 οὕτε
1379 2655 1473 2721 μὴν
1517 2658 1757 2722 κλήματος

175 2747 272 2799 οἷον
319 2748 368 2798 ἐκ
418 2745 596 2808 βάθους
646 2742 944 2812 ἐξῃρημένου,
995 2741 1198 2808 σώζεταί
1241 2763 1310 2794 τις
1361 2741 1493 2793 ἐλπὶς
1543 2744 1626 2790 τοῦ
1681 2741 1756 2790 καὶ

223 2898 256 2931 3.
280 2887 377 2921 Haec
390 2886 422 2919 οἱ
439 2886 584 2918 τοιοῦτοι
600 2884 683 2929 γοῦν
700 2888 920 2916 accesserunt
937 2893 979 2915 ex
999 2881 1041 2915 B.
1113 2878 1145 2913 6.
1167 2878 1220 2924 τε]
1237 2879 1271 2913 δέ
1287 2878 1367 2923 (sic)
1384 2877 1476 2912 Edd.
1546 2886 1576 2922 7.
1595 2879 1680 2922 πρὸς
1699 2877 1757 2911 iid.

177 2934 210 2968 8.
235 2932 296 2978 ὡς]
320 2937 356 2972 4-
378 2932 396 2975 ἡ
415 2929 893 2973 ἰίᾶ.12.ε’πιρρεπὴς
910 2934 1054 2962 accessxt
1072 2939 1114 2962 ex
1134 2927 1176 2961 Β.
1345 2937 1396 2967 14.
1423 2923 1573 2969 μᾶλλον]
1594 2926 1697 2959 πάλιν
1717 2924 1758 2958 Β.

179 2991 233 3014 20.
259 2981 316 3014 τὸν
333 2978 454 3013 ἰ’διον”
436 2992 553 3022 εμετον
573 2976 614 3012 Β.
633 2978 670 3011 τὸ
688 2975 771 3012 ἰ’διον
790 2976 934 3020 ἐξεραμα
954 2974 1046 3008 Edd.
1191 2982 1246 3017 27.
1272 2971 1383 3017 ἀναφύ
1387 2986 1436 3007 ναι
1459 2971 1499 3006 Β,

916 3042 1038 3082 41<2
