2060 3387
158 184 209 224 ix.
240 196 274 236 7.
524 187 595 227 IN
639 186 1060 227 ZACHARIAM.
1121 184 1273 224 TOM.
1310 182 1393 223 ΙΙΙ.
1659 181 1737 219 411

155 292 280 344 κοῖτω
316 294 446 348 θεοὺς
485 295 785 362 ὀνομάζοντες
816 295 874 345 τοὶ
911 294 1208 362 χειρόκμητα,
1245 295 1319 342 καὶ
1354 292 1504 343 λίθοις
1534 289 1738 357 ἀψύχοις

154 374 273 424 κατὰ
316 376 398 426 τὸν
441 377 692 446 προφήτην
735 378 952 442 λέγοντες
996 375 1163 428 “3⁶69
1207 397 1298 437 μου
1343 372 1384 424 εἶ
1424 371 1509 434 σι),
1558 373 1632 421 καὶ
1674 369 1736 420 σύ

154 462 181 484 “
206 456 460 522 ἐγέννησας
495 460 595 522 με.”
660 461 770 509 ἀλλ’
807 459 1065 508 ε’κτετίκασι
1103 457 1187 520 μὲν
1226 455 1311 519 τὴν
1350 457 1503 506 αὐτοῖς
1545 451 1734 518 προσή-

152 538 333 587 κουσάν
369 562 419 589 τε
458 542 532 589 καὶ
568 542 860 606 ἀποχρῶσαν
898 540 1041 603 δίκην,
1077 535 1527 601 πεπλημμεληκότες
1566 533 1739 599 ἀγρίως

111 622 213 672 5εἱς
250 619 332 670 τὸν
368 621 586 686 Ἰσραήλ.
651 620 780 684 πλὴν
818 622 900 672 οὐκ
940 625 1002 674 εἷς
1041 619 1165 670 ἅπαν
1205 619 1483 680 διολώλασι,
1523 639 1733 682 προανα-

153 703 376 766 θροῦντος
410 705 534 752 Θεοῦ
569 705 655 765 τὴν
690 704 738 752 ἐν
776 707 949 767 καιροῖς
987 701 1215 765 ἐσομένην
1252 702 1404 751 αὐτῶν
1442 697 1738 766 ἐπιστροφὴν

152 782 200 831 ἐν
227 785 439 852 Χριστῷ.
497 784 636 853 ὲξειρῶ
667 785 823 835 τοίνυν
859 785 983 852 φησὶ
1017 787 1062 834 τὸ
1099 783 1223 851 αἷμα
1257 783 1394 833 αὐτῶν
1425 783 1475 833 ἐν.
1512 783 1739 848 στόματος

154 863 305 927 αὐτῶν,
331 866 588 929 τουτέστιν,
621 870 658 916 εἰ
693 870 767 917 καὶ
808 865 881 916 οἷά
918 888 1039 919 τινες
1071 868 1207 931 θῆρες
1241 866 1489 931 μονονουχὶ
1521 863 1739 929 κατεῤῥό-

154 949 321 1014 φησαν
368 947 451 997 τὸν
494 946 711 1014 Ἰσραὴλ,
763 949 872 998 ἀλλ’
927 947 1028 1015 ἥξει
1078 946 1249 1011 καιρὸς,
1294 947 1399 996 καθ’
1448 944 1501 995 ὃν
1549 944 1738 994 ε”σονται

86 1047 133 1072 10
153 1030 347 1094 καθαροὶ
388 1032 464 1080 καὶ
500 1033 583 1093 τῆς
618 1031 693 1080 ἐπὶ
731 1029 912 1082 τούτοις
951 1028 1098 1082 αἰτίας
1138 1026 1514 1092 ἀπηλλαγμένοι·
1557 1028 1739 1076 δικαιω-

153 1108 382 1172 θήσονται
417 1110 510 1178 γάρ
548 1113 596 1162 ἐν
630 1112 786 1163 πίστει
827 1113 902 1161 καὶ
940 1111 1084 1173 αὐτοὶ,
1116 1112 1191 1160 καὶ
1224 1109 1307 1160 τὸν
1345 1111 1394 1159 ἐκ
1428 1111 1510 1172 τῆς
1543 1108 1738 1174 ἀρχαίας

152 1190 454 1258 φαυλότητος
486 1193 838 1244 ἀπολούσονται
872 1192 1141 1257 μολυσμόν.
1207 1190 1347 1261 ἐξαιρῶ
1371 1190 1419 1241 δὲ
1452 1192 1526 1240 καὶ
1552 1188 1611 1239 τὰ
1637 1188 1740 1239 ὀνό-

151 1296 279 1337 ματα
302 1275 382 1326 ‘tamn‘
408 1272 752 1344 βδελυγμάτων
780 1274 918 1326 αὐτῶν
946 1275 994 1326 ἐκ
1021 1272 1158 1342 μέσου
1186 1271 1355 1324 ὀδόντων
1384 1272 1536 1323 αὐτῶν.
1582 1273 1738 1332 διαμε-

150 1355 412 1420 μνήσονται
461 1356 554 1423 γὰρ
604 1357 752 1408 οὐκέτι
800 1360 896 1407 τῶν
941 1355 1264 1424 ψευδωνύμων
1313 1358 1446 1416 θεῶν,
1492 1354 1594 1403 οὕτε
1644 1352 1738 1416 μὴν

1803 365 1938 395 liin-nii.

1757 702 1783 741 (l

86 1453 132 1493 15
152 1437 474 1501 ὀνομάσουσιν
512 1438 691 1499 αὐτοὺς,
730 1436 1123 1506 ὑπολειφθήσοντοιι
1164 1435 1213 1487 δὲ
1254 1438 1334 1487 καὶ
1374 1435 1504 1486 αὐτοὶ
1539 1440 1599 1503 τῷ
1637 1439 1776 1503 Θεῷο

151 1518 282 1587 ἡμῶν,
318 1519 528 1587 καθάπερ
563 1519 725 1583 ἀμέλει
759 1521 834 1570 καὶ
870 1518 1008 1572 αὐτὸς
1047 1519 1071 1569 ὁ
1103 1517 1324 1584 Ἰσραήλ·
1366 1517 1615 1568 σέσωσται
1653 1515 1737 1578 μὲν

150 1600 245 1668 γὰρ
283 1603 359 1652 καὶ
404 1603 545 1653 αὑτοῦ
586 1600 640 1652 τὸ
685 1600 1003 1665 κατάλειμμα,
1045 1601 1192 1651 καίτοι
1232 1597 1638 1663 δεδυσσεβηκότος
1676 1601 1739 1651 εἷς

151 1682 293 1734 αὐτὸν
323 1682 406 1735 τὸν
431 1682 755 1748 Ἐμμανουήλ.
821 1681 975 1746 ἐπειδὴ
1017 1681 1065 1733 δὲ
1106 1681 1365 1746 κεκλημένη
1403 1685 1497 1731 τῶν
1530 1681 1677 1731 ἐθνῶν
1711 1680 1739 1743 ἡ

150 1764 336 1830 πληθὺς
371 1771 466 1820 τοῖς
498 1765 555 1834 ἐξ
581 1766 774 1829 αἵματος
797 1763 1001 1831 Ἰσραὴλ
1025 1762 1320 1815 πιστεύσασι
1351 1762 1576 1831 συνήφθη
1601 1785 1739 1813 πνευ-

83 1871 132 1895 20
150 1852 370 1910 ματικῶς,
396 1851 614 1914 Χριστοῦ
644 1849 929 1900 συνδοῦντος
955 1849 1017 1899 εἰς
1043 1845 1227 1896 ἕνωσιν·
1265 1851 1291 1874 “
1314 1843 1465 1898 Αὐτὸς
1490 1843 1582 1910 γάρ
1608 1846 1739 1895 ἐστιν

152 1930 233 1994 “ή
269 1928 424 1996 εἰρήνη
458 1929 604 1992 ἡμῶν,
636 1929 661 1978 ὁ
690 1927 895 1992 ποιήσας
932 1925 992 1977 τὰ
1030 1926 1276 1996 ἀμφότερα
1307 1926 1355 1977 ἓν
1393 1928 1469 1977 καὶ
1497 1924 1552 1976 τὸ
1586 1926 1734 1989 μεσό-

153 2017 180 2040 “
203 2033 361 2079 τοιχον
399 2015 483 2061 τοῦ
517 2015 743 2078 φραγμοῦ
778 2009 945 2071 λύσας,
973 2007 1139 2062 κτίσας
1170 2031 1219 2059 τε
1257 2007 1364 2061 τοὺς
1395 2007 1477 2059 δύο
1509 2005 1653 2060 λαοὺς
1677 2010 1739 2060 εἰς

153 2099 180 2122 “
205 2093 286 2143 ἕνα
309 2091 467 2144 καινὸν
492 2094 757 2159 ἄνθρωπον,
781 2095 928 2142 ποιῶν
955 2089 1153 2156 εἰρήνην,
1180 2091 1254 2140 καὶ
1281 2088 1739 2141 ἀποκαταλλάσσων

1800 1847 1884 1888 Eph.
1903 1848 1934 1879 ii.

1804 1900 1853 1929 ¹4·
1906 1922 1914 1931 ,

1801 2013 1852 2043 Ib.
1874 2021 1922 2052 15,

1805 2056 1851 2093 16,
1872 2058 1920 2087 18.

152 2181 180 2204 “
206 2175 313 2229 τοὺς
338 2174 633 2243 ἀμφοτέρους
660 2175 708 2224 ἐν
732 2174 797 2224 ἑνὶ
826 2172 1065 2236 Πνεύματι
1091 2171 1210 2239 πρὸς
1234 2171 1317 2222 τὸν
1346 2171 1585 2237 Πατέρα·”
1627 2170 1735 2221 ταύ-
1756 2195 1778 2219 a
1808 2184 1891 2220 734
1910 2185 1959 2218 A.

84 2275 132 2313 25
152 2257 287 2325 τῃτοί
321 2266 472 2326 φησιν
510 2256 580 2308 ὅτι
619 2256 786 2307 ἔσονται
827 2257 884 2310 ὡς
923 2256 1166 2324 χιλίαρχος
1206 2255 1243 2305 ἐν
1275 2250 1434 2324 Ἰούδᾳ,
1473 2252 1735 2315 τουτέστιν,

153 2341 215 2392 εἷς
258 2344 397 2389 τοῦτο
439 2340 768 2405 προβήσονται
805 2335 1130 2403 γνησιότητος,
1168 2338 1250 2399 τῆς
1296 2337 1358 2388 ὡς
1402 2337 1450 2385 ἐν
1491 2334 1649 2385 πίστει
1690 2357 1739 2384 τε

153 2421 229 2471 καὶ
264 2421 489 2488 ἐπιεικείᾳ,
523 2422 658 2487 φημὶ,
694 2418 818 2469 ὥστε
857 2421 933 2468 καὶ
969 2418 1026 2486 ἐξ
1058 2418 1211 2468 αὐτῶν
1246 2415 1482 2483 ἀρχηγοὺς
1520 2415 1740 2480 γενέσθαι

153 2507 236 2553 τοῦ
260 2500 429 2553 Ἰούδα.
487 2501 620 2551 ἔσται
647 2499 695 2550 δὲ
723 2502 798 2550 καὶ
827 2506 845 2551 ὁ
873 2497 1115 2568 Ἀκκοιρῶν,
1141 2498 1384 2549 τουτέστιν
1411 2498 1435 2547 ὁ
1462 2494 1739 2562 ἀλλογενὴς,

155 2584 180 2634 ὁ
219 2584 268 2634 ἐκ
307 2585 395 2649 γῆς
431 2583 728 2644 Φυλιστιεῖμ,
766 2583 824 2636 ὡς
861 2587 878 2632 ὁ
913 2582 1198 2642 Ἰεβουσαῖος,
1233 2579 1449 2631 τουτέστι
1486 2578 1634 2629 πάλιν
1678 2580 1740 2631 ὡς

202 2764 235 2798 3.
260 2751 502 2797 προσήκουσάν
520 2751 566 2785 D.
587 2749 678 2784 Edd.
695 2749 894 2795 πρέπουσάν
912 2747 952 2783 C.
1326 2756 1360 2792 5.
1386 2745 1678 2792 προαναθροῦντος
1696 2744 1736 2779 C.

154 2799 300 2845 προαθρ.
320 2799 366 2832 D.
387 2797 479 2832 Edd.
898 2794 930 2829 6.
960 2794 1056 2829 Haec
1075 2794 1109 2828 ἐν
1127 2808 1156 2828 κ.
1175 2800 1355 2838 assumpta
1372 2805 1413 2827 ex
1433 2792 1472 2827 C.
1491 2792 1618 2826 desunt
1634 2792 1667 2825 in
1689 2792 1736 2825 D.

155 2844 280 2890 αὐτῶν]
306 2846 417 2880 αὐτοῖς
435 2844 476 2879 C.
542 2843 639 2878 Haec
665 2840 1006 2887 ἐπιστροφὴν-αἷμα
1031 2842 1139 2875 αὐτῶν
1166 2840 1293 2874 desunt
1318 2841 1353 2873 in
1380 2839 1471 2873 Edd.
1498 2839 1569 2872 inv.
1596 2838 1736 2873 B.C.D.

160 2903 214 2936 13.
239 2892 347 2934 μέσου
365 2891 406 2925 C.
426 2890 517 2925 Edd.
535 2889 649 2935 μέσων
668 2890 761 2923 B.D.
812 2888 936 2922 Statim
962 2892 1027 2923 τῶν
1052 2887 1149 2922 addit
1168 2886 1208 2921 C.
1229 2886 1312 2931 (42)
1330 2886 1439 2920 invito
1459 2886 1504 2919 D.
1539 2897 1645 2930 supra
1665 2896 1737 2918 non

156 2938 253 2972 addit
269 2941 334 2972 τῶν
353 2937 393 2971 C.
660 2935 711 2970 16.
736 2936 796 2979 μὲν
813 2947 883 2969 om.
902 2934 942 2968 C.
1229 2944 1283 2977 29.
1310 2935 1368 2976 τῆς
1385 2944 1447 2978 pro
1464 2933 1525 2977 γῆς
1545 2931 1584 2967 C.
1636 2932 1738 2965 πάλιν

156 2991 376 3029 assumptum
395 2996 435 3018 ex
455 2983 496 3017 C.

858 3048 977 3090 3G2
