1997 3361
104 187 144 229 ii.
168 188 206 239 8,
224 204 263 243 9.
563 192 633 232 IN
676 191 949 232 NAIIUM.
1011 189 1162 231 TOM.
1195 189 1231 230 Ι.
1625 187 1680 226 43

101 300 324 367 ὀνομάζει,
351 300 497 353 διάτοι
529 299 583 352 τὸ
617 300 887 369 ὑπεζεῦχθαι
923 305 997 352 καὶ
1033 302 1305 352 ὑποκεῖσθαι
1336 297 1459 364 τάχα
1487 319 1580 348 που
1607 299 1682 347 καὶ

102 384 342 450 ὑπηρετεῖν
375 386 508 452 αὐτῇ.
575 383 864 454 φθέγγεσθαι
897 384 952 435 δέ
985 388 1138 451 φησιν
1170 380 1313 435 αὐτὰς
1345 384 1402 434 ὡς
1428 377 1682 448 περιστεράς

101 467 138 517 ἐν
168 463 372 535 καρδίαις
399 466 549 529 αὐτῶν,
573 467 814 517 τουτέστιν
840 467 921 516 οὐκ
947 463 1217 533 ἀναφανδὸν
1243 462 1372 513 ἀλλὰ
1396 460 1680 525 λεληθότως.

101 547 204 601 ε”θος
242 547 326 611 μὲν
360 548 452 615 γὰρ
487 552 553 618 τῷ
588 552 750 617 πτηνῷ
780 548 904 615 βαρύ
941 571 985 598 τι
1023 549 1099 598 καὶ
1135 545 1367 613 δυσαχθὲς
1393 543 1683 609 ε’νολολύζειν

59 638 82 677 5
138 634 157 643 -

37 1205 84 1230 10

37 1678 84 1716 15

38 2095 87 2120 20

101 653 159 698 τῃ
197 631 376 700 καρδίᾳ.
443 635 538 684 τοῖς
572 631 721 696 γεμὴν
758 636 991 682 πεσοῦσιν
1029 633 1090 684 εἷς
1128 634 1283 697 χεῖρας
1320 630 1513 695 ἐχθρῶν,
1549 626 1683 675 ἑλκο-

100 712 251 776 μένοις
277 736 326 763 τε
353 712 522 764 λοιπὸν
556 717 617 766 εἷς
652 713 984 780 αἰχμαλωσίαν
1007 712 1283 775 συμβαίνειν
1307 734 1350 761 τι
1381 715 1602 770 τοιοῦτον,
1629 704 1683 758 τὸ

101 792 288 848 ἀπεικὸς
315 795 459 845 οὐδέν.
510 795 849 860 κατοιμώζουσι
875 792 968 859 γὰρ
993 793 1078 857 τὴν
1102 794 1276 843 ἑαυτῶν
1302 790 1572 859 συμφορὰν,
1599 812 1684 852 μο-

103 879 285 943 νονουχὶ
311 877 674 942 καταπνίγοντες
707 877 754 927 ε”ν
785 899 838 942 γε
874 876 930 940 δή
959 879 1133 944 σφισιν
1160 877 1313 928 αὐτοῖς
1338 873 1445 927 τοὺς
1472 873 1681 938 θρήνους,

99 958 195 1009 ἐπεὶ
220 957 285 1022 μὴ
311 959 554 1025 ἐλεύθερον
577 957 681 1009 ἐσθ’
710 958 784 1009 ὅτε
810 956 896 1009 κᾶν
920 963 1034 1023 γοῦν
1061 956 1173 1008 αὐτὸ
1199 955 1252 1008 τὸ
1276 956 1451 1007 κλαίειν
1477 956 1643 1008 αὐτοῖς.
1699 970 1721 996 0

106 1197 180 1240 Καὶ
219 1196 361 1241 Νινευῒ
397 1200 456 1240 ὡς
501 1201 773 1257 κολυμβήθρα
812 1198 966 1240 ὕδατος
1004 1200 1055 1240 τα
1100 1198 1235 1240 ὕδατα
1274 1199 1420 1248 αὐτῆς,
1460 1198 1528 1238 καὶ
1565 1198 1727 1241 αὑτοὶ8

170 1283 401 1339 φεύΓοντεο
438 1283 513 1324 οὐκ
550 1283 746 1334 ἕστΗσαν,
774 1282 843 1323 καὶ
875 1282 951 1322 οὐκ
990 1279 1039 1323 ἦν
1077 1283 1099 1323 ὁ
1137 1282 1395 1331 ἐπιβλέπων.
1457 1281 1727 1337 ὃιέιρηαςον9

168 1365 217 1408 τὸ
260 1367 473 1423 αρΓύριον,
517 1366 745 1424 διήρπαζον
788 1366 836 1408 τὸ
880 1365 1062 1422 χρυσίον,
1108 1365 1176 1406 καὶ
1219 1365 1295 1406 οὐκ
1340 1362 1389 1406 ἦν
1433 1364 1568 1421 Πέρας
1610 1369 1683 1405 τοῦ

170 1449 328 1498 κόσμου
355 1450 500 1492 αὐτῆς·
539 1451 791 1508 βεβάρυνται
818 1450 923 1506 ὑπὲρ
950 1450 1090 1491 Πάντα
1124 1448 1174 1490 τὰ
1214 1450 1342 1491 σκεύΗ
1369 1449 1420 1490 τά
1447 1448 1685 1497 ἐπιθυμΗτὰ

169 1533 314 1575 αὐτῆς.

181 1654 478 1727 Κελυμβήθρα
522 1655 606 1721 τὴν
652 1654 794 1708 Νινευῖ
830 1655 1091 1723 παρεικάζει
1132 1655 1478 1724 πεπληρωμένη
1522 1678 1570 1706 τε
1613 1658 1688 1707 καὶ

104 1738 363 1806 ἐκχεομένῃ,
409 1738 554 1790 διάτοι
593 1738 646 1790 τὸ
690 1740 925 1804 πλείστην
968 1738 1089 1803 ὅσην
1131 1738 1251 1805 ε”χειν
1292 1737 1377 1802 τὴν
1417 1739 1733 1789 ἐνοικοῦσανᾶ

104 1821 221 1888 αὐτῇ
246 1821 448 1886 πληθὺν,
469 1824 544 1872 καὶ
570 1827 664 1873 τῶν
690 1821 1057 1888 ἐπεισχεομένων
1083 1822 1228 1871 ἐθνῶν
1254 1823 1314 1873 εἷς
1342 1822 1605 1886 ἐπικουρίαν
1631 1820 1690 1871 τὰ

105 1903 397 1969 ἂναρίθμητα
422 1903 549 1969 γε’νη.
611 1904 900 1968 κατατέθηπε
929 1902 978 1954 δὲ
1003 1902 1179 1969 ὥσπερ,
1205 1903 1352 1968 η’γουν
1379 1903 1565 1966 ἄμεινον
1593 1906 1690 1953 ὡσ-

104 2007 193 2050 περ
231 1985 510 2050 ἐπιτωθοῖζει,
542 1991 638 2040 τοῖς
676 1985 949 2054 φεύγουσιν,
991 1985 1061 2036 ὅτι
1098 1985 1322 2036 πλεῖστοί
1355 2008 1404 2035 τε
1444 1984 1572 2038 ὄντες
1612 1988 1686 2036 καὶ

107 2068 305 2133 ἀριθμοῦ
350 2069 604 2132 κρείττονες
645 2067 915 2138 κατῴχοντο
959 2067 1077 2135 πρὸς
1119 2068 1306 2129 δειλίας,
1347 2068 1494 2117 καίτοι
1538 2066 1688 2117 πάλαι

106 2153 165 2216 τῇ
196 2148 478 2219 πολυάνδρῳ
514 2152 629 2217 χειρὶ
660 2151 834 2204 παντὸς
872 2150 1083 2214 πολέμου
1121 2148 1585 2216 καταθαρσήσαντες,
1614 2151 1689 2199 καὶ

108 2230 303 2300 ὑψηλὴν
328 2232 592 2298 ἐπαίροντες
626 2233 704 2283 ε’πί
738 2255 791 2298 γε
828 2233 1004 2301 σφίσιν
1039 2233 1192 2286 αὐτοῖς
1231 2230 1316 2295 τὴν
1343 2230 1509 2299 ὀφρύν.
1576 2232 1686 2280 ἀλλ’

106 2312 164 2378 ἧν
202 2314 227 2364 ὁ
261 2317 355 2364 τῶν
392 2312 518 2364 ὅλων
559 2312 692 2375 Θεὸς,
738 2314 763 2363 ὁ
807 2316 882 2365 καὶ
922 2315 1111 2367 δειλίαις
1149 2314 1301 2364 αὐτῶν
1340 2310 1727 2380 καταφορτίζωνθ

106 2394 190 2446 τὸν
226 2401 335 2446 νοῦν
365 2397 441 2446 καὶ
473 2394 790 2461 κατακομίζων
821 2399 884 2450 εἷς
922 2397 1215 2463 κακανδρίαν,
1243 2397 1317 2446 καὶ
1350 2393 1609 2461 παραλύων
1634 2393 1688 2444 τὸ

159 2590 188 2613 1.
214 2577 255 2613 δι’
273 2579 354 2613 αὐτὸ
373 2591 433 2624 pro
451 2579 557 2613 διάτοι
576 2579 622 2614 D.
789 2591 822 2621 4.
851 2579 911 2622 μὲν
928 2590 997 2612 om.
1018 2579 1064 2613 D.
1115 2578 1284 2624 δυσαχθές
1302 2578 1343 2612 Β.
1364 2577 1455 2612 Edd.
1475 2578 1622 2622 δυσηχές
1640 2578 1687 2612 D.

108 2634 143 2670 5.
169 2625 303 2671 καρδίᾳ]
324 2628 422 2660 καλιᾶ
442 2627 487 2660 D.
712 2624 744 2659 6.
771 2627 808 2658 τὸ
827 2633 1049 2669 assumptum
1067 2637 1109 2660 ex
1128 2626 1170 2659 B.
1390 2626 1423 2658 8.
1448 2639 1487 2669 γε
1507 2624 1546 2668 δή
1565 2631 1597 2658 et
1614 2624 1687 2658 ἐσθ’

108 2672 165 2706 ὅτε
182 2684 252 2706 om.
273 2673 318 2706 D.
510 2684 563 2707 10.
590 2671 727 2717 ὕδατος]
748 2672 876 2706 ὑδάτων
895 2672 985 2706 Edd.
1005 2672 1084 2715 C(0.
1090 2672 1101 2715 )
1275 2682 1326 2705 11.
1347 2671 1416 2723 ὀὐχ
1433 2671 1631 2714 ὑπέστησαν
1650 2672 1687 2705 F.

113 2730 166 2764 13.
192 2719 413 2764 βεβάρυνται]
438 2723 473 2760 -Ι-
493 2721 559 2765 γὰρ
576 2720 622 2753 D.
853 2728 905 2763 15.
931 2720 1121 2762 παρεικάζει
1138 2718 1224 2761 τὴν
1215 2717 1330 2752 Νινευῒ
1345 2718 1482 2751 inverso
1500 2718 1621 2752 ordine
1639 2719 1686 2752 D.

111 2765 268 2800 Statim
253 2781 480 2811 υπερχεομενῃ
497 2782 533 2800 τε
551 2767 603 2800 καὶ
620 2765 866 2809 πεπληρωμένη
884 2777 947 2809 pro
961 2767 1063 2799 πεπλ.
1082 2779 1117 2798 τε
1135 2780 1188 2798 και
1206 2765 1276 2809 ἐκχ.
1292 2764 1339 2798 D.
1526 2774 1579 2809 17.
1598 2773 1686 2799 επει-

110 2812 304 2857 σχεομένων
325 2813 367 2846 Β.
393 2813 617 2858 ἐπιχεομενων
635 2814 680 2847 D.
702 2812 792 2846 Edd.
867 2812 992 2845 Statim
1017 2812 1064 2847 εἷς
1088 2813 1174 2845 ἐπικ.
1201 2811 1304 2845 ἐθνῶν
1328 2810 1465 2845 inverso
1491 2811 1611 2845 ordine
1638 2812 1685 2845 D.

113 2860 166 2893 18.
193 2858 272 2904 γένη
292 2859 338 2893 D.
355 2857 432 2902 ἔθνη
452 2859 544 2895 Edd.
593 2860 628 2894 δέ
647 2864 868 2903 assumptum
885 2870 926 2892 ex
946 2858 985 2892 B.
993 2858 1039 2891 D.
1089 2859 1222 2901 ἄμεινον
1238 2869 1308 2891 om.
1328 2857 1370 2891 B.
1421 2858 1546 2891 Statim
1569 2859 1686 2901 ὥσπερ

110 2912 331 2950 assumptum
349 2918 390 2939 ex
410 2907 456 2940 D.
613 2918 665 2952 19.
690 2907 867 2951 γεγονότες
884 2916 946 2949 pro
963 2919 998 2938 τε
1016 2904 1108 2940 ὅντες
1126 2905 1172 2938 D.
1342 2915 1396 2939 20.
1423 2904 1606 2950 κατήγοντο
1624 2917 1686 2949 pro

111 2953 302 2998 κατῷχοντο
321 2952 410 2986 Edd.
460 2953 586 2989 δειλιας
604 2953 651 2988 D.
669 2953 797 2987 δειλιαν
814 2951 907 2986 Edd.
1033 2962 1088 2996 23.
1115 2948 1241 2986 δειλίας
1260 2951 1306 2986 D.
1428 2962 1482 2994 24.
1508 2952 1685 2996 ἀνανδρίαν

110 3010 173 3044 pro
191 2999 388 3044 κακανδρίαν
408 2999 453 3034 D.

861 3065 933 3095 G2
