2018 3387
84 196 123 236 ii.
151 210 211 247 11,
241 211 297 239 ιι.
462 198 532 238 IN
584 198 1016 238 MALACHIAM.
1079 198 1297 239 TOM.1.
1590 200 1669 237 585

160 306 481 370 Μεμισῆσθαί
513 311 636 373 φησι
672 305 754 356 τὸν
786 306 982 367 Ἰούδαν,
1019 308 1071 356 οὐ
1106 305 1234 371 παρά
1269 328 1353 357 του
1389 309 1483 355 τῶν
1523 307 1672 355 α’λλο-

82 392 232 452 γενῶν
282 388 426 451 ἀλλὰ,
480 390 589 454 παρ’
637 389 780 438 αὑτοῦ
829 394 912 437 τοῦ
956 388 1124 446 Ἰούδα,
1182 387 1541 447 βεβηλώσαντος
1591 387 1674 437 τὸν

80 468 237 530 νόμον,
274 469 350 519 διά
386 492 438 534 γε
474 476 556 520 τοῦ
596 469 975 535 προσκεκλίσθαι
1015 474 1173 536 φιλεῖν
1208 469 1421 537 γυναῖξιν
1461 470 1672 531 ὀθνειάις,

80 552 156 600 καὶ
187 550 245 600 τὰ
280 552 462 602 ἐκείνων
488 552 682 601 ἑλέσθαι
718 551 908 616 ζηλοῦν,
937 552 1189 615 ἀγαπῆσαί
1211 574 1259 601 τε
1286 551 1370 614 τὴν
1397 550 1672 602 ἀπόστασιν

39 646 60 682 5
80 630 165 696 τὴν
191 631 284 682 ἀπὸ
313 636 450 695 Θεοῦ,
486 634 561 683 καὶ
588 637 688 686 ταῖς
714 637 807 682 τῶν
834 632 1042 682 εἰδώλων
1065 637 1381 697 προσκεῖσθαι
1418 634 1668 698 λατρείαις.

80 713 414 779 ἀπεκομίζοντο
454 714 564 780 γὰρ,
603 717 666 768 ὡς
709 714 842 782 ἔφην,
888 713 1007 780 πρὸς
1046 713 1185 765 τοῦτό
1224 737 1343 767 τινες
1383 719 1481 768 ταῖς
1520 737 1672 780 παρα-

81 796 232 857 νόμως
267 796 679 862 συνηρμοσμέναις
715 796 944 859 ἑπόμενοι,
979 797 1053 846 καὶ
1089 801 1185 850 τοῖς
1219 797 1404 846 ἐκείνων
1432 795 1672 859 θελήμασι

79 876 235 927 πάντα
286 879 492 932 σείοντες
543 877 716 940 κάλων,
770 876 980 943 καθάπερ
1031 877 1193 940 ἀμέλει
1252 880 1327 928 καὶ
1376 879 1424 927 ἐν
1477 879 1672 927 Σαττεῖν

81 959 381 1022 συνήπτοντο
413 959 498 1023 μὲν
525 964 624 1012 ταῖς
661 962 978 1022 Μαδιανιτῶν,
1010 958 1112 1022 ἤτοι
1150 963 1425 1018 Μωαβιτῶν
1452 959 1671 1027 γυναιξὶν

16 1062 63 1086 10
82 1044 123 1092 οἱ
157 1041 214 1109 ἐξ
250 1040 492 1106 Αἰγύπτου
526 1039 884 1107 λελυτρωμένοι.
942 1041 1244 1091 κατώλισθον
1277 1040 1324 1091 δὲ
1361 1040 1479 1090 κατὰ
1513 1038 1671 1107 βραχὺ

81 1124 248 1188 ληριάς
276 1127 336 1177 εἰς
363 1129 500 1173 τοῦτο
527 1126 601 1173 καὶ
637 1123 831 1173 ἀνοσίου
866 1121 1049 1191 φρενὸς,
1078 1121 1200 1172 ὥστε
1234 1125 1308 1173 καὶ
1347 1123 1671 1186 ἐτελέσθησαν

81 1207 147 1274 τῷ
185 1206 483 1274 Βεελφεγώρ.
536 1205 706 1269 ταύτης
742 1204 874 1255 ἕνεκα
909 1207 991 1268 τῆς
1026 1206 1173 1258 αἰτίας
1206 1208 1247 1255 οἱ
1274 1204 1473 1258 τάλανες
1505 1204 1671 1254 διολώ-

82 1297 243 1339 λασιν.
308 1289 535 1353 ἐπαρᾶται
581 1286 637 1350 δὴ
683 1288 764 1337 οὖν
806 1288 831 1337 ὁ
874 1291 968 1337 τῶν
1013 1285 1140 1337 ὅλων
1187 1285 1308 1339 Θεὸς
1353 1288 1420 1337 τὶν
1465 1288 1671 1337 ποιοῦντα

82 1370 242 1432 ταῦτα,
300 1371 375 1419 καὶ
434 1373 528 1420 τῶν
578 1369 725 1423 οὕτως
784 1367 993 1419 ἐκτόπων
1048 1366 1426 1431 ἐπιτηδευμάτων
1477 1367 1672 1418 ἀνόσιον

18 1450 304 1515 ι5ἐραστήν·
364 1452 439 1501 καὶ
479 1450 606 1516 ε’ίπερ
647 1473 714 1504 τις
758 1450 825 1514 ε’ίη
866 1453 1018 1500 τελῶν
1057 1451 1105 1500 ἐν
1144 1454 1294 1511 λαοῖς,
1338 1450 1423 1503 ἕως
1466 1447 1523 1499 ἂν
1562 1450 1672 1499 ὀλο-

83 1536 255 1600 θρευθῇ
294 1533 344 1584 ἐκ
381 1532 677 1600 σκηνωμάτων
710 1531 900 1593 Ἰακὼβ,
935 1554 1192 1593 τουτεστιν,
1228 1554 1312 1585 εως
1348 1529 1404 1581 ἂν
1437 1532 1672 1584 ὁλοτελῶς

83 1613 326 1678 ἀπόλοιτο,
366 1637 440 1665 και
478 1613 564 1679 τὴν
595 1620 679 1665 τοῦ
716 1616 1001 1680 γεγενῆσθαι
1040 1611 1230 1677 μνήμην
1269 1612 1587 1709 ζημιούμενος·
1635 1616 1672 1662 εὶ

84 1695 132 1746 δὲ
168 1695 225 1760 δή
261 1719 330 1750 τις
367 1696 434 1761 εἰἠ
470 1701 564 1747 τῶν
596 1695 890 1762 τεταγμένων
915 1718 976 1748 εις
1010 1696 1284 1760 ἱερουργίαν,
1312 1694 1390 1748 ἕως
1427 1693 1485 1743 ἂν
1510 1717 1672 1744 ταπει-

85 1777 182 1850 νωθῇ
224 1779 274 1829 ἐκ
320 1801 630 1845 προσαγοντων
668 1777 816 1829 θυσίαν
857 1779 995 1846 Κυρίῳ
1040 1775 1370 1843 παντοκράτορι,
1407 1797 1666 1837 τουτεστιν,

17 1887 65 1912 20
85 1861 220 1926 ἄχρις
269 1859 326 1910 ἂν
370 1860 596 1911 ἀπόλοιτο
647 1862 722 1910 καὶ
772 1863 867 1909 τῶν
916 1861 1156 1923 ἱερατικῶν
1201 1857 1481 1921 ε’κπέμποιτο
1529 1880 1667 1907 κατα-

84 1940 256 2007 λόγων.
310 1941 710 2007 συγκατώλισθον
735 1939 830 2007 γὰρ
864 1945 959 1992 τοῖς
995 1939 1176 2002 ἄλλοις,
1205 1941 1266 1992 ὡς
1298 1939 1430 2008 ἔφην,
1467 1941 1541 1989 καὶ
1577 1944 1672 1990 τῶν

85 2023 240 2088 ἱερέων
285 2022 402 2076 τινὲς
452 2026 515 2077 εἷς
564 2022 623 2074 τὰ
672 2027 767 2073 τῶν
818 2026 950 2073 λαῶν
1001 2020 1290 2086 ἐγκλήματα,
1342 2022 1418 2070 καὶ
1467 2021 1672 2085 γυναίων

84 2104 273 2155 ὀθνείων
298 2106 521 2168 ἡττῶντο,
548 2109 641 2155 τῶν
669 2105 804 2156 θείων
830 2107 1063 2170 χρησμῶν
1088 2101 1292 2154 εἶσάπαν
1318 2101 1633 2169 ἠφειδηκότες.

159 2187 348 2238 Οὐκοῦν
386 2191 424 2237 εὶ
461 2185 691 2252 ἐπάρατος
731 2187 755 2236 ὁ
794 2184 1100 2251 παροτρύνων
1133 2183 1271 2247 Θεὸν,
1313 2185 1387 2234 καὶ
1426 2188 1520 2236 τοῖς
1559 2186 1667 2250 παρ’

17 2290 65 2328 25
85 2269 226 2318 αὐτοῦ
276 2269 607 2332 θεσπίσμασιν
657 2267 929 2336 ἀντεξάγειν
979 2268 1221 2334 ἐπιχειρῶν
1269 2265 1352 2319 τὰς
1404 2267 1452 2316 ἐν
1504 2265 1671 2336 κόσμῳ

84 2349 283 2418 τρυφὰς,
335 2350 670 2416 παραιτώμεθα
720 2349 807 2414 τὴν
855 2349 988 2416 ἀρὰν,
1034 2351 1109 2400 καὶ
1163 2348 1305 2414 λόγος
1356 2347 1440 2412 μὲν
1490 2349 1672 2399 ἐκείνων

136 2546 166 2568 1.
192 2534 282 2579 παρά
300 2532 375 2579 του]
396 2532 472 2579 παρ’
492 2533 607 2578 ἐτέρου
624 2536 683 2568 τοῦ
704 2533 779 2579 [του
798 2532 950 2579 Migne.]
974 2533 1065 2568 Edd.
1256 2544 1287 2567 2.
1313 2532 1390 2566 ἀλλ’
1412 2532 1491 2574 (sic)
1513 2533 1572 2567 iid.
1592 2540 1672 2568 ante

87 2581 223 2625 Migne.
355 2592 387 2625 3.
414 2583 570 2626 γυναῖκας
587 2580 717 2616 ὀθνείας
734 2580 793 2614 11(1.
929 2594 963 2623 4.
989 2580 1128 2615 ἑλέσθαι
1146 2591 1216 2614 om.
1238 2580 1279 2613 B.
1341 2579 1467 2613 Statim
1486 2581 1594 2623 ζητεῖν
1610 2580 1672 2615 iid.

85 2636 117 2672 5.
144 2627 227 2672 ἀπὸ]
246 2631 283 2668 -Ι-
300 2629 359 2661 τοῦ
377 2627 435 2661 1111.
531 2628 564 2661 8.
587 2628 724 2662 σαττεὶν
738 2627 840 2661 Pont.
857 2627 915 2671 (A.
919 2627 981 2672 V.)
997 2627 1039 2661 de
1053 2627 1121 2661 Ad.
1136 2638 1202 2672 492
1215 2626 1247 2660 d.
1266 2626 1425 2671 [σαττεὶμ
1438 2626 1474 2659 in
1489 2626 1549 2661 ΕΞ.
1565 2628 1671 2669 2483.

86 2686 116 2708 c.
135 2674 209 2708 Jul.
228 2674 288 2708 lib.
301 2687 335 2708 v.
358 2674 420 2715 164
433 2672 486 2718 b.]
507 2674 639 2708 σεττεὶν
657 2673 750 2708 Aub.
769 2674 907 2718 σαττίνῃ
928 2674 970 2709 Β.
988 2675 1094 2719 σατὶμ
1112 2685 1218 2719 supra
1238 2684 1251 2706 1
1261 2682 1343 2717 79e.
1513 2684 1565 2707 11.
1592 2673 1670 2707 ἀνο-

87 2721 164 2755 σίας
182 2720 274 2755 Edd.
339 2721 541 2764 τελεσθῆναι
559 2720 773 2765 (τελευθῆναι
792 2720 893 2754 Pont.
899 2720 915 2765 )
933 2721 993 2755 iid.
1168 2732 1220 2762 14.
1246 2719 1550 2762 ἐπιτηδευμάτων’
1531 2722 1671 2754 ανόσιον

88 2766 264 2812 ἔρειο-τῆν’]
286 2767 536 2812 ἐγχειρημάτων
552 2767 697 2803 ἀνοσίως
714 2767 940 2810 ἐπιτηδευτὴν·
959 2766 1018 2801 iid.
1213 2767 1264 2800 16.
1290 2764 1428 2810 Ἰακὼβ]
1448 2764 1590 2809 Ἰσραὴλ
1609 2766 1670 2800 11(1.

94 2823 145 2857 17.
171 2813 359 2847 ἀπόλλοιτο
376 2814 435 2847 11(1.
612 2814 664 2847 18.
691 2814 897 2858 ἶερουργείαν
916 2814 996 2858 (Sic)
1014 2813 1073 2847 iid.
1249 2823 1299 2857 19.
1325 2811 1463 2856 Omana]
1488 2816 1524 2852 -Ι-
1546 2814 1592 2858 τῷ
1610 2811 1670 2847 116.

89 2860 198 2893 invito
218 2860 258 2894 B.
277 2859 417 2904 (Alex.)
436 2859 479 2893 cf.
497 2859 587 2893 infra
604 2860 671 2903 844
684 2859 718 2894 d.
738 2861 803 2904 847
817 2860 851 2894 b.
1028 2870 1082 2893 20.
1109 2858 1296 2892 ἀπόλλοιτο
1313 2857 1372 2892 iid.
1544 2847 1599 2893 21.
1627 2860 1671 2894 ὡς

90 2906 177 2950 ἔφην
195 2912 273 2950 post
289 2907 374 2941 τινὲς
391 2905 901 2950 ῑι·ε1118ρ.11(1.22.τῶν
917 2912 1091 2950 assumpt·
1091 2917 1138 2939 .m
1157 2917 1197 2939 ex
1218 2905 1259 2939 Β.
1405 2915 1460 2950 23.
1487 2904 1668 2950 χρησμῶν]

91 2952 393 3009 χρησμῳδημάτων
409 2952 468 2986 iid.
595 2963 648 2995 24.
675 2952 908 2998 ἐπαροτρύνων
926 2952 1014 2997 (Sic)
1034 2952 1092 2988 iid.
1111 2958 1189 2986 ante
1209 2951 1341 2997 Migne.
1468 2952 1523 2986 26.
1549 2966 1670 2996 παραι-

92 2999 223 3042 τώμεθα
241 2999 300 3041 τὴν
317 2998 416 3044 ἀρὰν]
437 2999 480 3043 μὴ
500 3000 734 3045 παραιτώμεθα
752 3000 810 3044 τὴν
827 3000 946 3043 ἀρέτην
963 3000 1022 3034 11(1.

149 3065 242 3095 vol..
264 3066 312 3095 11.
864 3068 933 3105 4f

1691 559 1715 598 b

1733 892 1835 923 Num.

1734 946 1808 966 XXV.
1831 944 1856 966 1.

1733 1134 1783 1164 ΙΙ).
1803 1144 1832 1173 3.

1690 1220 1710 1245 C
1733 1218 1783 1249 ΙΙ).
1796 1227 1813 1259 5
1822 1230 1896 1261 sqq.

1690 1867 1717 1907 d
