2049 3366
98 218 323 242 VENJ·}1‹'1(:1A.

151 329 357 364 Samarium
418 329 707 377 oppugnandam
769 329 852 364 mit-

149 399 232 429 tunt

150 461 224 494 284
248 472 278 494 a.

92 522 226 570 Tyrus,
238 523 336 565 urbs,
348 524 577 560 idololatriac
592 523 717 559 dedita
731 525 805 558 368
817 535 852 565 a;

318 394 616 430 latrunculorum
703 406 852 430 manuni

147 587 263 622 instar
292 587 432 624 insulae
459 589 680 624 describitur
708 589 783 623 526
810 599 851 631 c;

146 651 286 687 viribus
315 652 391 687 suis
420 658 457 689 et
484 653 621 688 divitiis
648 652 851 696 confidens,

145 715 260 751 exitio
289 716 493 753 devovetur
514 720 585 754 731
611 730 631 753 a
647 717 691 763 b;
732 716 851 752 inimi-

147 793 276 816 corum
298 781 366 818 Dci
387 787 498 830 typus
521 786 591 819 731
618 782 654 818 d.

455 965 490 1000 U

97 1038 321 1080 Πιυιηκτυε,
348 1040 495 1076 urbiuni
526 1046 716 1087 captarum
747 1052 850 1087 prae-

146 1103 267 1139 dictus
290 1106 365 1140 587
387 1117 430 1145 a;
471 1105 616 1146 Libani,
639 1118 705 1153 pro
726 1104 849 1153 populi

147 1167 321 1204 lamentis
341 1169 482 1205 dictum
506 1172 581 1206 756
603 1183 632 1205 a.

95 1231 237 1268 Umbra
266 1233 334 1269 i.e.
365 1246 451 1276 nox,
480 1234 750 1270 demonstratio
779 1233 850 1269 Dei
884 1233 885 1241 ¹

148 1299 224 1333 300
246 1310 277 1333 c.

94 1361 299 1408 Unguenta
346 1364 382 1399 in
425 1363 624 1400 luxuriosis
663 1363 850 1399 Samariae

145 1427 322 1464 conviviis
342 1429 479 1464 usitata
500 1431 576 1465 316
598 1428 631 1464 b.

93 1490 255 1537 Ungula,
285 1493 437 1540 juvenci
470 1493 693 1533 triturantis,
726 1492 849 1527 Divini

147 1556 288 1593 Judicii
309 1558 521 1605 symbolum
544 1560 620 1594 433
641 1557 676 1593 b.

94 1622 239 1664 Unitas,
275 1622 478 1669 primorum
514 1621 779 1669 discipulorum
813 1626 850 1656 et

145 1686 345 1723 concordia
372 1687 544 1723 laudatur
573 1689 650 1723 624
681 1699 722 1727 c;
766 1685 850 1727 Dei,

146 1751 193 1786 ad
213 1751 394 1787 unitatem
414 1756 523 1788 vocat
544 1753 617 1787 841
643 1763 662 1786 c
679 1751 713 1786 d.

94 1816 212 1861 Unus,
240 1815 358 1857 Deus,
384 1820 422 1851 et
448 1820 518 1858 est,
540 1821 578 1852 et
604 1826 750 1861 semper
770 1814 850 1859 fuit,
884 1801 885 1810 ἵ

146 1885 184 1916 et
250 1880 296 1915 ad
361 1880 474 1916 finem
535 1879 851 1915 demonstrabitur
883 1870 885 1886 ι

146 1947 223 1980 804
245 1944 268 1979 b
284 1956 316 1980 c.

307 2008 469 2044 volucris
543 2006 849 2053 immundissima,

96 2010 240 2056 Upupa,

147 2071 377 2108 idololatriae
397 2078 510 2121 typus
531 2074 608 2108 699
629 2085 660 2108 e.

94 2139 229 2179 Ursus,
258 2138 496 2185 Assyriorum
524 2136 701 2172 saevitiae
730 2137 851 2184 figura

151 2205 224 2239 184
246 2215 286 2247 c;
320 2202 572 2250 metaphorice
601 2214 668 2250 pro
697 2201 850 2237 Judicio

147 2267 284 2302 Divino
307 2269 382 2304 306
404 2279 434 2303 c,

99 2332 191 2373 Uva,
210 2337 292 2379 post
308 2332 532 2367 vindemiam
552 2331 683 2374 latens,
702 2331 849 2367 Israelis

147 2397 271 2432 afflicti
305 2402 416 2445 typus
451 2399 526 2432 454
557 2409 600 2441 a3
640 2409 734 2444 quae
763 2408 847 2444 pos-

147 2461 263 2497 terius
308 2461 486 2502 nascitur,
527 2461 647 2509 magis
688 2474 709 2497 a
751 2460 849 2497 foliis

145 2526 355 2562 occultatur
394 2528 470 2562 454
502 2526 550 2570 b;

146 2591 342 2631 exhausta,
382 2590 498 2626 menti
535 2591 672 2626 virtute
711 2602 848 2626 vacuae

147 2661 383 2703 comparatur
405 2657 481 2691 624
504 2668 525 2690 a
540 2655 575 2691 b.

95 2721 212 2761 Uvae,
233 2732 320 2756 cum
349 2719 542 2768 placentis,
564 2719 672 2755 idolis
702 2718 847 2756 oblatae

147 2788 196 2822 59
219 2798 240 2821 a
254 2785 292 2821 b.

94 2850 212 2894 Uxor,
233 2849 477 2891 Testamenti,
498 2853 535 2884 et
555 2848 714 2885 foederis
734 2849 846 2896 parti-

146 2926 232 2961 ceps
260 2919 317 2950 est
347 2915 423 2949 845
445 2925 485 2957 e;
526 2913 675 2960 spiritus
697 2913 763 2950 viri
792 2914 849 2951 sui

146 2978 320 3025 reliquiae
341 2977 474 3014 dicitur
497 2979 571 3015 846
594 2990 626 3015 a.

208 3052 300 3082 VOL.
324 3053 371 3081 ΙΙ.

599 2538 775 2573 expressa
812 2530 849 2561 et

637 206 847 242 INDEX
912 207 1151 242 RERUM.

1609 213 1625 243 7
1635 213 1654 243 Γ)
1663 214 1682 244 3

1290 329 1319 363 V

929 392 1074 434 VAccA,
1099 392 1190 435 rufa,
1213 393 1450 429 immaculata
1468 407 1534 441 pro
1556 406 1683 441 pccca-

979 456 1026 492 tis
1051 457 1176 493 oblata
1198 460 1245 493 72
1264 457 1309 501 b;
1338 464 1463 494 oestro
1485 458 1684 502 stimulata,

981 521 1128 557 Israelis
1166 522 1201 557 in
1243 535 1419 570 praeceps
1459 523 1530 558 acti
1574 528 1685 571 typus

979 589 1029 622 80
1051 600 1083 622 a.

926 650 1016 691 Vae,
1065 651 1247 698 particula
1293 651 1538 699 exprobandi,
1588 651 1686 698 apud

977 714 1062 750 Sac.
1099 715 1179 752 Scr.
1212 721 1314 752 recto
1349 716 1449 752 casui
1485 715 1684 763 apponitur

978 782 1053 816 314
1076 792 1107 815 c.

924 843 1060 885 Valles,
1079 844 1124 880 de
1142 844 1228 880 viris
1250 844 1452 880 humilibus
1472 850 1509 880 et
1530 844 1686 891 abjectis

975 910 1117 946 dictum
1139 914 1213 947 39³1
1237 911 1280 956 d;
1312 911 1400 947 item
1427 911 1472 946 dc
1493 910 1683 946 daemoni-

975 975 1045 1010 bus
1081 975 1272 1011 vilioribus
1314 978 1389 1011 395
1426 975 1470 1019 b;
1520 975 1684 1023 hymnos

975 1039 1153 1082 dicentes,
1167 1041 1407 1088 spiritualiter
1420 1040 1465 1075 de
1482 1039 1684 1075 humilibus

975 1104 1114 1139 dictum
1132 1107 1208 1141 558
1225 1105 1268 1150 d;
1292 1105 1534 1145 obturandae,
1549 1117 1683 1151 nempe

975 1168 1121 1205 Montis
1138 1170 1341 1210 Olivarum,
1361 1169 1448 1217 quid
1469 1169 1682 1217 significent

978 1236 1051 1269 798
1074 1247 1106 1270 c.

924 1296 1039 1332 Vallis
1088 1298 1226 1339 Achor.

976 1363 1024 1396 47
1046 1375 1087 1406 c;
1120 1365 1168 1398 48
1191 1376 1222 1398 a.

1277 1298 1382 1334 vallis
1434 1298 1681 1346 pcrvcrsionis

883 1437 885 1451 ¹
922 1424 1037 1460 Vallis
1057 1426 1216 1470 chrcel,
1243 1427 1329 1474 quid
1351 1427 1438 1462 velit
1461 1430 1508 1463 22
1531 1427 1567 1462 (l.

922 1489 1039 1524 Vallis
1055 1491 1252 1538 Josaphat,
1271 1504 1344 1539 quo
1364 1491 1447 1527 loco
1464 1491 1545 1534 sita,
1565 1491 1682 1538 qualis

977 1554 1088 1591 fuerit
1127 1558 1203 1592 233
1239 1556 1325 1601 de;
1371 1555 1492 1591 Divini
1527 1556 1681 1597 Judieii,

973 1633 1061 1661 non,
1083 1626 1124 1656 ut
1146 1621 1294 1668 quidam
1320 1620 1458 1661 ferunt,
1481 1620 1603 1656 futura
1623 1625 1679 1656 est

975 1687 1050 1720 234
1073 1696 1104 1720 e.

922 1748 1039 1784 Vallis
1059 1748 1210 1790 Judieii,
1233 1762 1327 1796 quac
1349 1750 1407 1791 sit,
1431 1762 1543 1797 quare
1562 1754 1678 1785 certa-

974 1813 1083 1848 minis
1121 1813 1226 1849 locus
1264 1814 1470 1861 appelletur
1509 1816 1585 1851 239
1625 1814 1647 1849 d
1667 1827 1677 1860 3

975 1880 1052 1914 240
1075 1890 1108 1914 e.

921 1942 1031 1984 Vasa,
1063 1942 1333 1985 desiderabilia,
1366 1944 1389 1978 i.
1408 1955 1438 1979 e.
1473 1943 1679 1985 Mortisde

973 2007 1159 2055 malignis,
1218 2013 1281 2043 aut
1337 2008 1562 2051 hominibus,
1615 2014 1679 2044 aut

972 2072 1217 2108 daemonibus
1239 2073 1379 2108 dictum
1405 2076 1477 2109 189
1495 2086 1535 2118 c;
1566 2086 1678 2110 aurea

972 2142 1009 2172 et
1064 2136 1183 2172 electa
1238 2137 1319 2178 Dei,

971 2202 1153 2242 exornati,
1189 2208 1226 2238 et
1264 2202 1401 2250 pietate
1438 2209 1677 2239 coruscantes

973 2269 1047 2304 237
1076 2280 1116 2313 a;

974 2332 1152 2380 preciosa,
1180 2333 1217 2368 in
1246 2333 1412 2369 Ecclesia
1433 2334 1509 2369 813
1531 2346 1571 2379 e;
1604 2347 1677 2381 qua

1380 2137 1551 2173 homines
1603 2138 1676 2173 fide

1167 2268 1336 2316 mystica,
1376 2269 1600 2310 veneranda,
1641 2274 1679 2304 et

971 2399 1151 2447 religione
1172 2398 1245 2434 sint
1265 2403 1423 2440 servata,
1440 2404 1477 2434 et
1493 2399 1676 2434 servanda

973 2467 1049 2500 814
1071 2477 1104 2499 a.

918 2528 1036 2564 Vates
1082 2526 1175 2571 falsi,
1215 2526 1336 2562 furere
1374 2539 1413 2562 se
1451 2527 1677 2563 simulabant

975 2595 1044 2630 131
1069 2592 1106 2628 d.
1153 2591 1267 2638 [Vide
1290 2591 1672 2639 Pseudoprophetae.]

917 2657 1090 2698 Venatio,
1114 2669 1180 2704 pro
1200 2656 1328 2704 rapina
1349 2656 1486 2692 dictum
1511 2659 1586 2693 505
1610 2658 1643 2692 b.

917 2721 1130 2762 veneficae,
1147 2721 1287 2768 judicio
1303 2721 1420 2756 veloci
1441 2721 1674 2758 devoventur

971 2788 1046 2822 855
1063 2785 1086 2821 d
1099 2798 1134 2831 e;
1163 2785 1391 2833 garrulitatis
1405 2786 1674 2823 condemnatae

972 2852 1048 2887 856
1070 2863 1102 2887 e.

917 2916 1120 2958 veneficia,
1155 2915 1387 2955 Judaeorum
1427 2918 1674 2956 condemnata

973 2983 1047 3019 443
1070 2981 1102 3017 b.

1141 3057 1165 3097 5
1189 3057 1214 3084 D
