2049 3366
663 219 871 255 INDEX

118 229 331 254 HAERETlcl
341 247 346 253 .

171 338 247 372 244
271 349 290 372 a
309 349 317 381 ;
349 342 413 373 aut
434 337 531 379 data,
553 344 616 374 aut
640 345 788 386 negata,
811 351 876 386 per

168 400 331 448 pluviam
363 402 585 438 describitur
616 406 691 439 292
723 416 742 439 c
769 404 818 449 d;
855 416 875 439 a

168 465 323 501 Judaeis
338 466 539 502 fidentibus
557 480 629 503 non
645 468 875 515 desperanda

171 532 246 566 297
290 544 309 566 c
333 543 343 576 3
394 531 589 579 unicuique
633 532 678 568 ad
724 533 873 568 modum

170 607 282 630 suum
331 601 367 631 et
416 609 628 632 mensuram
677 597 875 633 distributa

172 662 246 695 352
265 660 287 695 d
305 673 314 705 5
346 661 390 696 ad
411 661 505 696 bene
526 661 726 697 vivendum
747 674 873 697 ncces-

171 724 267 760 saria
288 728 364 760 400
382 738 426 770 a3
456 726 680 774 Adoptionis
701 732 736 762 et
758 726 873 762 Sanc-

169 788 384 825 tificationis
422 791 590 837 praevisa
625 804 646 826 a
682 791 876 838 Prophetis

172 856 248 890 549
288 855 340 899 b,

171 919 305 954 unicus
331 922 407 955 613
429 920 477 965 d,
514 933 623 967 quam
645 921 878 956 abundanter

171 983 360 1019 Ecclesiae
378 985 516 1020 Christi
538 985 585 1020 sit
605 986 721 1020 effusa
737 988 813 1021 620
830 998 849 1021 e
866 998 875 1031 3

172 1050 245 1084 621
267 1062 288 1084 a
303 1062 347 1093 e,
379 1049 462 1085 fons
484 1049 604 1085 omnis
624 1050 711 1086 boni
733 1052 808 1086 637
827 1050 875 1095 d3

171 1112 367 1161 Evangelii
408 1115 541 1161 gratia,
581 1115 724 1163 gratiae
762 1115 876 1163 Legis

171 1190 247 1213 non
277 1178 429 1214 inferior
459 1181 534 1215 688
564 1179 650 1225 ab3
691 1192 802 1227 quam
829 1179 876 1215 sit

171 1243 209 1278 in
241 1243 407 1279 Ecclesia
431 1244 624 1280 abundans
654 1246 730 1281 693
756 1245 801 1289 b;
841 1250 878 1280 et

389 855 566 891 bonitatis
605 861 754 891 nostrae
791 855 876 891 fons

170 1308 325 1344 Judaeis
345 1314 382 1344 et
398 1309 569 1344 Ethnicis
591 1309 669 1356 pari
683 1309 766 1357 lege
787 1322 876 1344 con-

171 1373 317 1408 ceditur
348 1375 423 1409 693
446 1386 485 1418 e;
525 1374 645 1409 omnis
676 1373 877 1421 sapientiae

172 1438 256 1473 fons
296 1439 424 1474 unicus
466 1442 541 1474 744
580 1439 603 1474 d
638 1452 657 1475 e
678 1453 687 1485 ;
736 1452 757 1475 a
795 1438 877 1475 Deo

172 1503 385 1550 petentibus
406 1503 514 1539 datur
537 1506 611 1540 745
634 1517 663 1540 a.

120 1568 284 1611 Gratiae,
307 1569 474 1616 agendae
500 1569 594 1611 Deo,
617 1582 700 1605 cum
726 1570 876 1618 gaudio,

171 1633 209 1668 in
240 1634 366 1681 quavis
395 1634 548 1670 fortuna
575 1636 647 1670 143
671 1635 715 1679 d;
747 1635 879 1683 optimi

172 1698 316 1734 fructus
336 1698 488 1746 linguae
513 1701 583 1735 191
608 1712 640 1735 c.

119 1763 269 1799 Gratias
311 1763 455 1799 debitas
494 1764 577 1800 Deo
623 1764 877 1805 reddentibus,

173 1827 325 1863 omnino
345 1828 542 1864 benedicet
556 1829 726 1876 bonaque
746 1829 879 1877 largie-

173 1898 234 1927 tur
254 1893 345 1928 Ille:
384 1905 535 1928 manum
558 1893 877 1939 contrahentibus,

173 1969 242 1992 nec
264 1957 349 2004 Ipse
370 1957 542 1993 alacriter
563 1958 664 1993 dabit
687 1960 762 1994 859
785 1958 820 1993 d.

121 2022 278 2070 GregeS‚
300 2022 337 2057 in
361 2022 519 2058 urbibus
548 2028 756 2070 pascentes,
779 2023 879 2059 exitii

173 2094 284 2136 typus
306 2089 381 2124 603
404 2100 436 2123 a.

481 2206 517 2241 H

121 2281 273 2323 HADES,
344 2282 382 2317 in
454 2281 607 2318 Christo
677 2282 880 2318 transfixus

180 2349 252 2383 187
281 2359 314 2383 e.

121 2411 323 2452 Haeretici,
340 2411 480 2447 Divina
494 2411 674 2447 beneficia
690 2411 880 2447 daemoni-

174 2476 243 2511 bus
276 2476 467 2511 ascribunt
496 2478 544 2512 39
571 2476 615 2521 b;
650 2476 880 2512 idololatriae

175 2540 336 2576 convicti
361 2543 434 2576 124
451 2541 496 2586 b;
529 2540 689 2576 Satanae
709 2541 881 2576 tradendi

179 2607 253 2642 130
275 2617 315 2650 e;
352 2618 373 2640 a
398 2605 485 2641 feris
509 2618 641 2653 parum
668 2605 881 2652 discrepant

179 2672 252 2706 133
288 2682 328 2715 c;

175 2734 306 2770 Israeli
323 2734 462 2771 vitulus
479 2747 612 2770 aureus
633 2737 705 2770 147
721 2734 766 2780 b;
797 2734 879 2775 sibi,

175 2811 251 2834 non
278 2798 374 2840 Deo,
400 2798 586 2834 seminant
613 2800 686 2834 152
708 2811 750 2840 e;
786 2810 879 2846 quae

176 2869 307 2900 serunt
327 2863 531 2904 mendacia,
548 2876 624 2899 non
647 2869 733 2899 sunt
752 2868 877 2899 tacen-

177 2928 224 2964 da
254 2931 328 2965 154
356 2929 401 2973 b;
441 2928 610 2969 locustis,
637 2927 709 2964 Dei
734 2927 878 2963 vineam

176 2992 422 3037 vastantibus,
467 2992 671 3040 comparati
719 2995 795 3029 204
836 3004 879 3037 c;

373 2669 563 2705 Ecclesiae
597 2676 747 2711 nocent,
784 2670 880 2705 sicut

933 220 963 255 R
978 220 1008 255 E
1024 220 1056 255 R
1073 220 1104 256 U
1120 220 1176 256 M.
1628 223 1703 256 683

1000 338 1082 374 Deo
1110 338 1216 374 invisi
1247 341 1322 375 204
1350 339 1395 383 d;
1432 351 1580 374 erucam
1608 351 1701 374 non-

997 404 1087 439 nulli
1118 403 1273 452 profanc
1303 403 1455 439 Christo
1487 409 1706 451 comparant

1000 471 1075 504 226
1116 481 1160 513 a;

998 533 1203 581 comparati
1226 536 1301 569 236
1323 546 1363 578 c;
1397 533 1618 569 Christianis
1639 546 1706 568 no-

1210 481 1401 503 servorum
1437 468 1706 504 mercatoribus

999 603 1126 633 centes
1141 598 1293 633 Christo
1314 604 1449 633 nocent
1470 600 1545 633 237
1562 598 1606 642 b;
1637 597 1704 632 sibi

999 662 1170 703 fidentes,
1193 663 1284 697 alios
1312 675 1333 697 a
1354 663 1510 698 veritate
1531 667 1707 698 avertunt

1000 729 1076 762 237
1099 740 1139 771 c;
1172 727 1268 762 inter
1295 727 1497 762 daemonas
1522 727 1705 762 numerati

1001 794 1075 827 244
1093 804 1132 835 e;
1162 804 1234 826 non
1253 797 1361 827 erunt
1378 791 1549 839 impuniti
1569 794 1644 827 245
1663 803 1705 837 a;

1001 856 1207 895 Samaritis,
1256 856 1496 892 aedificantes
1540 856 1707 891 Judaeos

1000 921 1301 968 impedientibus,
1330 921 1536 968 comparati
1567 923 1643 956 235
1665 933 1706 965 c;

1000 985 1087 1021 item
1120 984 1351 1021 Ammonitis
1381 985 1539 1021 feminas
1571 985 1707 1020 dissec-

999 1050 1149 1086 antibus
1185 1052 1260 1086 263
1293 1063 1334 1095 a;
1380 1050 1477 1085 viam
1510 1049 1706 1085 humilium

1001 1115 1227 1162 detorquent
1255 1117 1329 1151 267
1359 1114 1406 1159 (1;
1445 1114 1536 1150 nihil
1569 1114 1708 1150 habent

1000 1180 1078 1215 sani
1101 1182 1176 1216 267
1194 1192 1235 1224 e;
1262 1179 1441 1215 adversus
1459 1179 1707 1227 Unigenitum

1001 1245 1246 1288 mentiuntur,
1269 1244 1361 1279 odor
1386 1249 1473 1279 sunt
1494 1243 1708 1279 Beelzebub

1003 1312 1077 1345 307
1101 1309 1145 1354 (l;
1177 1315 1329 1357 propter
1349 1308 1536 1349 fiduciam,
1558 1314 1594 1343 et
1619 1321 1707 1344 con-

1001 1374 1248 1421 temptionem
1271 1374 1471 1414 Ecclesiae,
1492 1372 1709 1420 reprehensi

1003 1441 1075 1475 311
1094 1452 1135 1484 e;
1165 1438 1332 1474 nonnulli
1351 1438 1517 1474 Graecos
1535 1438 1709 1473 doctores

1003 1503 1226 1540 Christianis
1261 1503 1519 1538 anteferebant
1555 1504 1630 1539 313
1667 1515 1707 1546 c;

1002 1569 1192 1605 doctrinas
1214 1568 1339 1604 Sacris
1367 1567 1603 1615 angustiores
1629 1579 1709 1602 am-

1003 1635 1114 1670 abant
1151 1636 1226 1671 313
1262 1646 1310 1677 e;
1361 1632 1476 1668 solem
1516 1631 1708 1671 amittunt,

1004 1699 1198 1734 veritatem
1242 1698 1486 1733 obscurantes
1531 1698 1606 1733 419
1655 1695 1707 1740 d;

1003 1763 1173 1798 doctrina
1209 1762 1375 1798 veritatis
1417 1774 1492 1796 non
1538 1759 1708 1800 saturati,

1002 1828 1100 1863 fame
1125 1827 1304 1874 spirituali
1326 1832 1508 1862 vexantur
1530 1828 1604 1861 453
1627 1838 1646 1861 c
1662 1825 1707 1869 d;

1002 1892 1141 1927 inimici
1188 1891 1300 1939 pacis,
1344 1903 1476 1939 pacem
1517 1890 1710 1938 privantur

1005 1960 1079 1993 458
1102 1957 1146 2002 b;
1179 1956 1357 1992 Divinam
1383 1956 1564 1992 ultionem
1591 1954 1708 1990 senti-

1003 2028 1066 2057 ent
1094 2024 1170 2058 459
1192 2034 1234 2067 a;
1271 2021 1308 2056 in
1336 2021 1471 2056 fratres
1500 2025 1708 2067 peccantes,

1003 2086 1040 2121 in
1057 2087 1251 2123 Christum
1268 2092 1425 2134 peccant
1442 2087 1518 2122 459
1532 2086 1576 2130 b;
1604 2097 1710 2120 sanc-

1003 2151 1051 2187 tis
1071 2151 1323 2192 adversantes,
1345 2151 1391 2187 ab
1412 2151 1455 2186 iis
1482 2150 1707 2186 conculcan-

1003 2222 1064 2252 tur
1091 2218 1167 2252 463
1193 2228 1233 2262 e;
1270 2216 1306 2251 in
1336 2215 1515 2251 divisione
1544 2214 1708 2255 urbium,

1003 2281 1192 2330 praedicta
1221 2293 1242 2316 a
1269 2280 1456 2321 Michaea,
1486 2279 1708 2328 praedicun-

1002 2352 1064 2382 tur
1085 2348 1160 2382 466
1182 2358 1222 2390 c;
1257 2357 1384 2381 amore
1413 2343 1642 2385 dominandi,
1672 2349 1710 2379 et

1004 2410 1189 2459 superbia,
1220 2422 1300 2446 sese
1331 2409 1518 2446 extollunt
1551 2410 1627 2444 539
1659 2407 1708 2453 (1;

1004 2474 1207 2522 discipulos
1227 2487 1314 2509 suos
1334 2486 1450 2522 pravo
1467 2473 1602 2510 erroris
1622 2473 1709 2508 vino

1003 2540 1126 2576 ebrios
1191 2539 1379 2579 facientes,
1444 2537 1711 2586 praedicuntur

1005 2607 1081 2641 543
1108 2604 1151 2649 d;
1190 2604 1273 2639 Filii
1300 2603 1489 2639 Deitatem
1514 2607 1709 2651 neganteS‚

1004 2668 1235 2704 idololatriae
1262 2667 1423 2704 convicti
1450 2669 1525 2705 592
1548 2679 1589 2712 e3
1622 2667 1711 2703 feris

1004 2732 1238 2780 rugientibus
1272 2738 1309 2768 et
1342 2731 1572 2780 rapientibus
1606 2743 1711 2767 com·

1004 2802 1182 2845 parantur
1219 2799 1295 2833 607
1330 2797 1378 2842 b;
1427 2809 1448 2832 a
1479 2796 1713 2833 ,Iudaeorum

1003 2861 1133 2897 vicinis
1161 2860 1405 2909 praefigurati
1426 2863 1502 2898 733
1523 2861 1568 2907 b;
1598 2860 1710 2897 muli-

1004 2938 1085 2962 eres
1119 2925 1266 2961 illicitas
1301 2925 1524 2963 ducentibus
1558 2937 1710 2974 compa-

1003 2996 1138 3028 rantur
1160 2992 1236 3026 847
1258 2990 1281 3027 b
1298 3003 1331 3026 c.

1138 3063 1253 3101 4s2
