2018 3391
387 166 469 206 192
783 169 832 208 Β.
877 168 1151 209 CYRILLI
1203 169 1589 210 ALEXANDR.
1859 167 1963 221 ii·3-

381 272 500 340 πρὸς
526 276 682 327 αὐτόν.
751 276 912 343 ὥσπερ
950 276 1044 343 γὰρ
1077 276 1243 331 αὐτοὺς
1276 278 1545 341 ἀποστῆναί
1579 281 1749 346 φαμεν,
1775 277 1849 326 καὶ
1875 277 1963 324 ἀλ-

379 358 593 423 λοτρίους
635 358 869 423 γενέσθαι,
909 358 1277 427 λελατρευκότας
1319 361 1540 423 εἰδώλοις,
1576 360 1651 410 καὶ
1695 363 1791 412 τοῖς
1834 359 1961 411 ἰδίοις

377 438 579 490 πάθεσιν
623 439 865 494 ἐπιδόντας
915 440 997 493 τὸν
1039 448 1163 493 νοῦν·
1221 444 1340 493 οὕτω
1391 442 1538 494 πάλιν
1582 441 1747 492 ἀνόπιν
1798 439 1961 506 ὥσπερ

378 519 489 571 ἱέναι
517 521 760 586 νοήσομεν,
787 525 862 574 καὶ
887 527 970 589 τῆς
993 523 1112 591 πρὸς
1137 524 1261 576 Θεὸν
1288 525 1563 589 οἰκειότητος
1589 523 1958 590 ἐπιδράττεσθαι,

376 609 657 668 προσκυνεῖν
682 605 925 669 ἑλομένους
953 608 1078 677 αὐτῷ
1104 606 1160 672 δὴ
1187 610 1262 658 καὶ
1293 606 1435 678 μόνω,
1462 609 1535 658 καὶ
1564 612 1659 661 τοῖς
1681 607 1789 673 παρ’
1819 607 1959 657 αὐτοῦ
1979 620 2002 657 5

332 692 357 732 d
374 691 744 750 παρακολουθεῖν
774 690 1117 754 θεσπίσμασιν.
1187 689 1292 745 ἔθνος
1330 690 1479 756 γεμὴν
1515 687 1777 741 ἀπαίδευτον
1815 688 1869 739 τὸ
1907 688 1964 757 ἐξ

372 765 575 833 Ἰσραὴλ
610 769 820 836 ὀνομάζει
851 771 997 837 γένος,
1024 775 1086 826 ὡς
1122 775 1196 823 καὶ
1232 772 1375 837 αὐτὴν
1406 772 1626 839 ἀτιμάζον
1649 771 1734 837 τὴν
1759 772 1958 839 ἀρχαίαν

372 849 582 914 ἐντολὴν,
611 855 684 903 καὶ
716 855 1026 918 διωθούμενον
1057 857 1260 909 ἀνοσίως
1290 854 1372 907 τὸν
1397 859 1789 921 παιδαγωγοῦντα
1815 852 1957 916 νόμον

371 934 446 982 καὶ
472 932 592 999 πρὸς
615 939 710 986 πᾶν
736 934 853 991 εἶδος
878 938 1115 992 ἐπιεικείας
1142 937 1435 1004 ἀποκομίζειν
1462 937 1731 1001 δυνάμενον.
1777 939 1963 988 ἀπειλεῖ

370 1013 418 1065 δὲ
459 1014 619 1080 πάλιν,
659 1020 721 1072 ὡς
760 1023 797 1070 εἱ
836 1019 900 1084 μὴ
941 1018 1175 1072 συνδεθεῖεν
1213 1022 1351 1091 αὐτῷ,
1388 1020 1507 1072 κατά
1551 1043 1604 1086 γε
1643 1019 1749 1073 τοὺς
1788 1020 1955 1084 ἀρτίως
1980 1043 2018 1068 1c

368 1097 478 1160 ἡμῖν
522 1100 785 1165 εἰρημένους
821 1101 1035 1169 τρόπους,
1078 1105 1312 1154 διοίσουσι
1353 1103 1436 1164 μὲν
1482 1103 1579 1155 κατ’
1619 1102 1748 1154 οὐδὲν
1792 1102 1955 1154 ἀνθέων

367 1185 462 1231 τῶν
489 1182 537 1231 ἐν
565 1184 738 1249 ἀγροῖς,
760 1183 790 1234 ἂ
816 1186 976 1252 σαθρά
999 1209 1048 1237 τε
1075 1188 1178 1237 ἐστὶ
1205 1188 1280 1237 καὶ
1307 1185 1586 1252 εὐμάραντα,
1608 1188 1954 1238 ὑποπεσοῦνται

368 1261 417 1312 δὲ
444 1263 631 1319 πάντως
660 1271 755 1320 τοῖς
782 1267 839 1336 ἐξ
861 1269 1017 1335 ὀργῆς.

143 1345 215 1376 Gal.
236 1346 279 1377 vi.

147 1399 195 1421 10-
444 1347 632 1399 Οὐκοῦν
682 1348 856 1404 6ΝΕως
900 1351 1060 1418 καιρὸν
1104 1352 1283 1419 ἔχομεν,
1333 1350 1619 1418 ἐργαζόμεθα
1669 1349 1724 1402 τὸ
1773 1350 1954 1416 ἀγαθὸν

328 1429 486 1496 επρὸς
523 1431 747 1488 πάντας.”
815 1435 899 1489 ἕως
936 1436 1180 1488 ἐνδίδωσιν
1215 1438 1240 1488 ὁ
1278 1436 1532 1501 Δεσπότης
1571 1437 1858 1506 ἀνεξικακῶν
1891 1439 1954 1490 ὡς
1978 1453 2018 1490 15

368 1515 503 1578 Θεὸς,
529 1518 769 1582 ποιώμεθα
800 1520 886 1585 τὴν
911 1521 1225 1586 μετάγνωσιν,
1251 1521 1571 1588 προσάγωμεν
1599 1523 1803 1580 ἱκετείας,
1833 1523 1946 1572 ἀνα-

144 1603 198 1668 {¹³-
213 1604 300 1634 xxiv.
367 1604 598 1668 φωνῶμεν
625 1603 951 1669 δεδακρυμένοι
976 1611 1002 1633 “
1021 1604 1278 1670 Ἀμαρτίας
1306 1603 1519 1668 νεότητός
1545 1628 1634 1667 μου
1660 1605 1735 1654 καὶ
1761 1605 1952 1670 ἀγνοίας

148 1668 158 1688 l
368 1688 395 1711 ‘⁶
421 1706 512 1745 μου
550 1682 614 1747 μὴ
653 1687 910 1753 μνησθῇς,”
941 1686 1255 1751 συνάπτωμεν
1294 1686 1482 1742 ἑαυτοὺς
1513 1688 1568 1738 δι’
1598 1689 1837 1753 ἁγιασμοῦ
1876 1689 1950 1738 καὶ

145 1779 284 1820 Infras-
367 1763 568 1833 νήψεως·
610 1768 1050 1832 σκεπασθησόμεθα
1089 1769 1182 1835 γὰρ
1220 1772 1366 1824 οὕτως
1407 1772 1455 1821 ἐν
1493 1770 1641 1839 ἡμέρᾳ
1679 1771 1836 1836 ὀργῆς,
1875 1771 1949 1820 καὶ

365 1847 451 1911 τὴν
478 1850 528 1899 ἐκ
553 1853 647 1899 τῶν
672 1851 985 1913 πταισμάτων
1013 1852 1184 1916 κηλίδα
1211 1851 1525 1921 διανιψόμεθα
1551 1853 1632 1924 πρὶν
1660 1855 1732 1904 τοῦ
1759 1850 1949 1904 ἐπελθεῖν
1973 1869 2018 1895 20

365 1935 434 2002 ἐφ’
458 1935 585 2002 ἡμεῖς
610 1936 766 2005 ἡμέραν
794 1935 924 2005 θυμοῦ
952 1940 1114 2006 Κυρίου.
1170 1938 1270 2007 ἥξει
1294 1937 1386 2005 γὰρ
1413 1940 1513 2008 ἥξει
1539 1938 1656 1989 κατὰ
1687 1936 1871 2005 καιροὺς
1897 1937 1953 2006 ἐξ

365 2017 574 2083 οὐρανῶν
595 2019 620 2068 ὁ
640 2018 829 2085 Κριτὴς,
847 2019 1084 2071 ἀποδώσει
1110 2044 1158 2072 τε
1184 2020 1370 2091 ἑκάστῳ
1396 2020 1515 2072 κατὰ
1540 2020 1594 2072 τὸ
1620 2022 1758 2088 ἔργον
1785 2021 1942 2072 αὐτοῦ.

323 2237 585 2285 3ΖΗτύσατε
622 2239 690 2281 τὸν
724 2238 873 2296 Κύριον
912 2241 1068 2282 Πάντες
1105 2241 1297 2283 ταπεινοὶ
1333 2245 1420 2293 sfic,
1454 2239 1579 2299 κρῖμα
1617 2242 1849 2299 ὲρΓάζεσθε-ῖ,
1876 2242 1946 2284 καὶ

142 2329 292 2364 594Α.
325 2340 345 2364 a
431 2322 638 2379 ζΗτύσατε
688 2323 972 2375 δικαιοσύνΗν,
1013 2327 1218 2382 <sumtus
1257 2327 1494 2382 ΠραότΗτα,
1545 2327 1613 2367 καὶ
1662 2326 1944 2383 ἀποκρίνεσθε

431 2406 552 2457 αὐτὰ,
590 2408 710 2449 ὅπως
748 2412 1018 2451 σκεπασθῐιτε
1055 2409 1099 2450 ἐν
1138 2410 1273 2468 ἡμέρᾳ
1310 2410 1439 2467 &pf-fic
1479 2409 1640 2466 Κυρίου.
1968 2418 2014 2459 25

414 2570 443 2593 1.
470 2560 523 2593 καὶ
548 2560 751 2606 ἀλλοτρίους
771 2561 930 2607 γενέσθαι
947 2574 1019 2597 om.
1040 2563 1094 2603 Β.,
1113 2563 1165 2597 καὶ
1183 2563 1370 2607 ἀποστῆναι
1389 2565 1477 2597 Θεοῦ
1502 2562 1582 2597 add.
1601 2575 1708 2597 manu
1726 2563 1800 2598 ead.
1821 2563 1851 2597 B
1869 2576 1943 2608 mg.

362 2615 396 2651 5.
421 2606 499 2651 παρ’
518 2618 588 2642 om.
609 2608 651 2642 B.
959 2619 991 2655 7.
1016 2609 1182 2654 ἀτιμάζων
1200 2610 1291 2644 Edd.
1588 2621 1641 2652 14.
1669 2610 1876 2655 ἐργαζόμεθα
1895 2611 1943 2646 D.

363 2653 587 2699 ἐργασώμεθα
607 2655 648 2690 B.
668 2655 759 2689 Edd.
918 2666 971 2701 15.
998 2658 1016 2690 ὁ
1034 2657 1133 2692 δεσπ.
1153 2657 1328 2692 ἐνδίδωσιν
1344 2657 1415 2690 inv.
1434 2655 1509 2690 ord.
1529 2656 1576 2691 D.
1630 2656 1725 2691 Haec
1741 2657 1943 2701 ἀνεξικακῶν

363 2701 407 2736 ὡς
425 2702 509 2736 Θεὸς
527 2706 749 2737 accesserunt
767 2715 808 2737 ex
829 2703 924 2738 B.D.
1191 2704 1314 2738 16-18.
1343 2703 1440 2737 Haec
1457 2704 1772 2749 προσάγωμεν-μὴ
1789 2705 1942 2748 μνησθῇς

363 2754 584 2782 accesserunt
601 2761 642 2783 ex
661 2749 754 2784 B.D.
916 2761 968 2796 19.
995 2751 1143 2786 πίστεως
1160 2762 1223 2795 pro
1241 2750 1374 2795 νὴψεως
1392 2749 1484 2784 Edd.
1637 2761 1692 2784 20.
1718 2751 1830 2785 ἐλθεῖν
1847 2751 1940 2787 Edd.

362 2793 433 2828 inv.
456 2794 547 2828 RD.
805 2807 860 2831 21.
886 2797 993 2840 θυμοῦ
1010 2798 1135 2843 Κυρίου
1151 2798 1196 2831 D.
1215 2799 1303 2831 Θεοῦ
1322 2797 1364 2831 Β.
1382 2796 1475 2831 Edd.
1526 2796 1622 2831 Haec
1639 2797 1711 2842 ἥξει
1727 2798 1941 2843 γὰρ-αὐτοῦ

363 2851 490 2875 access.
509 2853 550 2875 ex
570 2841 663 2876 B.D.
725 2844 743 2876 ὁ
761 2845 874 2888 κριτῆς
890 2844 927 2888 ἐξ
945 2845 1087 2889 οὐρανοῦ
1107 2845 1152 2878 D.
1451 2854 1506 2886 24.
1533 2843 1697 2887 ζητήσατε
1714 2844 1939 2888 δικαιοσύνην·

364 2886 529 2929 ζητήσητε
552 2890 724 2933 πραότητα
743 2890 785 2925 Β.
805 2890 881 2935 (22.
900 2890 965 2935 al.)
991 2891 1113 2936 (recte,
1137 2891 1180 2925 cf.
1199 2889 1318 2935 infra.)
1344 2890 1557 2934 δικαιοσύνην
1582 2890 1747 2935 ζητήσω-ε
1772 2891 1819 2926 D.
1846 2891 1939 2926 Edd.
2014 2901 2018 2927 ἶ

385 2944 406 2966 N
422 2934 536 2979 A-V-)
890 2949 945 2981 24.
963 2937 1187 2984 ἀποκρίνεσθε
1207 2938 1252 2974 D.
1269 2936 1389 2983 (XII.)
1406 2937 1634 2982 ἀποκρίνασθε
1652 2938 1695 2974 Β.
1714 2937 1806 2974 Edd.
1825 2938 1939 2984 (Vat.)
2014 2930 2018 2984 ,¹

384 2977 623 3023 ἀποκρίνεσθαι
642 2982 741 3017 Alex.
761 2982 798 3027 N]
2013 2985 2018 3044 i
