1997 3361
64 137 174 181 i.11.
452 146 526 186 IN
569 148 988 195 SOPIIONIAM.
1049 155 1645 197 TOM.1.183

62 248 147 312 τὴν
172 252 297 321 αὐτῷ
329 277 606 320 πρεπουσαν
638 260 900 326 ημερότητα
934 269 1151 314 καλοῦσα
1177 287 1437 332 προχειρως
1464 265 1644 331 ἀγαθον

62 331 173 383 ὅντα
218 335 362 402 φύσει
402 336 485 389 τὸν
527 343 844 408 Δημιουργόν.
919 348 994 396 καὶ
1039 347 1227 409 ἄμεινον
1276 347 1361 410 μὲν
1404 346 1459 398 τὸ
1503 352 1644 398 παντὶ

61 421 391 480 παραιτεῖσθαι
429 421 583 473 σθενει
623 423 677 474 τὸ
714 427 1025 527 προσκρούειν
1069 431 1209 499 αὐτῷ·
1252 429 1407 494 ἐπειδὴ
1451 430 1499 481 δὲ
1545 432 1644 480 δια-

61 519 264 550 νενευκεν
299 524 327 564 η
362 504 611 569 ἀνθρώπου
637 507 835 605 φῦσις’
816 512 887 560 επὶ
923 508 977 560 τὸ
1009 482 1196 579 φαῦλοιν
1223 514 1305 575 ἀει,
1333 515 1407 563 καὶ
1435 520 1461 542 “
1478 513 1643 564 πολλα
1707 526 1738 556 S
1758 526 1830 556 Jac-

1704 582 1748 601 ΠΙ.
1770 580 1797 601 2-

19 590 41 628 5
61 588 88 610 ‘⁶
109 606 335 647 πταιομεν
373 586 613 652 ἅπαντες,”
651 591 705 642 τὸ
740 593 944 658 βεβηκος
976 595 1179 647 εισοῖπαν
1212 621 1330 663 προς
1363 597 1532 664 ἀρετὴν
1558 601 1640 651 οὐκ
1660 614 1687 654 (1

60 663 256 732 ἔχοντες,
282 667 370 718 κᾶν
395 676 510 734 γοῦν
533 677 633 727 ταῖς
663 678 723 728 εἷς
749 675 803 726 τὸ
831 677 1017 740 ἄμεινον
1045 681 1328 745 ἀναδρομαῖς
1354 682 1641 747 ἐπανορθοῦν

59 748 397 816 σπουδάζωμεν
441 753 524 807 τὰς
565 756 740 807 ἑαυτῶν
785 759 989 823 γνώμας,
1038 763 1114 811 καὶ
1159 767 1258 815 ταῖς
1308 765 1641 829 μεταγνώσεσι

59 835 277 894 καλῶμεν
309 838 371 887 εἱς
405 835 666 902 ἡμερότητα
695 841 908 906 χρηστὸν
930 841 1042 892 ὄντα
1080 843 1201 894 κατὰ
1239 844 1400 913 φυσιν,
1429 847 1640 914 καθάπερ

59 913 178 980 ἐφην
201 916 382 981 ἀρτιως,
409 917 492 968 τὸν
518 924 611 970 τῶν
635 920 762 972 όλων
787 922 1056 988 Δεσπότην.

0 1071 40 1096 ¹0
61 1064 311 1121 ΘρΗνήοατε
352 1067 388 1109 οἰ
435 1076 732 1113 κατοικοῦντες
775 1073 852 1114 τήν
897 1078 1286 1129 κατακεκομμὲνμν,
1323 1080 1387 1120 ὅτι
1430 1079 1636 1127 ὡμοιώθΗ
1664 1095 1705 1119 11

124 1153 207 1190 nde
250 1151 272 1193 ὁ
315 1152 419 1194 λαὸς
463 1155 646 1206 Χαναὰν,
687 1155 1069 1214 ἐξωλοθρεύθΗσαν
1112 1161 1269 1202 Πάντες
1318 1160 1356 1202 οἰ
1404 1162 1637 1219 ὲΠΗρμὲνοι

125 1233 325 1291 ἀρτυρίῳ,
1656 1260 1677 1286 e

123 1323 237 1376 “Orc
276 1330 490 1394 φείσεται
525 1328 609 1393 μὲν
646 1330 830 1385 οὐδενὸς
872 1337 967 1383 τῶν
1006 1336 1328 1394 Βαβυλωνίων
1366 1337 1391 1387 ὁ
1430 1338 1637 1404 σίδηρος,

59 1410 233 1460 ἀπολεῖ
264 1409 312 1461 δὲ
351 1411 497 1476 ἄρδην
538 1411 646 1467 τοὺς
687 1413 776 1464 ἀνὰ
813 1419 977 1465 πᾶσαν
1020 1415 1106 1480 τὴν
1141 1418 1382 1482 Ἰουδαίαν,
1421 1422 1639 1483 σημαίνει

0 1509 40 1548 15
58 1491 143 1555 μὲν
180 1491 255 1543 διὰ
299 1493 491 1546 τούτων.
564 1496 978 1565 κατολοφύρεσθαι
1021 1498 1070 1550 δὲ
1114 1501 1408 1569 προστέταχε
1444 1501 1550 1556 τοῦς
1591 1505 1641 1554 ἐν

58 1579 152 1628 τοῖς
177 1575 523 1640 Ἱεροσολύμοις
552 1581 1000 1644 περιλελειμμένους,
1028 1584 1103 1633 καὶ
1137 1586 1379 1652 διαφυγεῖν
1406 1584 1639 1652 ἰσχύσαν-

57 1679 154 1719 τας,
180 1659 241 1711 ὡς
276 1659 627 1724 ὠλοθρευμένην
661 1660 746 1726 τὴν
771 1663 1013 1727 Ἰουδαίαν,
1039 1667 1113 1716 καὶ
1148 1665 1217 1724 τῆν
1251 1666 1505 1732 διαβόητον
1532 1674 1642 1734 παρ’

59 1740 213 1793 αὐτοῖς
249 1742 641 1810 κατακεκομμένην
674 1743 830 1795 πόλιν·
872 1745 1019 1797 διάτοι
1054 1746 1107 1798 τὸ
1142 1747 1298 1799 πάντα
1334 1748 1417 1799 τὸν
1446 1751 1494 1800 ἐν
1527 1751 1645 1816 αὐτῇ

62 1821 179 1872 λαὸν
212 1828 307 1876 τοῖς
340 1828 434 1875 τῶν
460 1826 723 1877 Χαναναίων
755 1829 1054 1891 ἁμιλλᾶσθαι
1091 1830 1292 1895 τρόποις,
1320 1833 1393 1881 καὶ
1430 1831 1486 1882 τὰ
1524 1833 1640 1882 ἐκεί-

0 1924 43 1948 20
62 1909 153 1955 νῶν
178 1905 371 1956 ἑλέσθαι
397 1906 579 1973 ζηλοῦν,
606 1915 929 1974 παρισοῦσθαι
956 1911 1003 1962 δὲ
1036 1913 1181 1965 οὕτως
1208 1917 1268 1966 εἰς
1293 1913 1449 1964 πάντα
1474 1915 1642 1977 αὐτοῖς,
1660 1944 1682 1969 a
1702 1935 1791 1970 588
1813 1935 1863 1970 A.

61 1988 122 2040 ὡς
146 1987 269 2055 τάχα
294 2012 385 2041 που
412 1992 486 2040 καὶ
513 1992 858 2059 ὑπερφέρεσθαι
892 1997 968 2044 καὶ
998 1993 1194 2045 κατόπιν
1220 1996 1313 2047 ἐᾶν.
1369 1998 1642 2062 α’λλογενεῖς

60 2066 109 2118 δὲ
137 2073 178 2120 οἱ
204 2076 458 2133 Χαναναῖοι,
486 2076 718 2135 θεομισεῖς
743 2098 792 2125 τε
820 2077 894 2125 καὶ
919 2075 1147 2142 ἀλιτήριοι
1180 2079 1254 2127 καὶ
1289 2078 1642 2144 εἰδωλολάτραι,

60 2153 134 2202 καὶ
159 2156 253 2203 τῶν
277 2152 346 2204 ὅτι
372 2154 586 2216 μάλιστα
612 2157 998 2221 διαβεβλημένων
1023 2158 1095 2227 ἐφ’
1124 2157 1277 2209 ἅπασι
1303 2164 1398 2213 τοῖς
1430 2161 1637 2212 ἐκτοπω-

59 2233 225 2288 τάτοις.
290 2238 366 2286 καὶ
391 2242 507 2301 γοῦν
532 2236 662 2304 παρά
695 2261 749 2303 γε
784 2244 880 2293 τοῖς
913 2242 1048 2305 ἱεροῖς
1077 2240 1356 2306 ’γράμμασιν
1381 2242 1646 2309 ὁνειδίζεταί

0 2337 42 2375 ²5
61 2338 140 2379 τις,
185 2317 367 2369 ἀκούων
410 2326 436 2348 “
459 2318 653 2385 Σπέρμα
695 2320 906 2384 Χαναὰν,
953 2324 1028 2373 καὶ
1072 2324 1173 2390 οὐχὶ
1216 2322 1417 2374 ’Ῑούδα.”
1484 2323 1553 2374 ὅτι
1593 2324 1640 2375 δὲ
1702 2339 1790 2413 ξίεῡ-
1814 2382 1833 2413 6

61 2397 279 2463 ἀνόνητος
316 2401 340 2451 ὁ
375 2406 582 2454 πλοῦτος
620 2403 787 2465 αὐτοῖς,
830 2404 1024 2470 ἔρεισμα
1067 2428 1115 2455 τε
1154 2405 1337 2471 σαθρὸν
1375 2407 1450 2456 καὶ
1488 2406 1638 2456 εὐδιά-
1725 2393 1772 2414 us'
1794 2391 1844 2422 ε’

61 2487 285 2544 κλαστον,
313 2482 591 2548 διερμηνεύει
616 2484 777 2547 πάλιν,
805 2486 1072 2536 ἀπολέσθαι
1099 2487 1508 2550 διαβεβαιούμενος
1534 2487 1640 2542 τοὺς
1658 2504 1684 2545 b

60 2562 312 2633 ἐπηρμένους
357 2568 424 2633 τῷ
467 2569 667 2636 αργυρίω,
710 2566 941 2629 τουτέστι,
979 2566 1085 2620 τοῦς
1129 2569 1252 2632 με’γα
1296 2575 1485 2636 φρονεῖν
1532 2575 1636 2622 εἰω-

111 2700 141 2723 1.
166 2689 264 2734 ἀγαθ.
283 2690 419 2736 ὅνταφ.
437 2692 495 2725 τὸν
513 2698 552 2726 Δ.
571 2699 604 2726 et
620 2693 658 2726 τὸ
675 2693 753 2732 βεβ.
756 2693 861 2726 -οὐκ
878 2693 1013 2737 ἔχοντες
1031 2694 1084 2737 (5)
1103 2694 1293 2737 assumpsit
1319 2706 1359 2727 ex
1388 2694 1428 2728 E.
1446 2694 1639 2730 Aubertus.

63 2746 95 2776 4.
119 2735 256 2771 (idom.
276 2737 323 2771 D.
453 2737 486 2771 6.
513 2738 684 2773 xavBffD
705 2739 805 2773 Pont.
826 2754 878 2773 κτιι
898 2740 938 2773 Ε.
957 2739 1050 2773 A.ub
1100 2740 1302 2784 ἇναδρομαῖς
1322 2740 1361 2774 B.
1382 2740 1482 2774 Pont.
1500 2742 1638 2785 μεταδρ.

63 2781 155 2816 Aub.
169 2784 278 2824 exE„
292 2784 336 2818 D.
415 2793 446 2829 7
464 2786 760 2829 σπουδάζομενΙ).
776 2786 868 2820 Aub.
918 2788 971 2819 καὶ
989 2788 1524 2831 ταῖςμεταγνώσεσι-δεσπότην
1540 2788 1637 2823 exE.

62 2837 296 2873 assumpselat
309 2830 499 2865 Aubertus.
641 2833 674 2866 8.
693 2832 857 2877 καθάπερ]
879 2839 910 2871 -Ι-
928 2832 1038 2866 οὖνΕ.
1054 2833 1147 2867 Aub.
1190 2833 1261 2867 καθ.
1275 2834 1393 2878 ἔφην
1375 2834 1496 2878 αρτίως
1507 2846 1576 2869 orn.
1591 2835 1637 2870 D.

68 2884 119 2908 11.
143 2876 291 2922 Χαναὰν]
314 2882 351 2918 -ξ-
372 2878 425 2911 καὶ
443 2878 534 2913 Edd
553 2878 654 2923 (Vat.
659 2879 675 2924 )
695 2879 814 2913 deest
807 2891 843 2913 m
862 2880 908 2914 D.
914 2879 954 2914 E.
973 2880 1009 2923 (κ
1027 2880 1126 2914 Alex.
1146 2879 1248 2922 XII.)
1401 2892 1454 2925 19.
1480 2881 1533 2915 καὶ
1550 2882 1638 2915 τὰ-

64 2921 136 2963 (nx.
155 2933 220 2956 ass.
238 2935 278 2957 ex
297 2924 338 2958 E.
358 2924 450 2958 Aub.
641 2935 695 2970 23.
721 2926 783 2970 οὐχ
803 2926 843 2959 Ε.
1031 2936 1084 2971 27.
1111 2926 1188 2963 τοὺς
1205 2927 1408 2971 ἐπηρμενους
1424 2929 1470 2974 τῷ
1489 2927 1638 2976 ἀργυριῳ

66 2965 106 3001 Β.
111 2967 149 3002 Ε.
153 2968 186 3003 b.
203 2971 249 3014 τῷ
266 2969 413 3018 ἀργυρίω
432 2971 635 3017 ἐπηρμένους
652 2972 869 3017 (omittentes
888 2973 983 3017 τοὺς)
1003 2972 1094 3008 Edd.
