1997 3361
86 179 209 220 ii.10.
543 179 615 218 IN
657 179 923 219 NAHUM.
985 179 1137 220 Toxi.
1172 180 1204 220 I.
1607 181 1660 217 115

87 296 113 318 ‘⁴
133 288 212 339 ἐὰν
237 288 300 353 μὴ
334 293 522 354 πρῶτον
556 289 681 356 δήσῃ
716 287 797 339 τὸν
832 290 1041 356 ἰσχυρὸν,
1068 292 1142 340 καὶ
1180 289 1283 340 τότε
1325 291 1564 355 διαρπάσῃ
1603 288 1661 339 τὰ

87 378 113 400 “
139 371 283 435 σκεύη
329 372 527 430 αὐτοῦ;”
579 374 620 421 οὶ
666 370 758 436 γὰρ
807 377 1178 436 προσκυνοῦντες
1235 376 1301 438 τῷ
1355 375 1553 439 σατανᾷ,
1604 371 1664 421 τὰ

86 452 325 504 ἀπόλεκτα
358 453 487 511 σκεύη
524 455 597 503 καὶ
633 455 760 516 τίμια
803 452 910 519 παρ’
952 455 1088 523 αὐτῷ,
1123 453 1573 519 προσδεδραμήκασι
1603 457 1661 520 τῇ

84 536 255 595 πίστει,
272 535 592 597 μετατιθέντος
613 535 776 588 αὐτοὺς
796 535 913 601 πρὸς
932 537 1202 597 θεοσέβειαν
1221 542 1303 586 τοῦ
1323 534 1512 586 πάντων
1533 536 1663 598 ἡμῶν

43 637 65 673 5
89 620 305 682 Σωτῆρος
338 621 565 682 Χριστοῦ,
602 618 945 668 ἀναπειθόντων
978 618 1024 668 δὲ
1064 620 1137 668 καὶ
1177 619 1328 668 αὐτῶν
1368 619 1570 684 βαδίζειν
1600 623 1662 671 εἷς

85 705 223 750 τοῦτο
261 704 354 750 τῶν
393 700 538 765 ἁγίων
576 699 906 751 Ἀποστόλων.
1681 704 1707 744 d

79 946 362 996 ἘκτιναΓμὼο
391 948 457 988 καὶ
486 946 769 995 ἀνατινοιΓμὸε
798 945 861 987 καὶ
888 946 1127 1003 ὲκβραομόε
1150 948 1217 987 καὶ
1246 948 1421 1004 καρδίας
1450 955 1663 1007 Θραυομὸε
1689 972 1734 996 10

155 1031 221 1071 καὶ
262 1031 462 1071 ὑπόλυοιε
507 1032 699 1077 Γονάτων
738 1030 805 1070 καὶ
845 1027 996 1071 ὠδῖνες
1034 1030 1103 1071 ἐπὶ
1146 1034 1285 1072 misma
1324 1031 1472 1088 ὀσφὺν,
1511 1037 1579 1077 καὶ
1616 1038 1664 1079 τὸ

153 1114 385 1170 Πρόσωπον
413 1113 584 1155 Πάντων
613 1114 672 1153 0‘0c
699 1115 952 1170 Πρόοκαυμα
979 1115 1146 1170 χύτρας.

20 1244 66 1268 10
162 1231 270 1279 Πᾶν
307 1224 424 1281 εἶδος
461 1230 716 1293 συντριβῆς
750 1226 1158 1293 συντριβήσεσθαι
1185 1228 1326 1294 λε’γει.
1394 1228 1447 1280 τὸ
1474 1230 1565 1296 γὰρ
1592 1233 1665 1283 ἑκ-

85 1311 396 1363 τινεὶσσεσθαί
424 1333 473 1361 τε
513 1312 587 1360 καὶ
626 1311 1016 1361 οἰνατινοισσεσθαι
1046 1311 1121 1360 καὶ
1156 1310 1311 1372 μέντοι
1350 1314 1424 1362 καὶ
1463 1312 1660 1382 ἑκβροίτ-

85 1399 250 1445 τεσθαι
274 1394 322 1444 τί
345 1392 401 1444 ἂν
421 1393 576 1458 ἕτερον
602 1393 710 1456 ἡμῖν
737 1391 1057 1459 ὑπεμφήνειεν,
1078 1391 1106 1457 ὴ
1127 1398 1264 1443 τοῦτο
1285 1415 1295 1453 ;
1334 1395 1664 1461 διαῤῥιπτεῖται
1682 1414 1703 1440 C

85 1475 179 1542 γὰρ
203 1479 420 1543 πανταχῆ
446 1475 499 1526 τὸ
524 1474 867 1535 τινασσόμενον
883 1477 958 1525 καὶ
975 1475 1416 1539 σινατινασσόμενον.
1459 1477 1664 1545 ἕψεσθαι

86 1557 135 1608 δὲ
160 1557 284 1625 λέγει
319 1560 392 1609 καὶ
435 1554 623 1626 καρδίας
663 1555 887 1626 θραυσμον,
916 1560 1039 1607 Θεοῦ
1074 1556 1292 1621 δηλονότι
1318 1559 1664 1625 συνθραύοντος

19 1658 66 1696 15
86 1645 147 1694 εἰς
186 1642 377 1703 δειλίας,
419 1642 493 1691 καὶ
533 1640 741 1690 ὑπόλυσιν
777 1642 982 1704 γονάτων,
1022 1638 1265 1690 τουτέστιν
1302 1642 1548 1692 ἀσθένειαν
1589 1645 1664 1693 καὶ

84 1722 321 1787 σωμάτων
353 1721 572 1788 πάρεσιν,
619 1727 695 1772 καὶ
734 1719 895 1776 ὠδῖνας
936 1723 1008 1772 ἐπὶ
1046 1721 1238 1784 τούτοις,
1277 1722 1361 1776 τὰς
1399 1724 1456 1793 ἐξ
1489 1726 1662 1788 ἀηδιῶν

87 1804 320 1870 δηλονότι·
362 1810 462 1858 πῶς
493 1803 587 1870 γὰρ
618 1806 700 1854 οὐκ
726 1803 927 1867 ἔμελλον
953 1805 1000 1854 ἐν
1026 1803 1248 1859 τοιούτοις
1273 1805 1468 1857 ε”σεσθαι
1495 1813 1664 1871 κακοῖς,

87 1891 130 1937 οἱ
154 1887 272 1953 πρὸς
309 1892 403 1938 πᾶν
438 1888 591 1937 ὁτιοῦν
629 1885 1006 1950 κατενηνεγμένοι
1044 1890 1138 1936 τῶν
1177 1893 1462 1939 καταλυπεῖν
1499 1888 1660 1940 εἰωθό-

87 1992 181 2019 των
208 1969 361 2029 &edm
401 1968 688 2034 γενήσεσθαι
714 1968 761 2019 δὲ
788 1967 905 2034 πρὸς
938 1968 1116 2022 τούτοις
1143 1970 1469 2037 διῖσχυρίζεται
1498 1975 1588 2022 Καὶ
1617 1972 1663 2023 τὶ

20 2075 70 2100 20
89 2049 318 2120 πρόσωπον
369 2051 538 2102 πάντων
591 2053 646 2104 ὡς
697 2049 972 2120 πρόσκαυμσι
1020 2055 1202 2121 χύτρας.
1280 2054 1705 2115 καταμελαίνεταιει
1734 2073 1884 2108 502A.

89 2132 180 2199 γὰρ
217 2133 386 2185 ἀείπως
424 2137 517 2182 τῶν
551 2133 597 2182 ἐν
623 2133 834 2195 ἀθυμίαις
860 2131 918 2182 τὰ
943 2131 1194 2198 πρόσωπα,
1223 2135 1297 2184 καὶ
1323 2139 1416 2184 τῶν
1442 2135 1665 2198 ὀμμάτων

88 2214 142 2266 τὸ
170 2214 369 2284 φαιδρὸν
393 2218 682 2279 παραιρεῖται
707 2218 862 2268 δεινῶς
885 2219 979 2264 τῶν
1005 2214 1231 2278 δειμάτων
1254 2216 1282 2279 ἡ
1308 2215 1488 2283 ἔφοδος.

164 2300 410 2361 Συμβῆναι
450 2295 497 2346 δὲ
534 2294 593 2346 τὰ
630 2295 781 2346 τοιάδε
818 2295 970 2364 φαμὲν
1009 2298 1314 2360 ἀληθεύοντες
1353 2298 1477 2366 αὐτῷ
1514 2321 1564 2348 τε
1602 2302 1668 2368 τῷ

140 2481 170 2503 1.
196 2468 283 2512 δήσῃ
301 2470 360 2502 τὸν
377 2469 519 2513 ἷσχυρὸν
536 2468 602 2502 hoc
620 2467 739 2502 ordine
758 2468 804 2501 D.
865 2469 1034 2513 διαρπάσῃ
1052 2470 1092 2502 τὰ
1111 2483 1165 2502 σκ.
1184 2469 1285 2502 αὐτοῦ
1305 2469 1351 2502 D.
1369 2469 1539 2513 διαρπάσῃ
1559 2470 1668 2514 (διαρ-

89 2517 192 2551 πάσει
211 2516 319 2559 Edd.)
338 2522 416 2560 post
434 2516 534 2549 αὐτοῦ
553 2522 683 2559 transp.
705 2515 745 2549 B.
765 2514 856 2548 Edd.
1033 2527 1063 2549 2.
1090 2516 1131 2548 τὰ
1150 2527 1219 2548 om.
1240 2515 1285 2548 D.
1455 2526 1488 2557 5.
1515 2519 1669 2561 Σωτῆρος

89 2563 203 2607 Ἰησοῦ
221 2565 371 2607 Χριστοῦ
392 2563 436 2595 D.
457 2561 584 2607 (Ino-017
602 2562 879 2606 suprascriptum
895 2573 1003 2595 manu
1028 2561 1176 2604 eadem.)
1242 2563 1289 2596 εἷς
1313 2564 1413 2596 τοῦτο
1437 2563 1588 2605 βαδίζειν
1613 2564 1667 2597 in-

89 2621 191 2644 verso
208 2609 328 2643 ordine
348 2609 393 2643 D.
551 2619 581 2654 7.
607 2607 817 2653 ἐκβροσμὸς]
836 2609 993 2652 βρασμὸς
1011 2608 1053 2642 Β.
1074 2609 1144 2652 (26,
1167 2610 1259 2652 153.)
1410 2609 1444 2642 8.
1470 2610 1589 2654 ψυχὴν
1605 2622 1668 2654 pro

91 2657 207 2701 ὀσφὺν
225 2656 270 2690 D.
319 2657 360 2690 τὰ
376 2657 545 2700 πρόσωπα
560 2656 595 2689 F.
609 2657 680 2700 (22.
693 2656 752 2697 al.)
894 2666 926 2698 9.
945 2656 1088 2689 ἑκάστου
1105 2667 1169 2700 pro
1186 2656 1318 2688 πάντων
1333 2655 1379 2688 D.
1428 2658 1605 2700 πρόκαυμα
1619 2657 1666 2691 D.

91 2703 192 2748 (1255,
212 2702 310 2747 228.)
466 2714 519 2736 12.
545 2701 585 2736 ἂν
600 2708 679 2747 post
696 2703 824 2746 ὑπεμφ.
843 2707 974 2745 transp.
995 2702 1037 2735 B.
1205 2712 1257 2745 13.
1283 2704 1454 2746 πανταχοῦ
1474 2703 1564 2737 Edd.
1615 2705 1669 2737 καὶ

91 2751 182 2784 ἀνατ.
202 2761 270 2783 om.
292 2750 336 2783 D.
483 2760 535 2791 14.
562 2751 614 2782 καὶ
633 2755 853 2792 assumptum
872 2759 913 2781 ex
932 2748 978 2781 D.
1140 2758 1192 2792 15.
1220 2748 1346 2783 δειλίας
1364 2748 1410 2781 D.
1427 2749 1556 2783 δειλίαν
1574 2749 1668 2784 Edd.

95 2798 148 2830 16.
176 2797 230 2830 ἐπὶ
252 2795 381 2831 τούτοις
401 2807 470 2829 om.
493 2796 538 2829 D.
613 2796 738 2829 Statim
756 2796 813 2829 τὰς
831 2794 868 2837 ἐξ
885 2794 1008 2838 ἀηδιῶν
1027 2793 1152 2838 [ἀηδῶν
1172 2793 1236 2838 D.]
1258 2794 1349 2828 B.D.
1369 2795 1406 2837 ἐξ
1423 2795 1556 2840 ἄρθρων
1574 2796 1667 2830 Edd.

95 2854 148 2888 17.
173 2842 303 2878 τούτοις
320 2855 382 2887 pro
400 2842 561 2877 τοιούτοις
580 2842 627 2876 D.
852 2842 905 2874 18.
932 2842 1134 2875 καταλυπεῖν
1150 2841 1314 2874 εἰωθότων
1332 2843 1417 2875 Θεόν
1437 2842 1482 2876 D.
1502 2843 1593 2877 εἷωθ.
1611 2844 1669 2877 τὸν

93 2895 134 2923 Θ.
153 2891 271 2923 καταλ.
292 2889 381 2922 Edd.
401 2889 490 2923 εἶωθ.
509 2891 626 2922 καταλ.
647 2889 824 2931 (omittens
842 2889 899 2921 τὸν
917 2889 975 2930 Θ.)
996 2887 1036 2920 Β.
1251 2898 1306 2921 20.
1333 2889 1465 2922 πάντων
1481 2891 1668 2934 πρόσωπον

92 2936 229 2970 inverso
249 2936 370 2970 ordine
388 2936 434 2970 D.
482 2938 657 2980 πρόκαυμα
674 2936 718 2968 D.
732 2937 786 2977 (ut
804 2936 936 2979 supra..)
1081 2944 1135 2967 21.
1159 2934 1196 2967 τὸ
1214 2935 1254 2978 φ.
1273 2937 1338 2969 τῶν
1355 2935 1512 2979 ὀμμάτων
1529 2936 1668 2970 inverso

90 2983 213 3017 ordine
233 2983 278 3017 D.
327 2983 452 3016 Statim
468 2984 620 3027 παρεῖται
637 2982 726 3026 (Sic)
746 2983 790 3015 D.
