1997 3361
59 149 97 188 ii.
131 163 190 203 ¹3·
443 148 513 188 IN
555 148 973 188 ZAffllAstlAM.
1034 147 1185 186 TUM.
1222 147 1253 187 Ι.
1548 147 1625 184 311

60 257 246 324 Πατὴρ,
278 261 475 324 Σωτῆρα
509 261 582 308 καὶ
618 257 876 322 λυτρωτὴν,
902 258 976 308 ἵνα
1013 257 1350 308 πιστεύσαντες
1382 259 1443 307 εἱς
1475 253 1631 311 αὑτὸν,

57 341 106 389 ἐν
145 341 269 408 αὐτῷ
307 338 389 390 τὸν
420 340 610 405 Πατέρα
637 339 954 402 θαυμάσωμεν
981 342 1054 389 καὶ
1092 342 1152 391 ὡς
1192 337 1342 389 εἰκόνα
1375 336 1633 398 βλέποντες

57 423 226 487 ἀκριβῆ
266 427 347 471 τοῦ
385 420 715 487 γεγεννηκότος
754 420 835 471 τὸν
874 422 928 489 ἐξ
958 422 1099 471 αὐτοῦ
1130 420 1249 471 κατὰ
1276 419 1437 487 φύσιν,
1465 420 1630 468 ε’ννοῶ-

55 525 140 565 μεν
164 502 218 552 τὸ
245 505 520 570 ἀρχέτυπον.
589 502 693 553 τότε
727 502 782 566 δὴ
809 503 912 553 τότε
948 505 1021 553 καὶ
1059 503 1216 571 κλῆρος
1251 503 1440 566 γέγονεν
1466 498 1633 555 Ἰούδας

15 600 37 638 5
57 588 285 650 Χριστοῦ,
307 585 534 645 τουτέστι,
559 589 651 639 πᾶς
678 586 702 634 ὁ
728 584 1156 653 ἐξομολογούμενος
1183 608 1230 635 τε
1258 587 1332 635 καὶ
1359 584 1634 652 δοξολογῶν

57 666 210 716 αὐτόν·
263 667 605 735 ἐξομολόγησις
656 665 748 732 γὰρ
797 665 966 722 Ἰούδας
1012 667 1319 733 ἑρμηνεύεται·
1379 669 1440 719 ὡς
1478 665 1569 761 γὰρ
1609 667 1633 715 ὁ

60 748 254 802 Παῦλός
293 755 442 816 φησιν
470 750 624 816 “Οὐχ
659 750 684 799 ὁ
716 751 763 799 ἐν
801 753 866 799 τῶ
907 752 1091 818 φανερῳ
1118 751 1353 810 Ιουδαῖος,
1385 748 1487 798 ουδε
1523 749 1550 811 ἡ
1586 749 1634 797 ἐν

59 834 178 898 ι(τῷ
231 834 420 899 φανερῷ
464 832 512 881 ἐν
556 853 697 896 σαρκι
742 831 980 896 περιτομὴ,
1026 833 1133 881 ἀλλ’
1181 832 1204 880 ὁ
1250 854 1297 880 εν
1335 834 1400 898 τῷ
1445 833 1633 898 κρυπτῷ

57 919 84 941 “
108 911 329 966 Ἰουδαῖός
355 915 470 975 ἐστι,
499 917 572 963 καὶ
603 913 826 979 περιτομὴ
855 914 1042 978 καρδίας
1070 915 1116 963 ἐν
1142 913 1378 974 πνεύματι,
1407 913 1459 962 οὐ
1483 911 1633 976 γράμ-

59 1001 85 1024 “
110 1018 234 1057 ματι,
261 995 314 1046 οὗ
342 997 366 1045 ὁ
394 995 577 1048 ἔπαινος
610 996 692 1045 οὐκ
727 996 782 1063 ἐξ
809 996 1080 1060 ἀνθρώπων,
1109 996 1217 1045 ἀλλ’
1246 997 1294 1044 ἐκ
1323 993 1486 1045 Θεοῦ.”
1528 993 1633 1044 ὅσοι

57 1082 305 1142 τοιγαροῦν
338 1077 422 1141 τὴν
456 1078 502 1127 ἐν
539 1077 763 1139 πνεύματι
793 1077 1046 1143 περιτομὴν
1073 1076 1148 1127 διὰ
1175 1080 1390 1142 Χριστοῦ
1415 1083 1628 1127 πεπλου-

57 1158 273 1222 τήκαμεν,
304 1159 457 1225 κλῆρος
491 1162 621 1210 αὐτοῦ
655 1159 914 1224 γεγόναμεν
953 1160 1025 1209 ἐπὶ
1064 1158 1132 1217 τῆν
1170 1157 1248 1223 γῆν
1281 1156 1348 1217 τὴν
1379 1161 1531 1223 αγίαν,
1559 1158 1632 1208 ἵνα

58 1239 144 1305 τὴν
176 1242 271 1292 ἄνω
303 1246 479 1304 νοῶμεν
513 1241 667 1303 πόλιν,
695 1241 779 1305 τὴν
811 1241 978 1305 νοητὴν
1003 1240 1329 1305 Ἰερουσαλὴμ,
1359 1240 1457 1304 ςίῆς
1484 1263 1632 1307 τεχνι-

59 1330 187 1386 “της
226 1347 301 1374 και
339 1323 660 1389 δημιουργὸς
643 1347 667 1374 ο
694 1322 855 1385 Θεος,”
878 1325 902 1373 ὁ
930 1324 1078 1390 φίλην
1102 1345 1151 1372 τε
1176 1320 1319 1385 αὐτὴν
1346 1345 1420 1372 και
1448 1321 1632 1387 αιρετὴν

0 1427 38 1464 [5
57 1428 342 1468 ποιουμενος
410 1409 582 1473 dipem.
627 1405 719 1472 γάρ
764 1411 914 1473 φησιν
965 1405 1024 1455 ἐτι
1068 1430 1137 1464 την
1180 1405 1478 1473 Ιερουσ-αλημ.
1549 1405 1631 1454 οὐκ

58 1488 286 1538 ἀπιθανον
320 1486 367 1538 δε
402 1487 548 1539 πάλιν
579 1488 706 1554 εἴπερ
741 1486 893 1538 ἑλοιτό
931 1510 998 1541 τις
1024 1487 1312 1555 Ιερουσαλημ
1345 1486 1524 1537 οιέσθαι
1557 1488 1632 1536 καὶ

58 1576 140 1621 νῦν
181 1570 454 1633 ὠνομάσθαι
497 1568 581 1633 τὴν
615 1571 924 1633 Ἐκκλησίαν,
962 1569 1019 1634 ἢν
1057 1572 1132 1620 καὶ
1171 1573 1295 1620 Θεοῦ
1333 1569 1474 1620 πόλιν
1509 1571 1626 1619 ἀπο-

57 1657 195 1702 καλεῖ
230 1652 384 1717 λε’γων
427 1653 452 1702 ὁ
503 1652 757 1705 θεσπέσιος
802 1653 975 1703 Δαυείδ
1025 1660 1052 1681 “
1074 1651 1301 1717 Καθάπερ
1351 1651 1632 1715 ἠκούσαμεν,

57 1741 85 1764 “
111 1736 232 1786 οὕτω
258 1734 436 1797 εἴδομεν
460 1735 507 1785 ἐν
537 1734 673 1786 πόλει
703 1735 878 1800 Κυρίου
911 1739 1004 1785 τῶν
1040 1734 1288 1796 δυνάμεων,
1315 1735 1363 1784 ἐν
1389 1734 1525 1784 πόλει
1551 1756 1633 1783 του

0 1839 39 1865 20
59 1823 85 1846 ‘⁶
109 1820 233 1868 Θεοῦ
260 1816 428 1880 ἡμῶν.”

61 2042 332 2092 Εὑλαβείσθω
369 2046 483 2085 Πᾶσα
522 2042 626 2099 σὰρξ
665 2043 750 2085 ἀπὸ
789 2043 1021 2100 Προσὼπου
1063 2043 1224 2099 Κυρίου,
1265 2043 1371 2084 διότι
1409 2043 1630 2099 ἐΓέιΓερται

121 2126 170 2168 ἐκ
197 2126 392 2183 νεφελῶν
419 2127 549 2171 ἁι-ίων
577 2128 716 2168 αὐτοῦ.

132 2252 448 2319 Ἐπιφώνημα
479 2253 563 2316 μὲν
604 2258 741 2303 τοῦτο
778 2252 926 2303 καλὸν
965 2254 1039 2303 καὶ
1079 2251 1331 2319 ἐπωφελές,
1368 2254 1443 2301 καὶ
1475 2251 1629 2318 πρόσ-

61 2339 230 2397 κλησις
279 2333 447 2398 ἀγαθὴ,
496 2339 592 2388 τοῖς
638 2334 884 2385 ἐθέλουσιν
933 2335 1202 2396 εὐδοκιμεῖν,
1253 2338 1290 2383 εἰ
1340 2334 1448 2398 παρ’
1496 2334 1636 2383 αὐτοῦ

0 2434 41 2472 25
62 2413 224 2480 γέγονε
269 2421 350 2466 τοῦ
395 2419 623 2482 Χριστοῦ,
667 2415 695 2480 ἢ
740 2419 801 2469 ὡς
842 2418 891 2467 ἐκ
934 2416 1196 2482 προσώπου
1235 2421 1317 2466 τοῦ
1358 2419 1631 2482 Προφητοῦ.

60 2495 189 2560 πλὴν
224 2499 367 2548 ἐκεῖνο
407 2499 755 2564 περιαθρητεόν.
823 2501 884 2552 ὡς
925 2497 1018 2564 γὰρ
1056 2497 1209 2561 πάντη
1250 2520 1297 2548 τε
1338 2499 1410 2547 καὶ
1449 2496 1635 2551 πάντως

108 2692 140 2715 2.
164 2682 388 2726 θαυμάσωμεν
408 2681 448 2716 C.
465 2681 624 2727 ὀψόμεθα
643 2682 684 2716 Β.
702 2682 867 2726 ὀψώμεθα
886 2681 977 2715 Edd.
1329 2695 1359 2723 4.
1389 2681 1485 2715 Haec
1503 2680 1542 2723 δή
1560 2695 1634 2714 τοτε

59 2734 239 2772 assumpta
255 2740 297 2762 ex
316 2728 404 2763 B.C.
582 2740 614 2771 5.
641 2731 792 2773 Χριστοῦ
812 2728 851 2762 C.
872 2728 995 2772 Κυρίου
1014 2727 1105 2761 Edd.
1280 2727 1312 2761 6.
1338 2728 1404 2772 γὰρ
1422 2727 1536 2772 prius]
1560 2732 1595 2768 ·†-
1617 2729 1634 2761 ὁ

62 2774 153 2809 Edd.
172 2775 280 2809 invito
299 2775 340 2809 C.
465 2784 497 2820 7.
522 2775 541 2819 ἡ
560 2775 594 2809 ἐν
610 2778 656 2821 τῷ
678 2775 764 2809 B.C.
784 2775 818 2809 ἐν
837 2775 928 2809 Edd.
1050 2774 1083 2808 8.
1110 2774 1144 2808 ἐν
1162 2772 1275 2819 plius]
1297 2775 1331 2807 ἐκ
1351 2774 1451 2807 Pont.
1471 2775 1523 2807 καὶ
1541 2774 1635 2808 Aub.

66 2832 117 2863 14.
143 2823 161 2855 ὁ
178 2822 236 2855 alt.
254 2833 324 2856 0111.
340 2821 375 2856 b.
424 2822 531 2867 φίλην
550 2821 628 2856 C.b.
646 2821 793 2866 φιλητὴν
812 2821 902 2855 Edd.
1096 2832 1127 2865 9.
1096 2819 1258 2866 9οὕτω]
1285 2825 1319 2861 -f-
1341 2823 1393 2855 καὶ
1412 2820 1503 2855 Edd.
1508 2821 1570 2901 2(V
1573 2827 1618 2854 at.
1624 2822 1635 2862 )

62 2867 170 2901 invito
189 2867 229 2901 C.
388 2879 442 2902 21.
470 2868 595 2912 Κυρίου
615 2868 654 2902 C.
673 2869 774 2902 αὐτοῦ
795 2868 831 2902 F.
851 2867 942 2901 Edd.
961 2867 1037 2912 (87,
1059 2878 1135 2911 130,
1153 2879 1233 2912 310,
1253 2878 1331 2911 3ΙΙ.
1336 2867 1352 2911 )
1530 2883 1562 2910 4.
1530 2866 1634 2912 462]

64 2913 122 2948 Sic
139 2913 231 2948 edidi
248 2926 288 2948 ex
308 2914 349 2949 C.
369 2913 484 2959 (ἦεεῖ
502 2915 563 2959 C.)
582 2914 647 2949 εἴτε
666 2914 757 2948 Edd.
936 2925 990 2959 25.
1018 2917 1168 2958 Χριστοῦ
1187 2913 1227 2948 C.
1248 2916 1334 2948 Θεοῦ
1355 2913 1444 2948 Edd.
1494 2914 1513 2957 ἢ
1531 2915 1574 2950 ὡς
1593 2913 1634 2948 C.

63 2959 128 2994 εἴτε
145 2961 208 3004 μὴν
226 2960 315 2996 Edd.
364 2960 544 3006 προφήτου
563 2961 603 2996 C.
621 2962 832 3005 προφητικοῦ
850 2960 941 2995 Edd.

1697 760 1736 790 1’‹
1729 771 1791 790 0.1n
1808 760 1839 790 ii

1698 807 1745 840 28
1765 814 1813 845 ²·‘)

1652 861 1672 886 C

1694 1247 1781 1278 Hssb.
1800 1248 1843 1278 xi.

1698 1299 1745 1321 10.

1651 1574 1678 1613 d

1694 1664 1748 1694 Ps.
1764 1663 1854 1693 xlvii.

1695 1719 1725 1747 ι).

1656 2063 1701 2098 13

1652 2517 1673 2544 θ
