2001 3361
288 189 362 223 702

341 310 415 344 327
464 320 520 351 c3

334 372 520 419 justorum
570 376 826 417 persecutores
873 371 948 405 337
989 382 1042 410 a3

339 436 429 471 lucri
463 434 581 482 turpis
616 434 715 469 avari
751 437 826 470 337
862 434 907 479 b;
955 446 1043 468 con-

338 499 523 535 tumeliosi
568 499 603 534 in
648 499 840 535 Christum
883 502 958 535 337
995 511 1042 543 ο;

337 565 567 599 devoventur
611 564 774 599 tenebris
816 567 891 600 337
931 564 967 605 d,
1008 570 1045 599 et
1080 561 1081 571 ¹

336 629 593 664 lamentationi
625 631 699 664 337
722 641 761 673 e;
797 629 934 665 famem
963 641 1042 664 ver-

339 693 375 727 bi
439 693 563 728 Divini
625 699 825 729 senserunt
887 696 962 730 339
1011 706 1042 729 a.

338 758 529 793 Crucifixo
575 758 738 798 Christo,
788 764 824 794 et
874 759 957 794 luce
1008 765 1045 794 et

339 821 480 869 Spiritu
518 822 651 870 privati
693 826 768 859 340
808 836 852 867 e3
903 822 1045 860 Christi

338 887 558 934 sanguinem
607 887 718 935 capiti
765 901 832 923 suo
879 888 1043 936 ipsorum

339 951 598 998 imprecantes,
620 952 697 987 voti
721 953 945 988 damnantur
968 956 1043 990 343

338 1029 378 1057 e:
431 1017 625 1052 nobilitate
673 1030 741 1053 sua
788 1018 1044 1065 superbientes

340 1084 416 1116 347
442 1093 482 1125 c;
509 1081 733 1128 jactitabant
759 1089 903 1129 patrem
923 1082 1044 1118 Abra-

338 1147 438 1186 ham,
461 1147 679 1182 electionem
711 1160 828 1189 suam,
858 1154 896 1183 et
925 1154 1045 1183 terrae

340 1210 500 1246 Sanctae
534 1212 809 1258 possessionem
850 1215 925 1248 347
962 1213 1044 1258 de3

821 184 1035 220 INDEX
1096 184 1340 220 RERUM.

593 305 701 353 Legis
752 310 1044 351 contemptores,
1079 309 1082 370 Ι

339 1276 546 1323 Aethiopas·
576 1277 801 1323 spernebant
837 1280 913 1314 348
944 1292 977 1319 a,
1009 1285 1046 1314 et
1080 1284 1083 1326 i

341 1340 555 1388 Cyrenaeos
578 1344 652 1377 348
676 1355 713 1387 cg
738 1348 887 1390 propter
902 1350 1045 1390 patrem
1081 1380 1082 1391 γ

337 1405 456 1440 Jacob
486 1406 623 1441 servati
655 1409 729 1442 348
762 1420 804 1449 e;
839 1420 906 1454 per
934 1408 1045 1444 fidem

340 1469 479 1516 accepti
521 1473 596 1505 349
637 1483 682 1515 a3

339 1599 490 1643 cientes,
530 1600 626 1635 inter
663 1601 868 1648 Aethiopas
906 1603 1045 1638 redacti
1082 1594 1083 1603 ἵ

340 1666 417 1699 349
476 1664 523 1707 d;
874 1666 1043 1708 extincti,

339 1728 491 1763 domum
530 1729 687 1765 redeunt
728 1733 803 1767 350
843 1731 921 1772 ab;

582 1664 690 1711 capti,
742 1678 817 1700 non

970 1744 1044 1767 non

340 1793 499 1839 amplius
520 1806 541 1828 a
556 1794 675 1840 patria
690 1795 896 1831 abducendi
915 1799 990 1832 350
1008 1809 1044 1841 c;

340 1857 387 1892 ad
426 1857 626 1894 Idumaeos
665 1859 924 1907 confugientes
962 1874 1042 1897 cae·
1080 1857 1082 1865 ’

340 1922 480 1957 duntur
511 1925 585 1959 355
617 1936 657 1967 c;
692 1924 737 1959 ab
767 1924 913 1966 iisdem,
945 1926 1044 1961 aedi-
1080 1917 1082 1962 i

339 1987 494 2022 ficantes
507 1987 700 2035 templum,
717 1995 900 2025 vexantur
913 1993 988 2026 355
1005 1991 1044 2034 d;

339 2051 491 2087 cosdem
505 2052 758 2089 exterminant
773 2056 848 2089 355
864 2067 897 2100 e;
916 2061 1046 2091 contra
1081 2072 1083 2090 i

339 2115 473 2151 fratres
500 2116 699 2152 Idumaeos
728 2118 940 2154 saevissime
967 2132 1044 2155 rem
1082 2128 1083 2154 1

338 2180 521 2228 gerebant
535 2184 610 2217 358
627 2182 664 2227 b;
680 2183 856 2218 stolidum
871 2184 1046 2230 quiddam

338 2252 377 2280 et
396 2250 527 2281 contra
542 2252 713 2282 naturam
730 2248 944 2289 credebant,
962 2261 1045 2284 cum
1082 2263 1083 2273 ¹

339 2310 528 2346 Gentibus
583 2311 720 2347 habere
781 2313 1045 2349 commercium

340 2377 417 2411 373
439 2375 481 2419 b;
504 2375 658 2423 Legem,
677 2375 901 2424 Prophetas,
923 2377 1045 2425 ipsum

339 2438 560 2481 Dominum,
595 2446 889 2486 contemnentes,
925 2441 1044 2478 Nine-

339 2503 425 2538 vitis
443 2503 636 2540 inferiores
662 2504 848 2541 habentur
870 2508 945 2542 383
967 2507 990 2542 b
1004 2519 1044 2552 e;

339 2568 387 2603 ob
422 2567 515 2604 falsa
541 2569 685 2616 jejunia
718 2571 933 2617 reprehensi
969 2574 1044 2608 384
1082 2598 1084 2608 s

340 2632 420 2678 abg
459 2639 545 2680 post
578 2633 831 2680 captivitatem
866 2636 1046 2671 terminos

339 2697 446 2744 regni
467 2710 582 2745 usque
606 2698 651 2733 ad
673 2698 887 2734 Idumaeam
916 2706 1044 2736 exten-

732 1470 929 1519 Prophetis
971 1485 1045 1509 non
1081 1486 1082 1492 ¹

340 1533 541 1570 credebant
567 1538 642 1571 349
668 1548 707 1580 c;
741 1536 933 1572 Christum
963 1538 1045 1585 reji-

340 2761 477 2798 debant
517 2764 588 2798 361
632 2775 676 2807 e3
724 2763 974 2811 principatum
1009 2770 1046 2801 et
1082 2772 1084 2806 ἴ

341 2825 518 2873 Sareptae
563 2835 600 2863 et
649 2827 837 2875 Ephratae
884 2829 1046 2865 habituri
1083 2819 1085 2887 i

340 2891 602 2935 praedicuntur
617 2894 691 2928 362
707 2893 744 2936 d;
763 2893 809 2928 ob
819 2893 1044 2940 apostasiam
1084 2890 1085 2925 ἶ

341 2953 480 2999 rejecti,
505 2955 661 3002 subjecti
682 2962 806 2992 tamen
831 2960 905 2993 363
929 2971 969 2999 a;
999 2971 1045 2994 ex
1084 2947 1085 2953 ¹

1713 199 1869 223 JUDAEI.

1169 305 1318 341 civitate
1335 319 1413 347 sua,
1431 307 1514 354 lege
1536 307 1665 349 Mosis,
1682 308 1778 344 inter
1794 308 1872 344 ido-

1167 369 1319 405 lolatras
1335 371 1436 407 exire
1455 384 1530 407 non
1550 372 1720 420 permissi
1742 375 1816 409 373
1835 385 1870 418 a;

1167 447 1282 481 usque
1299 435 1345 470 ad
1362 436 1499 472 Christi
1521 442 1670 484 tempus
1691 438 1871 473 Gentium

1166 500 1400 536 vocationem
1420 513 1488 548 pro
1505 502 1665 537 absurdo
1686 502 1874 538 habebant

1169 566 1244 600 373
1292 564 1336 609 b;

1167 629 1355 665 Ninevitis
1388 630 1609 673 confessam,
1645 644 1719 667 non
1754 632 1871 667 confi-

1386 565 1457 601 Dei
1507 566 1812 609 misericordiam,
1852 580 1874 602 a

1167 699 1294 729 tentur
1311 697 1386 730 384
1404 694 1441 739 d;
1465 708 1547 731 eum
1566 696 1715 732 Graecis
1735 696 1874 743 p'ariter

1167 771 1233 806 per
1271 759 1463 795 Christum
1501 761 1683 808 redempti
1719 763 1795 797 389
1831 773 1871 805 c;

1167 823 1203 858 in
1243 824 1493 861 calamitatem
1539 825 1643 872 lapsi,
1684 825 1872 861 montibus

1167 889 1365 925 commotis
1394 890 1597 937 comparati
1624 892 1698 926 395
1730 902 1770 933 c;
1807 902 1874 926 sua

1167 954 1332 1002 ipsorum
1376 954 1577 1002 impietate,
1617 954 1687 990 sibi
1723 954 1871 990 calami-

1167 1024 1282 1054 tatem
1322 1019 1528 1055 intulerunt
1565 1021 1640 1055 396
1674 1031 1719 1064 a3
1759 1027 1873 1055 noctu

1168 1084 1265 1118 mala
1297 1083 1518 1131 cogitantes,
1549 1084 1874 1131 reprehenduntur

1170 1151 1245 1184 405
1261 1161 1295 1193 c;
1318 1149 1406 1184 item
1424 1148 1597 1184 avaritiae
1614 1149 1727 1184 dediti
1742 1152 1818 1185 405
1834 1149 1872 1193 d;

1169 1214 1347 1249 crucifixo
1368 1213 1528 1254 Christo,
1550 1213 1587 1248 in
1613 1226 1762 1249 omnem
1784 1227 1871 1250 ven-

1169 1284 1247 1313 tum
1270 1279 1386 1325 sparsi
1406 1278 1556 1313 fuerunt
1578 1281 1653 1314 405
1674 1278 1709 1322 i,·
1731 1279 1874 1326 precari

1169 1343 1417 1390 negligentes,
1443 1343 1766 1390 reprehenduntur
1796 1346 1872 1380 406

1170 1408 1214 1448 b;
1248 1408 1335 1443 item
1366 1408 1526 1443 carnalia
1553 1408 1672 1443 solum
1701 1416 1874 1445 curantes

1171 1474 1247 1508 406
1269 1473 1312 1517 d;
1344 1473 1390 1508 ab
1411 1473 1580 1508 hostibus
1605 1474 1781 1515 demensi,
1805 1474 1826 1509 i.
1842 1487 1872 1510 e.

1170 1537 1309 1572 tributo
1338 1537 1493 1584 subjecti
1522 1541 1597 1574 407
1620 1538 1664 1583 b;
1695 1538 1741 1574 ab
1766 1539 1875 1574 idolis

1170 1601 1261 1636 nihil
1300 1602 1420 1649 juvati
1469 1605 1544 1638 407
1593 1615 1634 1647 (ῖς
1697 1603 1875 1639 crucifixo

1171 1665 1335 1706 Christo,
1357 1666 1584 1702 exhaeredes
1613 1667 1701 1702 faeti
1730 1670 1807 1704 407
1833 1680 1873 1713 e;

1171 1730 1205 1765 in
1218 1730 1497 1766 Emmanuelem
1512 1731 1875 1774 debacchati,0vium

1171 1795 1279 1842 gregi
1343 1802 1602 1832 consternatae
1672 1797 1875 1844 comparati

1171 1862 1247 1895 416
1262 1861 1303 1905 Ι);
1321 1860 1437 1896 solem
1452 1861 1666 1902 amiserunt,
1682 1861 1876 1897 Christum

1171 1925 1381 1972 rejicientes
1429 1928 1505 1961 419
1545 1938 1591 1971 03
1641 1927 1794 1962 Sionem
1838 1925 1876 1962 in

1171 1990 1352 2037 sanguine
1373 1990 1610 2026 aedificantes
1631 1991 1748 2038 ipsam
1775 2004 1878 2028 ever-

1171 2060 1257 2090 tunt
1285 2057 1356 2090 421
1383 2067 1427 2099 e;
1460 2055 1578 2091 donec
1608 2056 1725 2092 sancti
1757 2063 1876 2098 erant,

1172 2119 1297 2154 Deum
1324 2119 1511 2155 habebant
1539 2120 1713 2156 comitem
1736 2123 1812 2157 423
1834 2133 1875 2166 c;

1172 2196 1247 2219 non
1285 2184 1395 2231 pauci
1437 2184 1673 2220 crediderunt
1713 2188 1789 2221 440
1830 2198 1878 2232 ες

1172 2248 1377 2289 credentes,
1603 2249 1877 2286 luxuriantibus

1172 2313 1375 2360 comparati
1416 2315 1489 2348 44¹.
1539 2313 1575 2355 d,
1616 2313 1706 2349 item
1745 2314 1877 2350 catulis

1171 2377 1321 2413 leonum
1340 2380 1415 2413 442
1430 2377 1475 2418 b;
1499 2383 1652 2425 propter
1666 2383 1876 2425 equestrem

1171 2454 1346 2489 pompam
1373 2442 1588 2489 reprehensi
1616 2445 1693 2478 443
1715 2455 1756 2488 c;
1787 2443 1875 2478 item

1437 2249 1544 2296 agnis

1171 2506 1218 2541 ob
1240 2506 1486 2542 idololatriam
1507 2512 1545 2542 et
1568 2508 1752 2555 magicam
1772 2507 1876 2542 dam-

1171 2571 1248 2606 nati
1265 2573 1341 2607 443
1365 2571 1403 2616 d;
1429 2571 1550 2607 Deum
1570 2576 1875 2618 praemonentem

1172 2640 1390 2683 spernentes
1436 2636 1668 2671 devoventur
1715 2638 1791 2671 444
1832 2648 1873 2679 a;

1755 2700 1875 2746 puniti

1174 2701 1429 2735 Romanorum
1508 2700 1677 2736 manibus

1173 2767 1250 2800 444
1298 2764 1342 2799 b·

1172 2842 1320 2865 sensum
1335 2794 1483 2864 ,nullum
1509 2828 1696 2864 habebant
1723 2831 1799 2865 444
1830 2829 1874 2874 d;

1397 2764 1554 2800 Divinae
1599 2763 1875 2800 misericordiae

1172 2893 1452 2941 ingratitudinis
1785 2905 1873 2929 con-

1308 2960 1383 2992 446

1512 2892 1716 2939 stupendae

1173 2958 1258 2993 victi
1439 2970 1459 2992 a
1489 2969 1533 2998 e;
1593 2957 1874 2994 Emmanuelem
