2049 3366
113 229 294 254 GLADws.

163 338 288 382 fidem,
309 338 486 387 depastae
514 344 585 378 441
611 342 656 384 d;
694 344 739 379 ab
769 344 868 391 Apo·
902 344 904 359 '

165 403 270 438 stolis
304 405 484 451 spoliatae
520 409 595 443 442
617 420 659 447 c;
701 407 866 443 Judaeo-

163 479 245 502 rum
266 468 495 516 impietatem
516 472 718 508 cernebant
735 475 810 508 443
826 472 867 516 (13

163 543 231 578 pro
257 532 504 571 daemonibus
531 536 691 583 positum
721 540 797 573 470
819 537 867 582 (13

164 609 186 632 a
214 597 362 633 vinculo
393 599 554 636 Satanae
584 614 650 648 per
676 600 867 638 Christum

163 661 341 698 liberatae
396 667 471 701 490
522 678 564 707 a;
622 666 657 701 in
707 666 866 713 gratiam

165 732 341 774 acceptae
374 731 449 765 542
482 730 505 765 b
533 743 574 772 c;
617 733 692 766 549
721 743 766 775 a3
806 730 869 765 ali-

164 792 314 838 quando
349 806 415 840 pro
451 794 695 831 daemonibus
729 795 869 830 dictum

167 858 244 892 560
266 869 307 900 c;
340 860 415 894 563
438 871 480 899 a;
518 859 554 894 in
576 860 781 895 Ecclesiam
804 873 867 895 vo-

164 926 268 957 catae
298 924 375 959 600
397 923 441 967 d;
483 923 530 959 ad
559 923 680 960 Deum
716 937 870 960 conver-

165 986 301 1022 tendae
331 1000 396 1034 per
420 987 650 1035 Sophoniam
680 989 868 1036 praedice-

164 1050 303 1087 bantur
345 1054 421 1088 616
461 1066 507 1098 e;
574 1053 611 1089 in
663 1054 870 1090 Ecclesiam

165 1115 365 1152 influentes
398 1117 661 1155 describuntur
690 1121 766 1155 617
788 1119 811 1155 b
828 1131 868 1164 c;

164 1179 416 1228 ignorantiam
469 1188 623 1232 propter
671 1190 871 1220 excusatae

165 1246 243 1281 624
265 1258 307 1291 a;
336 1259 478 1294 pacem,
501 1247 674 1295 gratiam,
696 1248 868 1296 gloriam,

164 1310 321 1358 adeptae
355 1318 443 1348 sunt
474 1314 550 1349 624
578 1312 700 1359 bed,
740 1313 869 1349 alacri-

165 1381 243 1412 tate
281 1381 318 1412 et
356 1376 545 1412 laboribus
585 1377 765 1413 Israelem
808 1390 870 1414 ex-

165 1441 392 1489 superabant
422 1444 498 1478 633
527 1442 605 1483 ab3
642 1443 765 1478 nullae
795 1455 868 1478 non

731 1506 870 1555 Cyrillo

165 1577 316 1607 auctore
331 1572 405 1607 641
422 1583 462 1616 c;
492 1571 682 1613 barbarae,
697 1572 871 1608 cornibus

165 1641 404 1684 comparatae
434 1637 510 1672 664
533 1636 609 1682 de;
651 1649 723 1684 quo
758 1649 871 1673 sensu

165 1700 247 1738 acui
280 1701 451 1737 dicantur
482 1702 558 1737 665
595 1701 672 1746 cd;
717 1703 793 1737 666
825 1702 870 1747 d,-

166 1766 369 1814 spoliantes
389 1766 567 1813 spoliatae
589 1768 665 1802 669
686 1766 765 1811 ab;
795 1778 870 1802 non

165 1843 297 1866 omnes
335 1830 448 1866 fidem
491 1830 674 1878 accipient
713 1832 788 1867 693
824 1843 870 1876 e,·

165 1505 359 1543 Christum
425 1513 663 1554 acceperunt,

164 1894 202 1930 in
216 1895 368 1931 domum
383 1894 455 1931 Dei
471 1895 722 1930 aedificandae
738 1897 812 1931 707
828 1907 847 1930 e
861 1907 869 1939 ;

165 1959 306 1996 mutuis
358 1959 456 1995 inter
502 1971 541 1995 se
592 1959 870 1995 hortationibus

165 2023 372 2060 Ecclesiam
393 2023 674 2071 amplificabunt
696 2026 770 2059 727
793 2035 812 2058 c
829 2035 869 2068 e;

168 2091 244 2126 728
266 2101 287 2124 a
305 2101 346 2134 e;
380 2101 457 2123 non
484 2088 554 2124 nisi
582 2094 666 2137 post
693 2088 869 2124 Incarna-

165 2143 307 2189 tionem
347 2155 423 2190 729
459 2165 500 2195 a;
546 2153 591 2189 ab
629 2152 722 2188 asini
756 2152 870 2200 pullo,

165 2217 359 2255 Christum
406 2222 592 2266 portante,
640 2217 871 2265 significatae

167 2285 243 2320 736
283 2295 326 2328 c;
381 2283 427 2318 ab
474 2281 682 2330 Apostolis,
731 2280 872 2318 Christi

167 2347 330 2395 sagittis,
353 2347 497 2383 defixae
523 2353 610 2383 sunt
632 2349 707 2383 740
729 2359 770 2391 a;
807 2357 872 2393 per

166 2417 360 2460 peccatum
369 2424 389 2447 a
397 2411 480 2447 Deo
487 2416 664 2452 remotae,
674 2423 738 2458 per
745 2409 871 2447 Chris-

166 2481 247 2513 tum
275 2475 507 2524 propinquae
535 2475 656 2512 factae
689 2478 763 2512 752
791 2488 812 2510 a
831 2475 871 2520 b;

167 2540 324 2589 pulchra
344 2540 462 2588 virga,
490 2540 528 2576 in
556 2540 701 2576 caulam
731 2539 872 2577 Christi

167 2605 382 2653 compulsae
414 2607 489 2641 765
518 2617 595 2650 ae;
630 2618 716 2641 cum
746 2605 871 2641 Evan-

167 2670 280 2718 gelio,
306 2674 388 2705 tum
414 2669 498 2717 lege
522 2669 641 2705 Mosis
668 2670 872 2706 instructae

170 2736 245 2771 767
268 2746 308 2779 e;
342 2735 417 2770 768
447 2734 531 2779 ad;
573 2734 732 2782 stipulae
769 2747 873 2770 com-

167 2804 361 2848 parantur,
405 2798 548 2834 fervido
597 2796 873 2846 Apostolorum

170 2863 251 2899 zelo
277 2862 450 2899 incensae
473 2865 548 2899 778
570 2861 593 2898 b
610 2875 649 2908 ⁰3
682 2875 756 2911 qua
774 2863 872 2911 lege,

169 2926 207 2962 in
228 2927 339 2962 fidem
360 2927 589 2975 accipiantur
611 2930 682 2964 781.
703 2940 745 2968 a;
778 2940 874 2975 quae

171 2990 377 3027 Ecclesiam
393 2997 612 3039 persecutae
630 2998 728 3034 sunt,
747 2992 870 3028 delen·
906 3004 909 3037 i

231 3065 324 3093 VOL.
348 3066 394 3092 II.

651 222 859 258 INDEX
923 220 1162 259 RERUM.

1620 226 1690 259 681

993 344 1060 380 dac
1084 347 1158 381 782
1181 356 1222 390 c;
1257 355 1370 392 quare
1400 343 1517 392 portis
1548 356 1698 391 compa-

993 416 1124 445 rentur
1163 411 1239 445 782
1279 409 1326 454 (13
1376 408 1474 444 idola
1519 408 1699 451 colentes,

994 474 1211 521 ignoranter
1240 474 1443 521 peccabant
1473 476 1548 510 787
1571 486 1613 519 c;
1654 474 1702 509 ad

992 539 1224 574 adorandum
1250 539 1453 575 ascendent
1476 542 1552 575 810
1575 551 1618 583 a;
1655 538 1701 574 ad

993 602 1268 651 Scenopcgiam
1318 616 1393 639 non
1442 603 1700 644 ascendentes,

992 667 1191 704 damnatae
1230 674 1342 704 crunt
1381 670 1455 704 811
1498 668 1584 713 be;
1638 680 1704 703 vo-

994 738 1110 774 catae,
1146 733 1316 780 quamvis
1359 733 1453 768 hora
1492 732 1702 774 undecima,

1561 797 1702 833 habent

992 797 1274 833 excusationem
1348 798 1488 834 nullam

993 863 1070 898 812
1106 874 1127 897 a
1146 862 1192 907 b;

992 938 1126 974 nempe
1153 927 1358 974 spirituale,
1381 928 1572 963 oblaturae
1598 939 1701 974 prae-

993 997 1252 1027 monstrantur
1274 994 1350 1028 829
1373 992 1411 1037 d3
1439 995 1515 1028 830
1533 1004 1567 1036 a;
1599 1004 1702 1027 men-

993 1068 1071 1091 sam
1090 1055 1243 1092 Domini
1265 1057 1519 1093 observabunt
1542 1059 1618 1093 830
1633 1069 1652 1093 c
1666 1056 1701 1092 d.

1238 862 1462 899 sacrificium
1504 862 1701 903 mundum,

939 1121 1085 1161 Genua,
1102 1121 1283 1157 dissoluta
1298 1122 1448 1164 habere,
1467 1121 1703 1158 contritionis

994 1185 1145 1233 signum
1169 1189 1241 1222 501
1268 1199 1299 1222 e.

941 1250 1073 1287 Genus
1093 1251 1317 1295 humanum,
1342 1251 1388 1287 ad
1409 1251 1497 1299 quid
1520 1256 1702 1291 creatum,

994 1316 1185 1363 quomodo
1205 1322 1428 1352 renovatum
1452 1318 1527 1352 367
1551 1315 1573 1351 d
1590 1328 1625 1352 e.

941 1380 1062 1422 Geon,
1092 1381 1230 1416 fluvius
1260 1379 1493 1428 Aethiopum
1524 1380 1701 1416 Orienta-

993 1445 1087 1481 lium
1110 1447 1185 1481 617
1209 1457 1241 1482 c.

941 1509 1096 1551 Geram,
1139 1510 1230 1546 urbs
1274 1510 1482 1558 juramenti
1526 1508 1702 1545 Abrahae

995 1577 1071 1611 299
1093 1587 1138 1620 a;
1173 1580 1304 1622 postea
1333 1574 1441 1611 sedes
1472 1574 1703 1610 idololatriae

997 1641 1073 1676 299
1095 1639 1131 1674 b.

942 1703 1158 1750 Gergesaei,

996 1768 1072 1803 239
1104 1779 1148 1813 e,

993 1837 1133 1869 vexant
1169 1835 1245 1869 248
1277 1845 1323 1879 e3
1368 1845 1389 1868 a
1421 1832 1576 1868 Judaeis
1615 1845 1704 1868 con-

995 1896 1134 1944 sumpti
1156 1898 1233 1933 270
1256 1909 1288 1932 e.

941 1961 1055 2003 Geth,
1076 1961 1242 1997 Judaeae
1261 1961 1375 2003 vicus,
1396 1961 1517 1997 Jonae
1538 1961 1704 2010 Prophe-

1234 1702 1399 1739 Finitimi
1472 1702 1702 1739 Judaeorum

1200 1767 1407 1803 Samariam
1446 1773 1483 1803 et
1520 1767 1704 1803 Judaeam

994 2031 1053 2061 tae
1083 2025 1347 2061 incunabulum
1382 2027 1458 2062 364
1487 2038 1536 2071 a3
1575 2026 1701 2062 alieni-

994 2102 1176 2138 genarum
1209 2090 1319 2132 dicta,
1351 2090 1437 2126 urbs
1472 2090 1704 2126 Palaestinae

1545 2156 1621 2191 313
1651 2155 1674 2190 b
1692 2167 1703 2201 3

994 2218 1280 2254 Philistaeorum
1311 2218 1530 2265 metropolis
1558 2221 1635 2255 400
1657 2231 1702 2265 e,

994 2282 1184 2319 Samariae
1201 2288 1331 2330 captae
1352 2282 1510 2318 irridens
1529 2282 1705 2319 irridetur

994 2347 1098 2395 quasi
1109 2347 1352 2395 aBabyloniis
1366 2347 1545 2394 capienda
1555 2350 1628 2384 401
1640 2348 1702 2383 ab.

941 2411 1116 2453 Gethaei,
1140 2411 1269 2447 Israeli
1296 2410 1508 2452 irridentes,
1534 2423 1617 2447 cum
1645 2411 1701 2447 Is-

993 2476 1133 2512 raelitis
1154 2476 1191 2511 in
1212 2475 1363 2511 exilium
1394 2474 1531 2510 dantur
1552 2478 1629 2512 404
1652 2475 1700 2521 d3

994 2154 1083 2190 olim
1122 2154 1300 2201 primaria
1339 2155 1416 2190 236
1448 2166 1495 2200 a3

994 2553 1090 2576 vana
1116 2540 1250 2576 domus
1277 2539 1378 2581 dicti,
1400 2546 1553 2588 propter
1571 2539 1700 2588 impie-

993 2610 1109 2641 tatem
1132 2607 1208 2640 404
1231 2617 1264 2640 e.

942 2669 1110 2715 Gladius,
1135 2669 1390 2717 spiritualiter,
1413 2682 1480 2718 pro
1507 2669 1620 2705 animi
1646 2670 1699 2706 af-

994 2734 1151 2770 fectibus
1173 2734 1312 2769 dictum
1338 2735 1409 2769 161
1434 2746 1481 2779 a;
1511 2734 1592 2775 Dei,
1614 2734 1702 2781 quid

995 2800 1043 2835 sit
1057 2802 1130 2836 601
1149 2811 1189 2844 e;
1221 2798 1559 2846 spiritualisstr'erbi
1575 2799 1701 2835 Divini

996 2863 1042 2899 ab
1079 2865 1239 2911 Aggaeo
1276 2863 1503 2910 praedicitur
1541 2865 1618 2900 650
1653 2876 1699 2909 a3

996 2928 1077 2970 Dei,
1099 2927 1188 2975 quid
1216 2926 1327 2962 faciat
1360 2929 1430 2963 741
1456 2927 1526 2964 bc.
1584 2926 1700 2974 [Vide

997 2991 1275 3039 Rhomphaea]

1175 3066 1242 3104 4s
