2033 3381
335 182 417 220 140
728 183 777 222 B.
821 183 1095 223 CYRILLI
1135 182 1515 224 ALEXANDR.
1795 179 1851 219 iii.
1878 189 1915 231 7-

114 306 262 382 11161e1nvi.
335 292 493 356 φωνῆς
519 290 738 356 Ἱερεμίου
763 297 790 320 “
811 293 960 353 Στῆτε
997 293 1071 342 ἐπὶ
1105 296 1205 344 ταῖς
1243 293 1364 345 ὁδοῖς
1399 295 1474 342 καὶ
1513 288 1778 356 ἐρωτήσατε
1816 287 1913 352 τρί-

159 376 165 382 ’
336 380 362 402 “
388 377 502 433 βους
525 372 701 438 Κυρίου
727 373 950 434 αἰωνίους,
977 376 1051 423 καὶ
1076 373 1189 423 ’ίδετε
1215 372 1326 425 ποία
1349 376 1479 424 ἐστὶν
1507 373 1534 436 ἡ
1561 370 1668 425 ὁδὸς
1694 371 1723 433 ἡ
1745 369 1914 434 ἀγαθὴ,

335 462 361 484 “
387 456 461 504 καὶ
492 453 697 520 βαδίζετε
736 455 784 504 ἐν
818 455 934 522 αὐτῇ
973 458 1047 505 καὶ
1087 454 1304 521 εὑρήσετε
1345 453 1581 519 ἁγνισμὸν
1613 457 1711 506 ταῖς
1738 455 1916 520 ψυχαῖς

337 544 363 567 “
391 536 565 597 ὑμῶν·”
624 539 699 586 καὶ
743 535 836 599 μὴν
885 539 959 586 καὶ
1010 536 1085 587 διὰ
1136 539 1294 604 φωνῆς
1344 542 1427 587 τοῦ
1471 534 1698 601 μακαρίου
1743 532 1917 584 Δαυείδ

117 683 166 712 3²⁵
337 708 363 730 ‘⁴
389 700 516 755 μου.”
581 699 818 763 ἐτάκησαν
854 700 910 764 δὴ
944 702 1025 751 οὖν
1060 702 1234 763 βουνοὶ,
1263 703 1403 769 φησὶ,
1435 699 1688 761 τουτέστιν,
1719 702 1760 749 οἱ
1790 696 1919 763 παρὰ

293 796 318 835 d
336 788 430 836 τοῖς
454 784 694 836 Ἰουδαίοις
730 781 815 846 τὴν
850 789 933 834 τοῦ
970 787 1277 849 καθηγεῖσθαι
1313 782 1539 849 λαχόντες
1572 782 1729 850 δόξαν,
1757 784 1829 831 καὶ
1862 779 1920 830 τὰ

337 868 419 929 τῆς
455 864 572 916 κατὰ
612 865 754 927 νόμον
793 868 1049 932 ἱερουργίας
1088 867 1339 930 ἀνημμένοι
1378 864 1643 932 αὐχήματα.
1708 863 1790 916 τὰς
1830 863 1921 927 γάρ

339 971 411 998 τοι
455 971 644 1016 παρειάς,
688 948 788 1012 ἤτοι
832 948 915 1002 τὰς
963 948 1154 1002 ἐντολὰς
1195 954 1278 999 τοῦ
1314 947 1638 1011 Ἐμμανουήλ·
1691 948 1836 1009 δῆλον
1875 944 1922 994 δὲ

340 1031 409 1081 ὅτι
443 1030 502 1080 τὰ
536 1030 818 1096 εὐαγγελικά
853 1031 1173 1094 θεσπίσματα·
1215 1033 1290 1081 καὶ
1325 1035 1418 1081 τῶν
1451 1029 1656 1096 ἀρχαίων
1694 1050 1920 1096 χρησμῳ-

341 1114 559 1176 δημάτων
609 1112 694 1176 τὴν
739 1115 1035 1179 ἀσυγκρίτως
1078 1115 1248 1177 ἀμείνω
1291 1136 1339 1163 τε
1387 1115 1460 1162 καὶ
1510 1112 1771 1178 φανοτέραν
1813 1111 1921 1160 παί-

343 1199 502 1247 δευσιν
540 1200 631 1246 αντὶ
675 1199 819 1247 κόπων
859 1193 975 1259 εἶδον,
1011 1196 1265 1257 τουτέστιν,
1306 1194 1548 1260 ἡγήσαντο
1587 1192 1813 1262 φορτικὴν
1852 1196 1926 1242 καὶ

345 1282 534 1344 ἱδρῶτος
559 1278 764 1342 ἕμπλεω,
798 1279 945 1329 καίτοι
977 1278 1198 1344 λε’γοντος
1234 1280 1437 1343 ἐναργῶς
1465 1282 1547 1327 τοῦ
1581 1275 1772 1327 πάντων
1798 1276 1928 1338 ἡμῶν

785 1366 803 1375 Α

121 1367 291 1452 ξιΜέξὲζ
346 1364 564 1427 Σωτῆρος
590 1365 805 1427 Χριστου
831 1369 858 1390 “
877 1367 1023 1412 Δεῦτε
1058 1360 1176 1427 πρὸς
1214 1360 1270 1424 μὲ
1303 1360 1474 1413 πάντες
1506 1363 1547 1410 οἱ
1579 1362 1827 1410 κοπιῶντες
1854 1358 1928 1407 καὶ

307 1470 327 1495 e
347 1453 373 1475 ‘⁶
397 1446 777 1512 πεφορτισμένοι,
815 1445 946 1511 κάγὼ
990 1446 1250 1497 ἀναπαύσω
1294 1447 1426 1508 ὑμᾶς.
1494 1445 1634 1509 ἄρατε
1672 1443 1754 1493 τὸν
1789 1442 1928 1508 ζυγόν

347 1538 373 1558 “
398 1553 488 1591 μου
530 1530 600 1597 ἐφ’
638 1531 766 1591 ὑμᾶς,
812 1533 886 1579 καὶ
925 1527 1093 1592 μάθετε
1135 1527 1213 1579 ἀπ’
1259 1529 1384 1591 ἐμοῦ,
1427 1527 1497 1577 ὅτι
1539 1525 1686 1592 πρᾶός
1725 1528 1814 1587 εἰμι
1854 1526 1929 1574 καὶ

346 1619 372 1639 “
399 1611 612 1664 ταπεινὸς
650 1614 707 1678 τῇ
745 1612 922 1679 καρδίᾳ,
951 1613 1025 1661 καὶ
1063 1609 1282 1677 εὑρήσετε
1322 1609 1590 1659 ἀνάπαυσιν
1622 1612 1722 1661 ταῖς
1752 1609 1930 1674 ψυχαῖς

346 1701 373 1722 ‘⁸
399 1696 539 1756 ὑμῶν.
605 1696 629 1744 ὁ
680 1693 773 1759 γὰρ
818 1694 952 1760 ζυγός
998 1716 1087 1755 μου
1129 1692 1338 1760 χρηστὸς
1388 1695 1462 1742 καὶ
1504 1689 1558 1741 τὸ
1603 1690 1796 1758 φορτίον
1841 1711 1930 1750 μου

348 1788 373 1809 “
398 1778 612 1847 ἐλαφρόν
643 1780 784 1831 ἐστι.”
852 1779 1109 1829 δύσοιστον
1144 1777 1191 1828 δὲ
1226 1779 1300 1827 καὶ
1339 1777 1503 1842 ἑτέρως
1540 1773 1779 1826 ἐποιοῦντό
1813 1796 1932 1828 τινες

348 1862 431 1915 τὰς
458 1886 634 1929 πορειας
667 1863 823 1919 αὐτοῦ,
851 1863 904 1911 δι’
935 1859 1000 1911 ῶν
1037 1859 1093 1924 ἧν
1126 1861 1356 1911 δύνασθαι
1395 1856 1595 1909 διάττειν
1633 1856 1835 1910 εὐκόλως
1870 1858 1931 1909 εἷς

351 1944 470 2011 ζωὴν
505 1945 705 1995 αἰώνιον.
772 1946 796 1994 ὁ
831 1943 915 2006 μὲν
947 1943 1039 2008 γὰρ
1076 1943 1248 2007 Κύριος
1280 1943 1411 2005 ἡμῶν
1442 1942 1627 2004 Ἰησοῦς
1666 1940 1690 1988 ὁ
1721 1937 1931 2003 Χριστὸς

351 2030 433 2091 τῆς
466 2030 695 2090 μυστικῆς
727 2028 943 2091 εὐλογίας
974 2025 1058 2089 τὴν
1094 2025 1287 2088 δύναμιν
1313 2025 1411 2089 ἥτις
1444 2023 1562 2074 ποτέ
1592 2024 1694 2072 ἐστι
1721 2020 1932 2088 διεσάφει

129 2120 274 2203 ῗίὖὲᾖῃ-
354 2112 505 2179 λέγων
533 2120 559 2141 “
579 2112 733 2175 Ἀμὴν
768 2111 891 2175 ἀμὴν
928 2111 1053 2176 λέγω
1088 2112 1206 2172 ὑμῖν,
1233 2109 1312 2160 ἐὰν
1347 2109 1410 2173 μὴ
1447 2107 1630 2175 φάγητε
1665 2105 1750 2169 τὴν
1776 2105 1933 2172 σάρκα

133 2183 285 2247 5623ᾈ.
316 2204 381 2244 ιι“
408 2201 490 2245 τοῦ
532 2198 629 2245 υἱοῦ
669 2200 752 2244 τοῦ
791 2194 1052 2260 ἀνθρώπου,
1096 2194 1170 2243 καὶ
1221 2192 1354 2255 πίητε
1404 2192 1544 2242 αὐτοῦ
1585 2188 1638 2240 τὸ
1680 2188 1807 2251 αἷμα,
1851 2188 1933 2238 οὐκ

356 2286 382 2307 “
410 2278 533 2345 ἔχετε
560 2277 680 2343 ζωὴν
705 2279 752 2327 ἐν
778 2277 1001 2329 ἑαυτοῖς.”
1045 2280 1085 2326 οἱ
1113 2275 1159 2325 δὲ
1185 2279 1279 2325 τῶν
1300 2275 1418 2324 οὕτω
1439 2276 1629 2323 σεπτῶν
1650 2270 1933 2337 ἀκροώμενοι

135 2376 255 2407 Ib.60-
356 2360 515 2426 λόγων
566 2365 946 2425 παραληροῦντες
991 2359 1203 2426 ἔφασκον
1245 2365 1272 2385 “
1295 2355 1509 2421 Σκληρός
1558 2356 1688 2404 ἐστιν
1726 2354 1751 2404 ὁ
1790 2351 1934 2418 λόγος

409 2540 437 2562 1.
455 2530 525 2563 τοῖς
543 2529 624 2562 ὁδοῦ
643 2528 722 2571 (sic)
744 2527 788 2561 D.
887 2538 918 2560 2.
938 2527 1062 2571 Κυρίου
1081 2538 1149 2559 om.
1165 2525 1210 2558 D.
1260 2523 1277 2566 ἡ
1296 2523 1404 2568 ἀγαθὴ
1418 2523 1495 2557 ὁδος
1512 2522 1556 2555 D.
1654 2532 1686 2565 3.
1705 2520 1873 2574 dym'ffpbv
1889 2520 1934 2554 D.

358 2575 498 2621 (Alex)
664 2576 696 2608 0.
723 2575 753 2607 οἱ
769 2575 886 2614 βουνοὶ
906 2574 985 2608 D.a.
1035 2575 1123 2618 φησι
1142 2584 1211 2605 om.
1228 2571 1274 2605 D.
1293 2570 1397 2604 habet
1414 2582 1444 2603 a.
1494 2571 1595 2613 ἤγουν
1612 2580 1675 2612 pro
1693 2581 1868 2600 τουπ-εστιν
1886 2567 1932 2601 D.

360 2634 391 2668 7.
418 2623 470 2656 καὶ
488 2620 753 2666 ’τὰ-αὐχήματα
770 2633 838 2654 om.
859 2621 904 2654 D.
954 2622 994 2654 τὰ
1012 2629 1091 2664 post
1108 2619 1227 2662 ἀνημμ.
1246 2624 1288 2651 tr.
1307 2629 1337 2650 a.
1603 2616 1635 2647 8.
1662 2613 1837 2658 αὗχῆματα
1858 2613 1933 2648 ΒΔ.

359 2669 553 2714 καυχήματα
572 2668 664 2703 Edd.
792 2680 824 2712 9.
850 2666 1082 2711 Ἐμμανουήλ]
1103 2666 1226 2711 Κυρίου
1244 2676 1274 2697 a.
1293 2663 1409 2697 invitis
1430 2661 1511 2695 D.b.
1577 2661 1733 2704 δηλονότι
1752 2672 1813 2704 pro
1831 2660 1935 2702 δῆλον

360 2717 394 2750 δέ
413 2718 463 2749 ὅτι
485 2716 528 2749 l).
688 2727 740 2749 11.
766 2715 977 2760 ἀσυγκρίτως
995 2726 1064 2747 0111.
1087 2714 1130 2747 D.
1180 2710 1417 2757 φανερωτέραν
1436 2709 1481 2742 D.
1642 2718 1694 2741 12.
1721 2721 1812 2740 τουτ.
1831 2705 1933 2751 ἡγὴσ.

360 2762 541 2808 φορτικὴν]
561 2764 663 2807 φορτ.
684 2763 837 2806 δηλονότι
856 2761 956 2806 ἡγὴσ.
978 2761 1023 2794 D.
1163 2770 1214 2803 13.
1241 2758 1374 2801 ἕμπλεω
1394 2756 1439 2789 D.
1457 2767 1476 2788 a
1493 2754 1621 2798 (manu
1639 2753 1768 2798 prima)
1780 2754 1935 2797 ἔμπλεων

360 2821 380 2842 a
398 2810 434 2852 (ν
452 2821 624 2854 suprascr.
645 2821 752 2843 manu
770 2808 857 2853 sec.)
878 2808 968 2842 Edd.
1019 2805 1142 2851 καίτοι]
1167 2811 1203 2846 -1-
1223 2819 1263 2849 γε
1281 2802 1371 2837 Edd.
1389 2802 1460 2835 inv.
1481 2800 1611 2834 B.D.b.
1774 2812 1824 2841 14.
1850 2801 1935 2844 πρὸς

359 2856 399 2898 μὲ
418 2868 487 2890 om.
508 2857 552 2889 D.
602 2857 722 2891 πάντες
739 2856 880 2889 accessit
899 2867 939 2888 ex
961 2854 1053 2888 RD.
1223 2862 1274 2896 19.
1300 2848 1484 2884 δύσοιστον
1501 2859 1531 2881 a.
1552 2846 1642 2881 Edd.
1661 2847 1867 2881 δυσοιστοὺς
1887 2847 1933 2880 D.

362 2902 413 2934 καὶ
432 2910 652 2947 assumptum
667 2915 707 2936 ex
727 2903 851 2936 B.l).a.
901 2916 987 2936 τινες
1005 2901 1177 2934 ἐποιοῦντο
1195 2899 1265 2932 inv.
1283 2896 1359 2930 ord.
1379 2895 1424 2929 D.
1615 2905 1667 2928 20.
1687 2895 1789 2927 αὐτοῦ
1810 2893 1934 2927 B.D.a.

362 2949 469 2981 αὐτῶν
488 2949 576 2982 Edd.
627 2950 769 2984 διᾴττειν
787 2950 932 2983 εὐκόλως
950 2948 1014 2981 hoc
1033 2947 1153 2980 ordine
1174 2946 1251 2978 D.a.
1397 2953 1451 2975 21.
1477 2943 1494 2974 ὁ
1513 2941 1572 2974 alt.
1592 2948 1812 2985 assumptum
1831 2952 1870 2973 ex
1892 2939 1935 2974 B.

366 3006 417 3029 22.
445 2995 607 3039 διασαφεῖ
628 2996 671 3029 l).
859 3006 912 3039 23.
939 2994 1024 3037 ἀμὴν
1042 2995 1098 3027 alt.
1118 2992 1261 3027 accessit
1279 3002 1318 3024 ex
1342 2989 1381 3023 Β.
1431 2989 1516 3032 ἀμὴν
1533 2988 1589 3031 cip.
1609 2989 1641 3023 λ.
1661 2988 1735 3031 ὑμῖν
1753 2999 1821 3021 om.
1842 2987 1888 3021 D.

115 629 159 659 P<
177 628 274 659 cxviii
337 626 363 648 ‘⁶
389 616 503 669 cog«
583 619 591 632 ’
722 622 740 631 ”
944 619 984 638 ’⁷³
1179 619 1200 635 ‘'
1326 621 1335 634 ’
1424 617 1436 631 ’
1649 617 1660 631 ⁸
1854 615 1865 633 Ι

145 651 169 658 --
196 653 204 659 -
279 652 285 658 ·
483 641 536 668 ον
569 626 772 668 εντολων
809 641 899 669 σου
935 630 1149 684 εὸραμον,
1177 642 1288 669 οταν
1314 628 1576 672 επλατυνας
1610 641 1696 681 την
1727 619 1918 682 καρδιαν
1938 640 1959 678 5

1947 1052 1993 1076 10

1953 1879 2001 1903 20
