2001 3361
302 199 377 233 714
832 198 1042 233 INDEX
1101 198 1345 234 RERUM.

1669 211 1885 235 MICHAEAS.

351 318 530 366 praedicit
547 321 623 354 445
641 318 679 363 b;
701 318 790 353 item
810 318 878 354 Dei
896 318 1058 354 terribile

347 383 527 431 judicium
569 385 644 419 445
686 395 726 427 c;
777 382 903 418 Deum
936 383 1057 430 ipsum

352 459 435 482 cum
468 447 608 494 populo
647 459 713 482 suo
752 447 1055 497 expostulantem

351 509 493 546 inducit
550 514 626 547 445
677 524 721 557 e;

351 575 502 610 Balaam
538 589 622 612 cum
658 589 747 624 rege
781 576 921 612 Balach
956 589 1056 612 com-

1183 331 1294 365 quam
1323 319 1396 355 late
1426 319 1595 367 fulgeant
1617 322 1689 356 741
1719 332 1759 365 e;
1795 321 1888 368 lapi-

1183 383 1291 418 dibus
1316 384 1521 431 comparati
1552 386 1628 420 743
1650 384 1718 420 de.
1772 382 1887 435 [Vide

1181 445 1383 499 Apostoli]

1127 512 1311 548 Miracula
1337 513 1530 549 machinae
1550 513 1724 554 trahenti,
1746 513 1887 549 scilicet

1180 577 1227 612 ad
1247 577 1372 622 fidem,
1394 583 1657 625 comparantur
1681 580 1755 614 369
1777 578 1813 613 b.

784 517 821 547 et
878 512 1056 559 aruspicis

1126 641 1365 685 Miraculum,
1395 642 1527 682 Jonae,
1557 643 1595 678 in
1625 648 1708 678 ceto
1737 642 1883 686 servati,

348 640 529 675 mercium
568 640 607 676 in
645 641 889 688 opprobrium
927 640 1055 688 populi

348 712 710 742 commemorantem
759 709 834 742 447
874 706 918 751 b;
968 705 1055 752 quid

349 769 396 805 sit
425 770 542 817 pietas
572 783 661 806 vera
689 777 875 806 monstrat
905 773 981 807 450
1013 782 1053 815 a;

346 834 582 882 iniquitatem
620 841 780 871 staterae
819 834 1056 871 abominatur

349 901 427 935 450
467 912 509 941 e;
559 900 706 947 iniquos
745 900 858 935 exitio
897 899 1055 934 devovet

348 966 421 1000 451
444 965 489 1010 d;
512 965 706 1013 religiosos
727 964 771 1000 de
787 970 887 1000 terra
901 963 1054 1011 periisse

350 1029 594 1076 conqueritur
624 1032 700 1066 453
731 1042 772 1075 e;
807 1029 926 1065 malos
955 1029 1055 1064 tinea

347 1094 610 1140 comedendos,
672 1099 713 1130 ut
773 1094 820 1129 ad
886 1093 1055 1129 Gabaam

347 1158 547 1204 Israelitas,
577 1159 756 1206 praedicit
793 1160 869 1194 456
904 1158 949 1201 b;
985 1158 1054 1193 Dei

346 1224 528 1260 ultionem
574 1223 827 1259 inevitabilem
875 1235 956 1258 esse
1003 1223 1054 1258 ait

350 1291 425 1324 458
449 1301 489 1333 c;
511 1288 592 1336 pios
612 1301 658 1324 ne
679 1289 755 1324 suis
776 1288 833 1323 vel
855 1288 1053 1323 carissimis

347 1353 475 1397 fidant,
497 1353 675 1389 admonet
697 1356 772 1389 459
795 1366 837 1395 c;
863 1353 909 1388 ad
930 1353 1053 1388 Deum

346 1424 514 1465 spectare
557 1418 664 1465 jubet
714 1420 789 1454 460
830 1418 874 1462 d;
924 1424 1053 1453 monet

346 1482 504 1518 inimicis
552 1494 598 1517 ne
645 1483 834 1529 gaudeant
883 1485 956 1518 461
1007 1482 1050 1526 d;

345 1552 477 1594 utpote
514 1547 582 1594 ipsi
617 1547 859 1583 conculcandi
896 1549 970 1583 463
1007 1546 1051 1591 d;

346 1611 523 1646 describit
544 1611 769 1647 oblivionem
796 1612 1052 1659 legitimorum

345 1682 514 1723 tempore
561 1676 782 1712 calamitatis
834 1682 1051 1712 eventuram

347 1742 421 1775 465
444 1753 463 1775 c
477 1740 521 1785 d;
553 1753 616 1788 spe
636 1741 821 1776 bonorum
842 1741 878 1776 in
900 1741 1052 1776 Christo

345 1804 553 1840 Ecclesiam
576 1806 676 1841 fovet
699 1808 774 1842 467
797 1819 838 1851 a;
871 1805 1052 1841 Gentium

345 1869 605 1905 confusionem
639 1871 817 1917 praedicit
857 1874 933 1906 470
973 1870 1050 1915 cd;

345 1933 502 1981 denique
537 1935 842 1979 misericordiam,
877 1935 1051 1970 Abrahae

344 1999 578 2045 promissam,
601 1999 636 2034 in
667 1998 818 2035 Christo
849 2000 1049 2047 perfectam

346 2063 388 2097 iri
410 2063 573 2099 declarat
594 2067 669 2100 472
693 2077 725 2100 e.

291 2127 452 2174 Miclnw,
466 2128 502 2163 in
519 2128 654 2164 Monte
670 2129 864 2177 Ephraim,
880 2129 1049 2165 Levitani

345 2193 520 2228 conducit
540 2194 585 2229 ad
615 2194 864 2229 sacerdotium
896 2194 1049 2230 idolola-

345 2257 437 2293 triae
462 2260 534 2294 134
557 2258 592 2294 b.

291 2320 430 2357 Militia
451 2323 556 2364 coeli,
579 2336 649 2371 qua
677 2323 855 2372 religione
876 2330 1051 2360 venerata

344 2386 455 2422 fuerit
481 2390 550 2423 131
575 2401 606 2423 e.

291 2450 469 2496 Ministri,
487 2453 677 2488 montibus
694 2454 897 2500 comparati
921 2455 996 2489 412
1013 2465 1047 2499 c3

345 2515 500 2552 audacia
520 2523 633 2564 egent
662 2517 709 2552 ad
729 2518 924 2553 veritatem
944 2530 1047 2565 prae-

345 2580 539 2616 dicandam
575 2584 651 2618 420
686 2583 731 2627 (1;
772 2583 972 2628 Ecclesiae,
1002 2595 1049 2618 ne

345 2645 510 2690 polluant
540 2658 654 2688 sacra,
685 2647 865 2682 admoniti
896 2649 972 2684 609
1003 2648 1047 2692 d;

343 2709 423 2744 lucc
459 2722 533 2745 non
565 2723 631 2746 sua
660 2710 858 2759 fulgentes,
888 2712 1049 2748 lucernis

345 2774 549 2821 comparati
606 2777 682 2811 683
738 2775 782 2821 d;
846 2776 1047 2816 Ecclesiae,

344 2838 502 2884 sagittae
559 2845 645 2875 sunt
701 2840 769 2876 Dei
829 2843 904 2876 740
962 2853 983 2876 a
1002 2853 1043 2886 e3

344 2908 474 2937 contra
494 2903 659 2939 Graecos
679 2905 881 2954 praevalidi
897 2905 1048 2941 fuerunt

347 2968 418 3000 741
442 2967 486 3003 b:
508 2967 598 3002 item
619 2974 747 3004 contra
763 2981 893 3004 omnes
911 2972 982 3004 741
1008 2969 1045 3008 d:

1122 1483 1393 1522 Misericordia,

1179 706 1400 753 quibusdam
1452 706 1577 743 Deum
1626 706 1885 755 ignorantibus

1178 771 1393 807 incredibile
1443 774 1518 807 375
1568 771 1612 816 (1;
1665 771 1765 806 idem
1812 770 1885 806 Dei

1179 834 1461 883 Omnipotentis
1478 835 1631 871 arbitrio
1648 835 1884 871 referendum

1181 902 1255 936 375
1296 913 1336 945 e;
1377 905 1616 948 comparatur
1651 900 1884 936 Graecorum

1178 965 1366 1007 historiae,
1403 965 1447 1000 de
1484 965 1646 1000 Hercule
1684 965 1721 1000 in
1754 970 1884 1000 ventre

1177 1030 1344 1065 Tritonis
1393 1035 1540 1065 servato
1581 1031 1656 1065 376
1696 1029 1741 1074 b;
1793 1028 1884 1064 item

1178 1095 1357 1130 miraculo
1377 1094 1529 1130 infantis
1543 1094 1581 1130 in
1600 1099 1709 1130 utero
1724 1093 1884 1129 viventis

1180 1161 1256 1196 376
1296 1172 1335 1204 c;
1384 1159 1476 1195 item
1508 1159 1689 1194 miraculo
1729 1156 1883 1200 Christi,

1178 1225 1360 1259 servantis
1413 1224 1595 1259 mundum
1643 1223 1688 1258 de
1740 1222 1883 1271 peccati

1176 1289 1350 1324 fluctibus
1385 1290 1461 1325 376
1498 1301 1539 1333 e;
1581 1289 1671 1324 item
1704 1286 1883 1323 miraculo

1177 1354 1315 1390 Christi
1355 1353 1554 1400 discipulos
1592 1353 1629 1388 in
1674 1352 1757 1388 lacu
1804 1363 1881 1387 ser-

1177 1419 1296 1454 vantis
1318 1421 1392 1454 377
1415 1418 1448 1453 b.

1456 1482 1685 1517 holocaustis
1751 1480 1883 1516 melior

1177 1549 1226 1583 98
1273 1547 1318 1588 d;
1372 1549 1421 1583 99
1473 1558 1514 1591 a:
1569 1558 1655 1581 vera
1703 1551 1759 1581 est
1805 1545 1883 1592 ipse

1177 1612 1350 1647 Christus
1382 1613 1430 1647 99
1462 1611 1506 1655 b;
1547 1612 1621 1646 100
1649 1622 1691 1655 a;
1727 1622 1769 1645 ea
1795 1621 1882 1644 vera

1176 1682 1243 1717 est,
1260 1688 1352 1723 quae
1368 1675 1524 1722 ingratis
1538 1674 1735 1710 exhibetur
1752 1675 1823 1709 158
1839 1673 1879 1717 b;

1176 1740 1373 1788 Aegyptiis
1403 1745 1440 1775 et
1461 1739 1677 1775 Canaanitis
1708 1743 1880 1785 negatur,

1175 1811 1328 1853 propter
1367 1804 1544 1839 Israelem
1585 1805 1659 1840 159
1700 1815 1746 1849 a,
1794 1802 1878 1843 Dei,

1176 1882 1289 1917 quam
1308 1869 1422 1916 longa
1442 1868 1489 1904 sit
1509 1870 1581 1904 163
1604 1880 1624 1903 a
1637 1868 1682 1912 d;
1704 1867 1879 1911 humana,

1176 1935 1289 1982 Legis
1320 1932 1521 1980 completio
1556 1933 1630 1968 172
1664 1932 1708 1977 d;
1744 1931 1829 1975 Dei,
1861 1944 1881 1967 a

1175 1999 1282 2035 nobis
1331 1998 1509 2034 imitanda
1558 1998 1633 2033 273
1683 2009 1724 2041 e;
1777 1997 1881 2032 luctu

1175 2064 1294 2099 carior
1314 2069 1370 2099 est
1391 2062 1474 2098 Deo
1496 2064 1571 2098 712
1593 2074 1623 2097 c.

1121 2128 1401 2165 Misericordiae
1425 2127 1566 2163 viscera
1595 2126 1656 2173 qui
1686 2126 1835 2168 habent,
1857 2126 1879 2161 ii

1176 2194 1296 2229 Deum
1331 2193 1442 2228 talem
1477 2191 1716 2239 experientur
1749 2203 1880 2227 cumu-

1173 2258 1376 2305 labuntque
1397 2257 1432 2292 in
1454 2255 1566 2291 coelis
1588 2256 1664 2292 860
1686 2268 1719 2291 c.

1120 2322 1320 2364 Moabitae,
1336 2320 1482 2357 finitimi
1498 2320 1882 2361 Judaeorum,CO11tra

1174 2386 1343 2422 ‚Judaeos
1364 2385 1596 2434 congregati,
1614 2390 1651 2420 et
1672 2384 1878 2420 Samariam

1175 2457 1211 2488 et
1262 2451 1399 2487 Judam
1457 2449 1565 2486 foede
1620 2449 1879 2484 laceraverunt

1175 2518 1251 2553 236
1283 2529 1324 2562 a;
1361 2517 1437 2552 239
1468 2527 1510 2556 e;
1548 2516 1625 2551 249
1647 2526 1688 2556 e;
1725 2526 1747 2549 a
1775 2519 1879 2561 patre

1176 2581 1250 2617 Lot
1283 2580 1558 2617 descendebant
1590 2580 1667 2615 259
1698 2591 1738 2624 c;
1779 2590 1877 2614 mor-

1173 2653 1323 2682 tuorum
1363 2658 1447 2681 ossa
1491 2643 1764 2684 comburentes,
1807 2641 1876 2678 im-

1172 2711 1319 2758 pietatis
1347 2710 1431 2757 plus
1462 2721 1573 2756 quam
1595 2707 1758 2755 vulgaris
1786 2719 1876 2742 con-

1174 2775 1399 2811 demnantur
1447 2775 1523 2811 263
1569 2785 1610 2817 c;
1659 2784 1680 2807 a
1725 2771 1877 2819 regibus

1172 2838 1308 2882 Judae,
1366 2838 1528 2878 Israelis,
1585 2841 1622 2872 et
1678 2835 1877 2872 Idumaeae

1170 2903 1268 2946 victi,
1292 2903 1510 2940 sacrificium
1542 2906 1651 2937 atrox
1671 2900 1877 2936 offerebant

1173 2970 1248 3004 264
1284 2981 1325 3011 a;
1365 2967 1474 3003 minis
1503 2970 1688 3012 urgentur
1722 2966 1797 3001 264
1828 2965 1874 3009 b;
