2053 3382
302 201 383 235 -674

363 319 385 355 b
400 332 439 365 c;
471 319 690 356 conflatorio
714 324 942 367 comparata,
964 320 1069 367 quasi

362 396 486 419 mores
524 384 722 431 explorans
763 386 837 421 767
873 397 913 430 c;
955 396 1069 432 quare

362 447 547 484 vestibulo
591 454 657 483 aut
694 449 806 496 lapidi
850 449 1070 485 conculcato

361 518 598 559 comparetur
621 516 695 549 773
717 525 756 558 c;
788 517 862 550 774
884 514 929 559 b;
956 526 1070 561 quare

359 577 683 623 persecutionibus
711 577 810 613 faeta
836 578 883 614 sit
907 578 1069 614 obnoxia

361 644 436 677 774
476 654 516 687 c;
567 654 636 689 ope
674 641 824 685 Divina,
862 648 899 678 et
938 655 1068 678 secura

359 705 441 746 erit,
464 712 502 742 et
522 707 643 754 gratia
663 707 868 743 abundabit
890 709 965 743 782
988 707 1011 742 d
1025 719 1065 752 e;

359 773 435 807 783
466 771 543 816 ab3
580 784 645 818 per
673 771 885 819 passionem
914 784 1066 807 necesse

357 841 414 871 est
466 835 679 883 perficiatur
727 839 803 872 794
853 849 874 871 a
893 836 936 881 b;
990 849 1064 872 non

357 900 510 936 omnino
541 901 707 948 peritura
729 903 805 937 796
836 901 917 946 bc;
953 913 1064 949 quam

355 964 530 1001 habitura
557 965 604 1001 sit
630 966 904 1014 longitudinem
926 972 963 1001 et
983 965 1063 1001 lati-

355 1030 525 1066 tudinem
583 1032 661 1066 805
719 1031 767 1077 b;
830 1030 1064 1067 conculcabit

355 1094 556 1130 daemonas
583 1096 660 1132 807
683 1108 723 1141 e;
755 1108 830 1131 non
860 1095 930 1131 nisi
960 1094 1065 1143 spiri-

355 1158 476 1195 tuales
523 1159 670 1196 divitias
717 1160 861 1208 optabit
899 1162 975 1196 808
1021 1172 1061 1205 εις

354 1235 513 1260 nurnero
560 1225 829 1273 discipulorum
881 1225 1064 1273 gloriatur

356 1290 432 1325 808
474 1301 515 1334 c;
563 1302 654 1337 pace
702 1295 881 1338 perpetua
923 1290 1062 1331 fruens,

352 1353 438 1389 belli
477 1354 727 1391 instrumenta
759 1354 843 1391 Deo
877 1355 1062 1391 dedicabit

357 1419 433 1454 812
455 1418 492 1454 b.

299 1481 489 1519 Ecclesiae
510 1483 681 1525 violatae,
703 1483 829 1520 Deum
859 1489 995 1520 testem
1025 1490 1061 1520 et

353 1547 513 1584 ultorem
533 1548 673 1584 habent
701 1551 776 1585 269
799 1549 842 1593 d;
874 1549 1062 1596 quomodo

352 1611 536 1648 inhabitat
556 1612 661 1648 Deus
683 1614 745 1662 qui
765 1615 800 1648 ἐν
817 1613 1063 1660 χειροποιήτοις

351 1688 427 1711 non
448 1676 576 1713 incolit
598 1680 672 1714 393
695 1678 739 1723 b;
771 1678 914 1714 ardenti
936 1678 1060 1714 studio

352 1741 568 1778 aedificatae
603 1741 686 1778 Deo
720 1743 867 1790 placent
906 1745 982 1779 634
1018 1755 1058 1788 c;

350 1805 545 1853 neglectae
565 1807 732 1843 moribus
753 1813 889 1844 nocent
910 1810 986 1844 635
1009 1820 1040 1843 a.

297 1870 475 1914 Ecstasis‚
494 1871 658 1908 diversas
678 1873 790 1908 habet
806 1872 843 1908 in
865 1872 1060 1920 Prophetis

351 1934 644 1982 significationes
665 1940 737 1973 571
763 1938 803 1978 b;
826 1950 933 1973 casus
949 1950 1059 1973 even-

350 2000 423 2035 turi
453 2000 603 2048 signum
634 2004 709 2039 572
732 2015 774 2044 a;
809 2014 877 2049 pro
907 2008 1059 2051 stupore

351 2064 490 2100 dictum
514 2067 590 2102 807
613 2066 646 2102 d.

298 2129 434 2173 Edoni,
450 2131 547 2166 unde
564 2130 746 2175 Idumaei,
763 2136 933 2168 terrenae
953 2131 1055 2180 cupi-

350 2194 476 2231 ditatis
500 2196 712 2243 exemplum
741 2198 817 2233 260
838 2209 879 2238 c;
913 2199 988 2233 354
1011 2209 1056 2242 e3

349 2259 483 2295 fratres
521 2272 607 2295 suos
654 2261 739 2296 odio
784 2261 937 2303 habens,
978 2262 1057 2296 Deo

349 2323 490 2359 invisus
509 2324 622 2360 fiebat
644 2327 717 2361 261
743 2325 779 2361 d.

294 2387 480 2425 Elamitae
510 2394 547 2425 et
577 2388 782 2425 Samariam
810 2395 847 2425 et
875 2389 1055 2426 Judaeam

348 2453 457 2488 foede
475 2453 731 2490 laceraverunt
754 2455 829 2490 248
852 2467 883 2490 e.

294 2517 419 2553 Elatio
454 2517 743 2567 Hierosolymae
777 2519 864 2567 quid
901 2519 947 2555 sit
979 2522 1054 2556 779

349 2582 374 2618 d
389 2595 420 2618 e.

293 2646 439 2688 Elcesa,
479 2647 504 2683 J
509 2647 647 2684 udaeae
685 2648 800 2689 vicus,
842 2647 1054 2697 Prophetae

348 2712 501 2747 Nahum
522 2712 641 2760 patria
662 2715 738 2750 476
759 2713 796 2749 b.

294 2776 425 2819 Electi,
447 2777 544 2812 vasis
564 2777 730 2813 Nineves
751 2778 923 2825 pretiosis
949 2791 1052 2825 prae-

348 2842 509 2889 figurati,
527 2841 572 2877 ad
588 2842 700 2877 fidem
716 2848 913 2878 accurrunt
928 2845 999 2879 501
1018 2843 1051 2879 d.

293 2905 450 2947 Electio‚
480 2906 653 2942 universa
684 2907 766 2948 fuit,
802 2907 871 2943 toti
904 2907 1053 2943 Israelis

346 2969 505 3006 familiae
530 2972 602 3007 157
624 2983 666 3012 a;
698 2971 846 3007 Israelis
870 2984 915 3008 ex
943 2971 1051 3007 milli-

845 200 1055 235 INDEX
1114 200 1356 236 RERUM.

1702 215 1901 238 ECCLESIA.

1193 320 1261 355 bus
1294 320 1420 356 multis
1453 320 1659 364 civitatum,
1694 322 1731 357 in
1766 334 1900 369 oppro-

1192 384 1313 420 brium
1346 385 1496 433 ingrati,
1534 386 1708 433 objicitur
1746 389 1821 423 275
1855 399 1898 428 a;

1194 447 1371 485 Gentium
1394 449 1619 496 praedicitur
1640 452 1713 486 641
1738 450 1772 486 d.

1138 513 1306 555 Eliacim,
1333 514 1459 550 Josiae
1489 515 1598 556 filius,
1627 515 1673 551 ab
1700 515 1900 563 Aegyptiis

1190 577 1310 614 factus
1345 591 1409 614 rex
1446 581 1522 615 282
1563 579 1606 621 d;
1653 580 1698 616 ab
1733 580 1898 630 Assyriis

1191 654 1319 678 servus
1342 645 1417 679 282
1440 656 1471 680 e.

1135 705 1248 749 Elias,
1271 708 1458 756 Propheta
1486 714 1523 744 et
1551 709 1895 757 pseudopropheta-

1188 784 1270 807 rum
1310 773 1510 814 extinctor,
1544 773 1729 814 laudatur,
1769 776 1814 809 14
1851 786 1897 819 e;

1192 840 1241 874 97
1257 838 1296 880 d;
1315 838 1526 883 Thesbites,
1541 838 1577 873 in
1591 844 1718 874 monte
1733 837 1895 874 Carmeli

1186 903 1378 938 habitabat
1396 905 1472 939 253
1491 915 1528 944 a;
1551 903 1664 938 homo
1680 902 1749 938 fuit
1767 902 1895 937 similis

1186 968 1316 1009 nostri,
1338 968 1510 1015 precibus
1535 973 1660 1003 tamen
1690 966 1895 1015 praevaluit

1189 1034 1264 1069 292
1323 1045 1368 1078 a3
1426 1040 1697 1080 praeventurus
1743 1031 1892 1068 Judicio

1187 1110 1361 1145 supremo
1383 1099 1459 1133 868
1483 1109 1514 1133 e.

1132 1162 1300 1198 Elisaeus
1315 1162 1515 1210 Propheta,
1529 1161 1626 1197 Jehu
1642 1173 1771 1208 regem
1789 1159 1896 1195 unxit

1191 1229 1235 1263 18
1259 1240 1303 1273 c;
1326 1229 1375 1263 97
1394 1227 1442 1272 d3
1465 1226 1721 1262 crudelitatem
1743 1223 1894 1260 Azaelis

1185 1298 1222 1328 et
1269 1292 1443 1327 victorias
1491 1290 1671 1338 praedicit
1719 1292 1796 1326 255
1845 1289 1891 1330 b;

1185 1357 1384 1392 accersitus
1405 1369 1426 1391 a
1445 1355 1596 1404 regibus
1618 1357 1694 1392 263
1716 1367 1758 1396 e;
1787 1353 1893 1390 Eliae

1185 1421 1386 1469 discipulus
1409 1423 1484 1458 329
1507 1433 1537 1456 a.

1132 1487 1280 1528 Emath,
1314 1486 1433 1533 Regio
1463 1485 1642 1525 Orientis,
1667 1483 1893 1520 Antiochiae

1185 1551 1341 1586 finitima
1364 1554 1438 1587 730
1460 1564 1502 1591 c;
1537 1548 1636 1600 [vide
1656 1545 1849 1598 Aemath].

1423 1616 1461 1650 in
1518 1626 1676 1662 persona
1733 1612 1890 1648 Naboth

1185 1681 1373 1727 praevisus
1418 1683 1467 1716 20
1503 1680 1551 1725 d3
1601 1679 1732 1723 illuxit,
1771 1690 1889 1725 regno

1187 1744 1333 1780 Israelis
1364 1745 1509 1780 sublato
1540 1747 1588 1780 22
1620 1744 1668 1789 b3
1705 1755 1770 1791 per
1801 1743 1887 1778 Jez-

1184 1810 1333 1851 reelem,
1369 1810 1390 1844 i.
1405 1823 1436 1845 e.
1474 1809 1545 1844 Dei
1579 1820 1720 1849 semen,
1752 1807 1887 1842 intelli-

1182 1875 1284 1922 gitur
1314 1877 1362 1911 24
1396 1874 1440 1915 d;
1479 1876 1527 1910 25
1560 1885 1604 1919 c3
1639 1885 1706 1920 pro
1736 1871 1888 1907 Christo

1182 1939 1322 1975 dictum
1377 1941 1449 1975 107
1489 1951 1535 1984 e3
1583 1943 1619 1974 et
1667 1937 1805 1973 docens
1851 1942 1888 1972 et

1182 2005 1406 2040 confirmans
1435 2003 1611 2044 Judaeos‚
1642 2002 1802 2050 rejectus
1831 2007 1889 2037 est

1187 2071 1259 2105 116
1299 2082 1344 2115 e3
1394 2069 1512 2104 Patris
1550 2067 1671 2115 Ipsius
1710 2065 1887 2102 revelatio

1180 2140 1259 2170 erat
1298 2136 1371 2170 169
1407 2133 1455 2179 d;
1495 2132 1684 2180 virgineus
1719 2130 1887 2178 Sponsus

1180 2198 1370 2234 Ecclesiae
1410 2200 1484 2234 205
1521 2209 1565 2242 e3
1608 2196 1886 2242 interpretatur,

1179 2263 1388 2298 Nobiscum
1424 2261 1542 2302 Deus
1579 2262 1655 2297 326
1690 2272 1736 2305 c3
1772 2259 1886 2294 homo

1178 2328 1214 2363 iu
1236 2327 1344 2363 terris
1361 2332 1529 2362 versatus
1551 2328 1626 2362 337
1645 2336 1685 2370 a3
1705 2323 1885 2371 populum

1178 2393 1284 2440 virga
1310 2391 1469 2439 pastoris
1498 2401 1633 2437 regens
1663 2388 1886 2424 describitur

1180 2459 1255 2493 467
1289 2457 1365 2502 bc3
1400 2468 1466 2504 per
1500 2454 1619 2490 solem
1651 2453 1883 2501 significatus

1179 2524 1253 2557 568
1290 2534 1368 2568 ac3
1407 2532 1472 2568 per
1507 2518 1688 2566 lampadis
1722 2518 1882 2565 figuram

1177 2591 1497 2633 praemonstratus
1527 2585 1603 2620 694
1634 2595 1680 2629 a3
1715 2582 1802 2629 quid
1835 2581 1882 2616 sit

1180 2652 1253 2686 728
1288 2650 1311 2685 d
1329 2662 1338 2695 3
1387 2648 1608 2697 purificatio,
1646 2652 1883 2695 peccatorum

1177 2714 1348 2762 abjectio,
1370 2714 1417 2749 ad
1446 2713 1599 2749 meliora
1617 2711 1687 2752 via,
1708 2715 1815 2758 porta
1844 2716 1881 2747 et

1177 2778 1267 2814 Dux
1297 2778 1344 2813 ad
1371 2762 1703 2813 vitamaeternam
1732 2776 1806 2810 849
1833 2775 1879 2820 b;

1175 2855 1241 2891 pro
1256 2843 1419 2878 Domino
1438 2842 1530 2878 Jesu
1551 2840 1713 2885 Christo,
1727 2840 1878 2887 passim.

1122 2907 1289 2949 Emmor,
1322 2906 1437 2943 Filius
1469 2905 1630 2949 Sichem‚
1659 2903 1696 2939 in
1728 2903 1878 2940 Sicimis

1180 2974 1252 3007 104
1274 2983 1306 3007 ο.

1132 1615 1365 1656 Emmanuel,
