2049 3366
642 204 848 241 {NnEx

106 218 423 242 SANCTIFICATM).

109 325 346 368 Samaritani,
379 338 444 373 pro
483 325 668 364 israelitis,
705 324 863 371 saepius,

162 390 361 437 aliquando
392 403 457 438 pro
486 389 725 437 Ephraimitis
756 388 864 436 positi

167 457 185 475 Ι.

166 469 187 490 0
222 468 269 499 c,
314 458 390 491 299
425 469 471 501 c,
525 461 627 502 peste
666 453 864 488 bestiarum

164 519 322 554 vexandi
362 523 410 555 43
443 520 489 560 b;
540 519 606 566 ipsi
647 518 720 553 suis
760 516 866 552 idolis

165 583 260 618 niale
282 597 320 619 se
341 585 521 631 gerebant
547 586 617 619 147
636 597 680 625 c;
712 581 866 616 vitulum

165 648 409 695 projiciebant
466 651 538 684 147
588 648 609 683 d
632 660 638 690 3
703 647 868 682 Judaeos

168 712 453 760 llierosolymae
482 725 606 748 muros
633 711 869 747 aedificantes

165 777 414 824 impediebant
443 780 517 814 234
541 790 583 819 a;
616 778 692 812 628
714 776 758 815 l›;
793 775 868 810 729

167 841 189 875 b
211 854 254 883 c;
305 843 380 877 cuti
421 842 605 877 curandae
651 839 869 876 deditissimi

167 913 271 942 erant
295 909 370 943 287
393 906 437 947 d;
471 907 557 942 item
586 905 764 945 crudeles,
786 904 871 952 jugi

168 971 404 1018 impatientes
440 973 515 1007 287
548 983 589 1011 c;
630 969 801 1005 domibus
835 973 871 1003 et

169 1035 284 1070 vineis
322 1035 455 1083 privati
497 1038 571 1072 303
612 1035 658 1080 b;
721 1039 872 1082 propter

169 1099 459 1146 oppressionem,
499 1099 788 1147 corruptionem,
835 1103 873 1133 et

169 1165 465 1211 persecutionem
487 1164 668 1199 bonorum
693 1166 767 1199 303
791 1175 809 1198 c
826 1162 870 1207 dg

171 1240 242 1276 qua
263 1228 411 1264 luxuria
436 1229 531 1264 festa
552 1234 706 1276 agerent
729 1229 804 1264 316
828 1227 871 1272 b;

171 1293 408 1329 anathemata
439 1292 737 1340 splendidissima
766 1291 874 1327 idolis

171 1357 308 1393 dabant
330 1360 405 1394 398
428 1369 468 1403 c;
500 1370 546 1393 ex
566 1357 730 1405 Assyriis
751 1363 872 1392 trans·

170 1422 234 1457 lati
258 1424 332 1458 709
355 1422 390 1457 b.

119 1485 282 1528 Samuel,
319 1487 400 1522 Deo
439 1486 544 1528 duce,
580 1486 723 1534 Regem
762 1487 876 1533 Agag

171 1551 357 1586 interfecit
382 1554 427 1587 13
450 1563 490 1595 e3
532 1551 717 1586 Israelitas
743 1563 764 1586 a
790 1562 876 1586 con—

172 1615 253 1650 silio
304 1615 403 1663 regis
455 1615 603 1651 creandi
657 1615 876 1650 dehortatur

176 1682 250 1716 185
272 1692 291 1715 c
304 1693 313 1726 ;
346 1682 419 1716 431
444 1692 474 1715 c.

119 1745 323 1787 Sanballat,
349 1744 518 1780 Judaeos
545 1744 782 1780 aedificantes
809 1743 877 1778 im-

172 1809 287 1857 pedit,
308 1809 447 1845 frustra
467 1811 543 1845 234
566 1809 589 1844 d
605 1822 635 1844 e.

120 1874 261 1914 Sancti,
284 1873 320 1908 in
346 1886 506 1921 persona
530 1873 652 1909 Judae
674 1875 722 1909 25
743 1885 784 1917 a;
816 1872 875 1920 qui

174 1939 248 1974 sint
266 1941 314 1974 30
331 1950 371 1983 a;
403 1938 449 1973 ad
465 1937 684 1973 charitatem
698 1942 879 1973 vocantur

176 2006 222 2040 31
236 2003 275 2048 b3
298 2002 423 2037 Divini
438 2002 597 2050 Spiritus
612 2008 696 2038 sunt
711 2002 879 2049 Epistola

176 2070 225 2104 46
247 2079 290 2112 a;
321 2079 392 2114 qua
411 2067 551 2102 laetitia
570 2067 740 2102 fruentur
762 2068 810 2102 56
832 2066 877 2111 b;

174 2133 210 2168 in
247 2131 403 2180 gloriam
434 2130 575 2168 Christi
604 2131 784 2176 viventes,
815 2143 880 2179 per

175 2196 324 2233 Jezreel
380 2196 679 2244 praefigurantur
736 2198 784 2232 56
835 2207 880 2240 c;

171 2261 295 2310 juncis
339 2261 542 2308 comparati
587 2261 686 2308 quod
730 2260 880 2308 cuspide

177 2327 250 2362 sint
284 2325 414 2361 armati
450 2327 525 2361 244
557 2337 597 2370 c;
641 2325 814 2373 regiones
843 2331 880 2361 et

178 2391 345 2427 civitates
383 2390 428 2425 ab
466 2390 521 2425 ira
556 2389 694 2425 Divina
733 2395 881 2425 servant

179 2457 254 2492 318
275 2455 320 2500 b;
351 2455 388 2490 in
409 2454 587 2498 Ecclesia,
609 2455 705 2490 sicut
729 2454 881 2490 arbores

177 2520 215 2555 in
253 2518 407 2555 summis
450 2519 652 2560 montibus,
691 2519 881 2567 conspicui

179 2586 255 2621 352
304 2584 349 2628 b;
404 2583 499 2619 sicut
545 2596 645 2631 apes,
691 2584 881 2620 doctrinae

180 2648 288 2684 dulce
321 2648 395 2683 mel
427 2648 630 2683 conficiunt
665 2651 740 2685 352
777 2661 821 2694 c;
862 2661 881 2685 e

179 2714 290 2749 turba
326 2713 501 2748 recedere
539 2725 685 2760 semper
717 2713 883 2760 gaudent

182 2780 255 2815 371
273 2778 295 2813 (1
309 2790 318 2823 ;
349 2782 434 2813 ante
451 2776 644 2812 Christum
661 2777 881 2825 septenario,

180 2848 312 2890 postea
331 2841 522 2877 octonario
547 2853 716 2883 numero,
739 2842 881 2890 signifi-

181 2907 253 2942 cati
267 2908 342 2943 438
357 2918 376 2942 e
388 2918 397 2951 ;
427 2905 616 2950 Satanam,
630 2906 732 2953 quasi
747 2919 883 2952 morsu,

182 2975 403 3007 consument
451 2973 527 3008 439
567 2970 616 3017 d3
676 2971 884 3008 infidelibus

913 205 941 239 u
959 204 986 239 1⁴:
1005 204 1033 238 R
1051 204 1082 239 U
1099 204 1154 238 M.
1613 206 1683 238 741

988 323 1270 370 oppugnabunt,
1299 323 1423 369 gladio
1444 323 1543 358 verbi
1568 323 1689 358 Divini

990 391 1065 424 439
1082 401 1122 432 c;
1155 387 1256 435 Cyro
1279 387 1521 435 triumphanti
1543 400 1692 434 (eompa-

990 459 1117 487 rantur
1152 455 1227 488 463
1261 465 1300 496 e;
1347 465 1454 500 quam
1488 453 1561 488 sint
1591 458 1692 487 tran-

990 517 1091 564 quilli
1114 519 1190 552 468
1214 517 1289 561 bc3
1321 517 1523 553 daemonas
1545 517 1693 553 concul-

991 582 1126 617 cabunt
1162 584 1236 618 484
1270 582 1313 625 b;

992 659 1077 682 suos
1093 654 1225 683 vocant
1241 649 1316 682 519
1332 647 1376 691 (1;
1406 648 1480 682 suis
1497 647 1694 694 aliquando

992 711 1135 747 liberari
1172 712 1301 747 volunt
1343 714 1418 748 519
1449 725 1489 757 e3
1537 715 1612 748 520
1649 725 1694 757 a;

1174 782 1260 811 sunt
1308 776 1488 823 impietati
1539 780 1610 813 521
1653 790 1694 822 e;

1358 582 1511 618 aliorum
1548 582 1694 618 dolores

993 776 1124 811 infensi

992 840 1230 888 antiquiores,
1272 847 1503 888 posterorum
1544 854 1695 877 suorum

994 905 1204 941 felicitatem
1241 906 1506 953 praevidebant
1542 909 1617 942 528
1651 919 1694 951 a;

993 970 1114 1005 fluviis
1162 971 1376 1017 comparati,
1427 971 1530 1018 quasi
1578 972 1699 1018 gratia

993 1043 1129 1070 terram
1147 1034 1313 1083 rigantes
1328 1037 1402 1071 565
1419 1035 1462 1079 d;
1493 1036 1531 1071 in
1546 1035 1698 1072 Christo

995 1112 1123 1135 secure
1175 1106 1285 1140 stare,
1335 1106 1371 1135 et
1419 1100 1543 1136 onmia
1590 1113 1699 1148 posse

995 1164 1168 1200 dicuntur
1208 1167 1282 1200 577
1323 1178 1344 1200 a
1373 1177 1416 1209 c;
1474 1165 1574 1200 carni
1624 1178 1699 1200 non

996 1228 1162 1264 serviunt
1193 1231 1265 1265 581
1291 1242 1329 1273 c;
1363 1229 1585 1265 Sanctorum
1617 1243 1698 1265 ora-

996 1293 1159 1328 tionibus
1175 1293 1341 1341 placatur
1354 1294 1456 1329 Deus
1472 1296 1547 1330 663
1562 1294 1604 1339 b3
1637 1307 1702 1342 per

998 1356 1158 1393 sanctos
1188 1358 1256 1394 Dei
1283 1359 1492 1395 visitatione
1520 1359 1633 1407 digna
1660 1360 1702 1395 fit

998 1428 1096 1457 terra
1111 1425 1185 1458 692
1204 1435 1245 1467 a3
1277 1435 1388 1470 quare
1405 1423 1492 1458 dicti
1514 1424 1587 1459 sint
1603 1423 1701 1459 oculi

999 1487 1067 1523 Dei
1089 1490 1164 1524 692
1186 1500 1227 1532 a;
1259 1488 1378 1523 cedris
1399 1489 1600 1535 comparati
1625 1491 1699 1525 753

999 1564 1018 1587 c
1039 1552 1085 1596 d;
1126 1551 1161 1587 in
1198 1551 1408 1588 infortuniis
1440 1552 1604 1595 vincunt,
1641 1566 1702 1589 ca-

999 1616 1129 1652 dentes
1145 1623 1374 1652 coronantur
1389 1620 1463 1653 775
1479 1617 1500 1652 b
1514 1630 1522 1663 ;
1553 1616 1703 1654 Christo

996 1681 1177 1729 judicanti
1194 1682 1368 1718 assistent
1386 1685 1460 1719 799
1476 1695 1515 1728 c;
1548 1684 1706 1719 Sancto-

1000 1759 1083 1782 rum
1135 1746 1284 1782 divitiae
1336 1747 1557 1794 spirituales,
1609 1761 1703 1796 quae

1000 1811 1181 1859 eolligunt
1225 1812 1260 1846 in
1305 1811 1482 1847 Ecclesiis
1528 1813 1705 1849 docentes

1001 1881 1037 1911 et
1092 1876 1232 1910 bonum
1289 1876 1467 1912 facientes
1524 1879 1598 1913 808
1653 1890 1702 1923 a;

1001 1940 1122 1989 prisci,
1144 1940 1224 1976 Deo
1250 1940 1466 1987 placuerunt
1491 1954 1556 1988 per
1577 1942 1702 1978 obedi-

1001 2005 1138 2041 entiam
1177 2004 1362 2052 fidemque
1397 2007 1473 2042 854
1505 2006 1550 2052 d3
1595 2021 1705 2054 quam

1003 2069 1242 2117 spiritualiter
1268 2069 1407 2110 vivant,
1436 2083 1546 2107 carne
1575 2073 1704 2108 morti·

1004 2134 1112 2170 ficata
1142 2136 1217 2170 868
1245 2134 1289 2179 b;
1330 2134 1456 2170 vitulis
1490 2136 1706 2173 salientibus

1004 2199 1205 2246 comparati
1239 2201 1314 2235 868
1340 2211 1381 2244 c;
1421 2212 1550 2236 omnes
1579 2201 1707 2237 hostes

1003 2263 1276 2299 conculcabunt
1298 2265 1373 2300 868
1396 2264 1430 2300 d.

951 2327 1409 2376 Sanctificare,jejunium‚
1424 2329 1510 2376 quid
1524 2330 1570 2365 sit
1585 2333 1660 2368 209
1671 2344 1705 2377 e;

1005 2395 1081 2429 220
1098 2393 1143 2437 1);
1174 2392 1271 2428 idem
1294 2400 1350 2429 est
1371 2395 1469 2440 quod
1490 2407 1707 2432 consecrare

1005 2459 1079 2494 238
1102 2470 1131 2492 e.

951 2521 1194 2562 Sanctificati,
1230 2523 1252 2557 i.
1271 2535 1302 2558 e.
1334 2529 1463 2558 votum
1499 2525 1706 2561 sanctifica-

1004 2586 1116 2622 tionis
1146 2599 1257 2634 super
1286 2599 1324 2623 se
1353 2587 1534 2624 habentes
1568 2592 1643 2626 242
1665 2603 1707 2636 c;

1005 2650 1257 2698 metaphorice
1313 2651 1497 2698 dicuntur,
1551 2655 1611 2701 qui
1661 2655 1708 2690 ad

1005 2715 1095 2750 iram
1112 2715 1182 2751 Dei
1198 2717 1466 2764 exequendam,
1481 2717 1605 2754 devoti
1622 2726 1709 2756 sunt

1007 2781 1083 2815 584
1105 2792 1136 2815 c.

953 2843 1219 2885 sanctificatio,
1283 2845 1493 2882 conformes
1556 2847 1708 2885 Christo

1006 2908 1128 2944 reddit
1156 2914 1306 2945 sanctos
1337 2913 1412 2947 422
1444 2923 1485 2957 a;
1524 2913 1707 2949 carnalem

1007 2979 1177 3009 naturam
1199 2973 1318 3011 elevat
1338 2975 1546 3024 attollitque
1567 2980 1643 3014 424
1665 2990 1707 3024 c;
