2053 3382
334 158 419 199 398
728 160 776 199 B.
822 157 1098 198 CYRILLI
1150 157 1530 197 ALEXANDR.
1653 154 1824 204 viii.18,
1851 166 1913 207 19.

334 267 531 335 τετάρτη,
561 269 628 320 τίς
667 266 715 318 δὲ
753 269 827 317 καὶ
862 269 883 326 η
921 265 1121 333 πέμπτη,
1149 266 1222 315 καὶ
1262 267 1308 314 αἱ
1346 264 1524 315 τούτων
1554 263 1723 331 ἐφεξῆς
1753 259 1916 328 ἑβδόμη

334 372 384 400 τε
416 350 491 399 καὶ
530 347 706 408 δεκάτη.
774 348 1158 413 προσεποίσομεν
1196 346 1289 413 γὰρ
1327 347 1473 399 οὕτως
1511 346 1586 396 ἐπὶ
1624 348 1803 410 καιροῦ,
1843 345 1918 393 καὶ

334 431 382 480 ἐν
410 428 576 498 κόσμῳ
602 428 771 480 λοιπὸν
802 433 896 479 τῶν
929 427 1356 494 προστεταγμένων
1382 426 1467 491 τὴν
1493 425 1700 490 δύναμιν.
1753 425 1919 474 οὐκοῦν

333 508 449 573 μετὰ
487 509 540 560 τὸ
580 511 759 560 ἁλῶναι
797 509 883 571 τὴν
922 510 1060 574 ἁγίαν
1097 509 1254 570 πόλιν,
1283 511 1358 559 καὶ
1396 509 1809 572 κατεμπρησθῆναι
1836 503 1918 554 τὸν

334 590 460 651 ναὸν,
488 593 863 654 ἀποκομισθῆναι
903 590 951 641 δὲ
985 592 1102 654 ὁμοῦ
1134 595 1230 643 τοῖς
1271 593 1403 656 ἱεροῖς
1430 588 1649 640 σκεύεσιν
1675 587 1915 653 αἷχμάλω-
1937 601 1959 638 5

288 682 314 722 d
332 694 414 722 τον
438 670 519 722 τὸν
545 671 760 738 Ἰσραὴλ,
788 675 829 722 οἱ
861 671 1162 734 σεσωσμένοι
1197 694 1246 722 τε
1283 673 1357 722 καὶ
1387 669 1763 737 περιλειφθέντες
1800 666 1918 717 κατὰ

331 752 417 817 τὴν
443 754 673 804 Ἰουδαίαν
699 752 782 807 τὰς
808 753 980 819 ἡμέρας
1013 756 1060 804 ἐν
1095 752 1166 807 αἶς
1202 753 1261 803 τὰ
1295 752 1448 803 τοιάδε
1474 756 1640 803 παθεῖν
1666 749 1914 811 συμβέβη-

330 856 409 884 κεν
443 833 725 903 ἀποφράδας
761 835 962 900 ἡγοῦντο
997 836 1072 885 καῖ
1108 833 1366 900 στυγητάς,
1397 835 1472 883 καὶ
1507 832 1562 896 δὴ
1587 830 1706 882 κατὰ
1730 830 1919 893 πληθὺν

329 916 620 979 συνθέοντες,
647 916 829 980 κομμὸν
865 918 1102 967 ἐποιοῦντο
1141 918 1216 967 καὶ
1255 918 1438 981 θρῆνον,
1474 916 1746 966 ἀσιτοῦντες
1778 914 1838 965 ὡς
1871 913 1919 961 ἐν

330 998 582 1061 νηστείαις.
649 998 753 1049 τίνα
788 998 836 1050 δὲ
874 997 931 1062 δὴ
966 998 1024 1049 τὰ
1059 997 1411 1062 συμβεβηκότα,
1451 999 1525 1047 καὶ
1563 998 1624 1049 ὡς
1663 997 1710 1045 ἐν
1741 995 1918 1061 ἑκάστῃ
1942 1018 1989 1042 10

330 1083 424 1129 τῶν
466 1080 635 1145 ἀρτίως
674 1080 783 1143 ἡμῖν
822 1079 1171 1144 ὠνομασμένων
1215 1080 1419 1145 ἡμερῶν,
1463 1077 1575 1147 φέρε
1615 1076 1827 1142 λε’γωμεν
1869 1077 1919 1126 ἐκ

329 1166 424 1212 τῶν
451 1165 583 1228 ἱερῶν
610 1161 916 1228 γραμμάτων.

108 1247 203 1276 Hier.

109 1291 246 1329 lii.4-7.
398 1244 536 1315 ’Έφη
579 1248 734 1298 τοίνυν
777 1249 801 1298 ὁ
840 1245 1064 1313 μακάριος
1102 1248 1324 1313 Ἱερεμίας
1369 1253 1397 1275 ‘⁶
1417 1248 1509 1296 Καὶ
1548 1244 1728 1310 ε’γένετο
1767 1245 1815 1294 ἐν
1852 1247 1919 1312 τῷ

333 1336 361 1359 “
387 1329 473 1379 ε”τει
499 1333 565 1398 τῷ
591 1328 736 1398 ἐνάτῳ
760 1332 842 1393 τῆς
868 1331 1119 1390 βασιλείας
1146 1331 1299 1380 αὐτοῦ·
1341 1331 1487 1391 δῆλον
1511 1327 1557 1377 δὲ
1591 1326 1660 1377 ὅτι
1688 1326 1917 1376 Σεδεκιόυ·

333 1418 361 1440 “
387 1413 434 1461 ἐν
460 1415 525 1480 τῷ
551 1413 661 1474 μηνὶ
695 1415 761 1480 τῷ
795 1413 972 1480 δεκατῳ
999 1413 1059 1478 τῇ
1091 1410 1258 1478 δεκάτῃ
1285 1416 1367 1461 τοῦ
1405 1408 1550 1473 μηνὸς
1581 1407 1699 1472 ἦλθε
1727 1411 1919 1469 Ναβου-
1944 1422 1988 1459 15

295 1511 316 1537 e
336 1499 363 1521 “
388 1491 652 1559 χοδονὸσορ
687 1492 916 1553 βασιλεὺς
946 1497 1236 1553 Βαβυλῶνος
1275 1494 1348 1542 καὶ
1383 1496 1519 1543 πᾶσα
1550 1491 1578 1554 ἡ
1613 1489 1805 1552 δύναμις
1831 1491 1917 1540 αὐ-

337 1581 363 1603 “
388 1580 470 1625 τοῦ
534 1575 608 1624 ἐπὶ
660 1573 988 1639 Ἰερουσαλὴμ,
1041 1576 1115 1624 καὶ
1178 1571 1594 1640 περιεχαράκωσαν
1648 1569 1792 1634 αὐτὴν
1845 1573 1920 1621 καὶ

334 1663 361 1685 “
389 1655 809 1725 περιωκοδόμησαν
857 1654 1002 1720 αὐτὴν
1054 1655 1347 1721 τετραπέδοις
1411 1656 1560 1706 λίθοις
1623 1652 1795 1722 κύκλῳ,
1845 1654 1919 1703 καὶ

335 1746 362 1768 “
388 1737 532 1801 ἦλθεν
565 1738 592 1801 ἡ
629 1738 767 1790 πόλις
802 1741 862 1791 εἷς
901 1736 1111 1804 συνοχὴν
1142 1738 1224 1791 ἕως
1255 1735 1496 1787 ἑνδεκάτου
1523 1736 1651 1789 ἔτους
1677 1738 1742 1804 τῷ
1768 1740 1916 1795 βασι-

337 1827 363 1850 “
388 1824 466 1870 λεῖ
505 1819 715 1888 Σεδεκίᾳ,
759 1820 807 1869 ἐν
849 1823 916 1887 τῷ
952 1821 1061 1882 μηνὶ
1098 1823 1164 1887 τῷ
1208 1818 1414 1887 τετάρτῳ
1452 1817 1591 1884 ἐνάτῃ
1629 1822 1711 1867 τοῦ
1752 1815 1915 1880 μηνὸς,
1943 1842 1992 1866 20

338 1910 364 1932 ‘⁶
391 1904 466 1952 καὶ
505 1901 765 1967 ἐστερεώθη
802 1901 826 1950 ὁ
866 1901 1003 1965 λιμὸς
1038 1902 1086 1951 ἐν
1118 1904 1176 1968 τῇ
1206 1900 1356 1961 πόλει,
1396 1901 1469 1949 καὶ
1509 1899 1594 1949 οὐκ
1631 1896 1758 1961 ἦσαν
1790 1898 1921 1964 ἄρτοι

339 1991 365 2013 “
392 1988 457 2052 τῷ
501 1987 604 2052 λαῷ
647 1985 729 2046 τῆς
772 1986 876 2048 γῆς,
926 1984 1001 2033 καὶ
1041 1981 1230 2046 διεκόπη
1274 1982 1302 2045 ἡ
1347 1981 1507 2042 πόλις,
1553 1982 1628 2030 καὶ
1670 1978 1842 2032 πάντες
1880 1981 1922 2029 οἱ

340 2076 366 2097 “
393 2068 554 2134 ἄνδρες
595 2071 636 2118 οἱ
669 2070 954 2130 πολεμισταὶ
994 2067 1198 2135 ἐξῆλθον
1237 2065 1400 2118 νυκτὸς
1434 2063 1552 2115 κατὰ
1585 2063 1670 2127 τὴν
1702 2062 1810 2114 ὁδὸν
1841 2066 1924 2126 τῆς

1900 2146 1918 2165 A

119 2170 202 2205 726
221 2167 272 2202 A.
298 2176 320 2200 a
341 2160 367 2182 ‘⁶
391 2152 546 2216 πύλης
586 2151 674 2202 ἀνὰ
712 2152 861 2214 με’σον
893 2157 975 2202 τοῦ
1010 2153 1190 2218 τείχους
1228 2153 1304 2202 καὶ
1336 2155 1419 2200 τοῦ
1449 2149 1859 2215 προτειχίσματος,
1898 2171 1923 2199 ο

342 2244 367 2266 ιι
1417 2234 1427 2250 ’

394 2235 450 2300 ἧν
502 2235 621 2286 κατὰ
671 2235 753 2286 τὸν
804 2238 954 2298 κῆπον
1010 2241 1093 2285 τοῦ
1144 2233 1412 2295 βασιλέωςῖ
1505 2231 1602 2283 εἶτα
1653 2231 1729 2282 διὰ
1777 2231 1924 2295 με’σου
1946 2248 1995 2287 25

340 2319 583 2383 παρενθεὶς
622 2321 715 2368 τῶν
747 2317 963 2367 Σεδεκίου
1000 2316 1180 2367 παίδων
1217 2315 1303 2379 τὴν
1341 2314 1555 2382 σφαγὴν,
1583 2315 1725 2364 αὐτοῦ
1760 2312 1810 2363 δὲ
1840 2313 1924 2377 τὴν

122 2410 150 2439 11
214 2418 253 2431 η-
388 2402 398 2417 ‘
661 2400 682 2418 ’‘
844 2399 856 2414 ‘
1022 2400 1032 2415 ’
1242 2401 1255 2417 ³
1340 2403 1359 2412 ⁶
1449 2397 1462 2413 ²
1731 2396 1744 2412 Ι
1905 2403 1924 2412 Α

155 2417 229 2439 ιι-
343 2406 607 2470 τυφλωσιυ,
653 2405 744 2469 εφη
787 2408 934 2452 παλιν
973 2407 999 2429 “
1039 2403 1108 2450 Εν
1146 2422 1257 2464 μηνι
1296 2422 1361 2468 τῳ
1399 2420 1595 2466 πεμπτῳ
1636 2400 1801 2466 δεκατῃ
1842 2420 1926 2448 του

395 2580 425 2605 Ι.
451 2570 592 2613 τετάρτη
612 2568 652 2602 C.
671 2568 789 2613 τετρὰς
808 2567 899 2602 Edd.
950 2568 1004 2601 καὶ
1022 2567 1118 2612 prius
1137 2572 1359 2612 assumptum
1377 2578 1419 2599 ex
1438 2565 1477 2599 C.
1643 2575 1676 2608 3.
1702 2578 1769 2608 προ
1786 2590 1793 2597 .
1807 2579 1926 2610 τεταγ-

345 2616 452 2660 μένων
470 2616 587 2660 (litera
603 2626 675 2648 una
692 2614 807 2659 erasa)
828 2614 868 2648 C,
887 2614 992 2649 habet
1008 2628 1133 2658 προστ.
1154 2614 1200 2648 D.
1404 2621 1437 2656 5.
1465 2612 1563 2655 ἱερεῖς
1581 2610 1671 2644 Edd.
1691 2617 1771 2644 ante
1790 2611 1925 2654 Migne.

351 2674 403 2697 10.
429 2663 474 2698 ὡς
491 2667 713 2705 assumptum
732 2673 773 2695 ex
792 2661 884 2695 C.D.
1183 2671 1236 2693 11.
1262 2658 1507 2703 ὠνομασμένων
1526 2656 1616 2690 C.D.
1636 2657 1814 2700 εἰρημένων
1833 2657 1925 2691 Edd.

345 2710 492 2753 λέγομεν
511 2708 551 2742 C.
618 2708 654 2741 ἐκ
671 2711 737 2742 τῶν
755 2709 851 2752 ἱερῶν
867 2721 922 2751 ’γρ-
941 2712 1121 2751 assumpta
1137 2718 1178 2740 ex
1198 2706 1290 2740 C.D.
1542 2715 1595 2744 14.
1621 2703 1724 2747 ἐνάτῳ
1743 2702 1783 2736 C.
1802 2703 1925 2749 ἐννάτῳ

348 2755 440 2789 Edd.
704 2764 755 2795 15.
781 2756 820 2796 τῇ
840 2760 1063 2797 assumptum
1081 2765 1122 2786 ex
1142 2752 1181 2786 C.
1203 2751 1306 2797 (sol.)
1570 2749 1621 2782 18.
1647 2749 1862 2792 τετραπέδοις
1882 2749 1923 2783 C.

348 2802 461 2843 (Vat.)
487 2801 704 2846 τετραπόδοις
723 2801 769 2834 D.
789 2799 881 2834 Edd.
912 2799 1031 2844 (Alex.
1052 2798 1155 2843 XII.)
1171 2798 1383 2842 τετραπόδων
1402 2796 1443 2831 Β.
1515 2795 1680 2838 κατῆλθεν
1705 2807 1766 2838 pro
1792 2796 1844 2829 καὶ
1862 2794 1923 2838 ἧλ-

349 2848 406 2881 θεν
426 2848 466 2881 Β.
824 2858 878 2880 20.
904 2848 950 2890 τῷ
969 2847 1066 2890 prius
1084 2851 1304 2889 assumptum
1323 2855 1364 2876 ex
1383 2843 1424 2877 C.
1474 2842 1570 2886 ἐνάτῃ
1590 2841 1676 2875 B.C.
1695 2842 1811 2884 ἐννάτῃ
1831 2841 1922 2876 Edd.

350 2904 404 2934 24.
429 2894 538 2937 πύλης
557 2893 648 2928 C.D.
666 2894 797 2929 πόλεως
815 2892 907 2928 Edd.
925 2892 1142 2937 (Frid-Aug.
1160 2902 1268 2926 manu
1286 2889 1428 2934 prima.)
1607 2897 1661 2934 25.
1687 2888 1741 2922 διὰ
1757 2888 1865 2932 μέσου
1883 2887 1925 2923 C.

351 2939 390 2981 δὴ
408 2939 513 2982 μέσον
532 2939 623 2974 Edd.
