1997 3361
93 159 230 214 iii.19.
548 161 620 202 IN
666 162 922 203 NAIIUM.
983 161 1134 202 TOM.
1168 161 1203 201 Ῑ.
1604 160 1657 198 67

92 269 167 318 καὶ
208 268 421 335 ε”φασκον
470 273 512 321 οἱ
557 271 772 335 μακάριοι
816 274 1075 340 προφῆται,
1119 274 1176 337 τῇ
1218 268 1535 327 Βαβυλωνίων
1571 268 1653 316 αὐ-

92 349 178 413 τὴν
215 350 562 417 παρεικάζοντες
607 354 979 420 (ὄἸατρεύσαμεν
1017 353 1102 416 τὴν
1142 355 1422 411 Βαβυλῶνα,
1462 351 1536 399 καὶ
1578 349 1659 398 οὐκ
1723 363 1819 412 ¹¹5⁰?ss

93 438 122 459 “
148 431 267 496 ἰάθη·
313 434 688 498 ἐγκαταλίπομεν
738 436 935 490 ἕκαστος
976 435 1131 498 αὐτὴν,
1177 435 1252 484 καὶ
1294 431 1561 493 ἀπέλθωμεν
1599 433 1658 482 εἰς
1722 417 1876 446 xxvma).

95 521 122 542 “
147 513 232 577 τὴν
268 518 357 580 γῆν
391 517 543 578 αὐτοῦ,
580 517 649 567 ὅτι
690 518 877 583 ἤγγικεν
911 522 971 571 εἰς
1010 515 1205 582 οὐρανὸν
1240 514 1293 566 τὸ
1329 519 1468 580 κρῖμα
1506 513 1661 575 αὐτῆς,

52 603 121 650 5“
148 599 220 646 καὶ
259 597 419 665 ε’ξῇρεν
463 599 546 652 ἕως
583 604 676 650 τῶν
717 601 947 665 ἄστρων.”
1006 603 1067 652 εἰς
1103 597 1298 663 οὐρανὸν
1338 596 1386 646 δὲ
1428 594 1481 645 τὸ
1522 599 1707 660 κρῖμαά

94 680 169 728 καὶ
208 679 334 747 ὑψοῦ
371 678 425 730 τὸ
461 682 802 746 πλημμέλημα.
867 681 1233 750 πεπαρῳνήκασι
1273 678 1380 744 γὰρ,
1426 680 1488 731 ὡς
1530 677 1663 744 ἔφην,

94 761 178 810 οὐκ
221 764 283 814 εἰς
321 761 400 812 ἕνα
443 767 536 813 τῶν
581 765 726 828 ἁγίων
770 765 946 825 ἁπλῶς,
991 763 1099 813 ἀλλ’
1143 765 1204 815 εἷς
1254 761 1335 811 τὸν
1385 764 1479 810 τῶν
1519 758 1664 825 ἁγίων

96 842 366 906 Δεσπότην.

97 1001 257 1042 Πάντες
294 1000 332 1043 οἱ
370 1003 628 1045 ἀκούσαντες
665 1003 740 1045 τὴν
773 1002 968 1050 cij-semma
1000 1018 1087 1053 σου,
1117 1002 1372 1058 χαρήσονται
1408 1000 1473 1041 καὶ
1514 999 1664 1056 κροτή-

32 1106 78 1131 10
164 1099 279 1126 σουσι
306 1083 446 1142 χεῖρας
473 1086 542 1127 ἐπὶ
569 1088 624 1128 σέ-ῑ·
664 1087 769 1128 διότι
806 1087 874 1127 ὲΠὶ
912 1086 1002 1127 τίνα
1041 1087 1115 1127 οὐκ
1153 1086 1337 1126 ἐπῆλθεν
1366 1085 1389 1124 ἡ
1430 1083 1552 1123 κακία
1591 1098 1664 1123 σου

165 1167 232 1207 διὰ
260 1168 416 1210 Παντόε
434 1189 444 1221 ‚-

172 1267 345 1333 Ψῆφος
377 1265 448 1317 ὅτι
489 1268 642 1318 δικαία
683 1267 844 1333 γέγονε
887 1266 1016 1333 παρὰ
1056 1270 1192 1327 Θεοῦ,
1225 1264 1310 1329 τὴν
1348 1262 1667 1324 Βαβυλωνίων

98 1344 247 1413 ἀρχὴν
294 1349 705 1419 καταστρέφουσα,
750 1347 1156 1415 καταμαρτυρήσει
1198 1349 1426 1412 λαμπρῶς
1469 1343 1523 1395 τὸ
1565 1345 1664 1394 ἐπι·
1685 1364 1706 1389 e

98 1429 371 1496 στυγνάζειν
403 1433 520 1500 αὐτῇ
557 1437 800 1486 παντελῶς
844 1432 1022 1482 οὐδένα·
1073 1433 1226 1500 κροτεῖν
1269 1427 1317 1479 δὲ
1361 1432 1550 1491 μᾶλλον
1595 1427 1670 1476 καὶ

34 1534 79 1571 15
100 1510 407 1577 ἐπιγάνυσθαι
445 1517 520 1565 καὶ
557 1518 853 1578 καταμειδιᾶν
881 1514 1100 1577 κειμένης,
1129 1511 1274 1563 διάτοι
1311 1510 1365 1561 τὸ
1404 1507 1670 1578 ἀφορήτους

99 1593 351 1661 συμφορὰς
385 1597 649 1662 ὑπενεγκεῖν
679 1598 756 1647 καὶ
792 1594 1085 1665 πλεονεξίας,
1115 1596 1190 1645 καὶ
1227 1597 1322 1644 τῶν
1348 1591 1418 1643 ὅτι
1455 1591 1671 1655 μάλιστα

101 1681 385 1728 καταλυπεῖν
423 1678 650 1729 εἰωθότων
676 1682 738 1732 εἰς
762 1683 926 1744 πεῖραν
950 1679 1116 1728 ἐλθεῖν.
1187 1677 1262 1726 καὶ
1299 1673 1392 1741 γὰρ
1426 1672 1483 1737 ἦν
1521 1673 1674 1724 ἅπασι

101 1757 299 1823 φορτικὴ
337 1761 412 1810 καὶ
449 1761 717 1820 δύσοιστος,
745 1759 999 1823 πέμπουσα
1038 1760 1114 1809 καὶ
1149 1762 1246 1812 τοῖς
1280 1761 1342 1811 εἷς
1376 1754 1559 1822 μακρὰν
1592 1757 1675 1818 τῆς

101 1839 296 1903 ἐνούσης
322 1843 437 1909 αὐτῇ
464 1842 750 1907 δυστροπίας
775 1841 860 1906 τὴν
886 1841 1126 1905 αἴσθησιν.

36 1948 85 1972 20
186 1924 337 1988 Φαίην
376 1925 414 1973 δ’
443 1922 518 1986 ἂν,
557 1922 627 1974 ὅτι
658 1926 732 1974 καὶ
770 1925 794 1974 ὁ
828 1926 911 1987 τῆς
943 1921 1170 1988 ἁμαρτίας
1204 1918 1400 1987 εὑρετὴς,
1435 1917 1713 1969 τουτέστινει
1742 1935 1819 1969 516
1842 1934 1890 1968 A.

104 2011 129 2061 ὁ
167 2011 389 2068 σατανᾶς,
425 2006 450 2056 ὁ
483 2008 565 2069 τῆς
605 2008 767 2057 ἑαυτοῦ
801 2006 1086 2072 δυστροπίας
1123 2026 1174 2054 τε
1213 2004 1345 2054 λίνον
1389 2001 1677 2066 κατευρύνων

102 2091 336 2156 πανταχῆ,
381 2089 457 2138 καὶ
497 2087 796 2152 σαγηνεύσας
834 2090 898 2141 εἰς
938 2085 1182 2150 πλάνησιν
1221 2083 1308 2148 τὴν
1351 2084 1424 2135 ὑπ’
1467 2081 1677 2148 οὐρανὸν,

105 2175 180 2224 καὶ
217 2176 312 2224 τοῖς
349 2172 430 2233 τῆς
465 2169 698 2222 ἀπωλείας
732 2168 1057 2234 ἐγκαταδήσας
1090 2167 1302 2234 βρόχοις,
1345 2163 1583 2215 ἀκούσειεν
1620 2162 1678 2214 ἂν

105 2254 302 2315 εἰκότως,
355 2249 668 2318 καθῃρημένος
716 2250 805 2301 ὑπὸ
855 2253 1087 2316 Χριστοῦ,
1141 2251 1216 2299 καὶ
1264 2250 1346 2311 τῆς
1394 2246 1501 2297 καθ’
1548 2246 1678 2309 ἡμῶν

38 2365 86 2403 25
106 2336 374 2403 τυραννίδος
409 2330 762 2395 ἀπεληλαμένος
790 2331 958 2387 Πάντες
995 2338 1029 2383 οἱ
1061 2330 1330 2383 ἀκούσαντες
1356 2330 1426 2388 τὴν
1453 2331 1677 2394 ἀγγελίαν

107 2443 184 2470 σου
222 2419 486 2487 χαρήσονται
527 2419 604 2465 καὶ
647 2414 891 2480 κροτήσουσι
929 2416 1080 2482 χεῖρας
1120 2414 1193 2465 ἐπὶ
1230 2410 1296 2469 σὲ,
1331 2407 1434 2462 διότι
1471 2411 1541 2461 ἐπὶ
1581 2418 1678 2461 τινα

110 2505 186 2553 οὐκ
213 2497 390 2559 ἑτι-ἦλθεν
415 2500 436 2558 ἦ
465 2496 609 2549 κακία
635 2519 712 2546 σου
738 2492 814 2546 δια
839 2497 1034 2556 παντόςς

159 2614 190 2638 1.
215 2603 268 2636 καὶ
286 2613 355 2637 om.
373 2601 418 2636 D.
623 2610 657 2644 3.
682 2597 982 2643 ἐγκατελίπομεν-
991 2597 1150 2644 [ἕκαστος
1166 2601 1246 2642 post
1262 2595 1320 2630 ἀπ.
1336 2601 1467 2639 transp.
1486 2592 1551 2639 D.]
1571 2593 1679 2638 ἀπήλ-

110 2651 212 2693 θομεν
230 2649 321 2683 B.D.
339 2645 857 2694 ἐγκαταλίπωμεν-ἀπέλθωμεν
874 2644 1093 2688 (ἀπήλθωμεν
1111 2643 1232 2687 Pont.)
1251 2641 1342 2676 Edd.
1492 2654 1525 2683 4.
1550 2643 1613 2685 γῆν
1630 2641 1678 2676 D.

111 2698 190 2731 ὁδὸν
208 2695 300 2730 Edd.
441 2703 472 2739 5.
499 2695 552 2728 καὶ
569 2697 790 2736 assumptum
808 2703 849 2724 ex
868 2691 914 2725 l).
1055 2691 1089 2725 6.
1118 2689 1228 2735 ὑψοῦ]
1249 2688 1339 2734 ὕψος
1355 2687 1413 2722 ἰίἆ.
1555 2699 1587 2732 9.
1613 2702 1678 2722 σου

111 2756 181 2777 om.
201 2743 248 2777 D.
401 2752 454 2775 10.
480 2741 570 2776 τίνας
589 2741 634 2774 D.
684 2738 785 2782 ἦλθεν
803 2737 845 2771 Β.
865 2737 960 2782 (153,
980 2738 1075 2780 240.)
1232 2746 1284 2769 12.
1310 2735 1363 2768 ὅτι
1379 2734 1489 2768 δικαία
1505 2734 1677 2779 γέγονενὴ

111 2792 233 2835 ψῆφος
251 2800 313 2833 pro
329 2787 615 2833 ψῆφος-γέγονε
635 2786 681 2821 D.
826 2793 877 2829 15.
905 2783 1051 2826 κειμένης
1069 2784 1114 2817 D.
1135 2782 1262 2825 κειμένῃ
1282 2781 1373 2815 Edd.
1505 2781 1559 2815 16.
1584 2781 1678 2815 ὑπεν.

113 2838 226 2880 συμφ.
244 2835 380 2869 inverso
396 2833 516 2869 ordine
534 2835 580 2868 D.
749 2831 800 2865 18.
826 2829 988 2875 φορτική]
1007 2831 1168 2875 φορτικὸς
1186 2828 1278 2862 Edd.
1435 2838 1490 2863 20.
1516 2829 1534 2861 ὁ
1551 2834 1584 2861 et
1600 2842 1676 2861 του-

113 2883 227 2917 τέστιν
243 2893 313 2915 Om.
334 2882 379 2916 D.
500 2891 554 2914 21.
579 2880 681 2914 αὐτοῦ
698 2889 760 2924 pro
778 2879 896 2911 ἑαυτοῦ
916 2877 962 2910 D.
1082 2887 1135 2910 22.
1160 2875 1312 2919 πανταχῆ
1333 2874 1378 2908 D.
1396 2876 1567 2919 πανταχοῦ
1585 2872 1677 2908 Edd.

115 2940 169 2973 23.
195 2929 253 2972 τῆς
269 2940 338 2962 om.
356 2927 450 2961 Aub.
624 2936 678 2971 25.
703 2922 838 2969 πάντες]
863 2928 899 2964 -Ι-
920 2923 955 2957 δέ
974 2922 1016 2957 Β.
1207 2921 1261 2956 26.
1287 2935 1352 2956 σου
1369 2927 1402 2956 et
1417 2921 1490 2957 τίνα
1506 2921 1610 2956 habet
1630 2920 1677 2954 D.

116 2986 171 3021 27.
199 2975 343 3018 ἐπῆλθεν
363 2974 407 3009 D.
424 2973 525 3017 ἦλθεν
544 2972 634 3008 Edd.

889 3029 916 3056 K
936 3028 958 3057 Ζ
