2053 3382
86 393 193 432 Supra

85 446 152 466 ver.
173 444 202 475 5.

87 1287 169 1318 Mal.
190 1288 220 1317 ii.

308 187 392 226 458
711 188 761 228 B.
805 185 1080 227 CYRILLI
1122 185 1502 227 ALEXANDR.
1711 186 1767 227 xi.
1791 186 1829 236 8,
1853 201 1892 241 9.

265 305 289 344 d
309 295 696 362 ψευδοποίμενας,
740 292 954 344 τουτέστι
999 291 1106 345 τοὺς
1156 297 1249 343 τῶν
1294 293 1533 342 Ἰουδαίων
1581 291 1700 342 κατὰ
1751 293 1893 354 νόμον

309 375 590 440 καθηγητάς·
648 373 713 425 ὧν
756 377 797 425 οἱ
843 373 927 437 μὲν
972 381 998 404 “
1015 373 1313 442 κατέσφαζον
1357 372 1417 424 τὰ
1459 371 1679 437 πρόβατα
1723 378 1798 423 καὶ
1841 375 1895 424 οὐ

310 464 337 486 “
361 455 701 519 μετεμε’λοντο”
745 460 786 507 οἱ
831 456 879 507 δὲ
920 455 977 519 δὴ
1017 462 1044 485 “
1061 461 1329 510 πωλοῦντες
1369 455 1487 506 αὐτὰ
1530 455 1694 520 ε”λεγον
1733 455 1891 505 Εὐλο-

309 545 336 567 “
361 536 503 603 γητος
541 537 713 604 Κύριος
745 540 819 588 καὶ
851 535 1291 601 πεπλουτήκαμεν.”
1345 535 1443 588 εἶτα
1475 536 1523 587 τί
1557 536 1746 600 δήποτε,
1777 538 1894 604 φαίη

306 642 375 672 τις
400 618 468 680 ἂν,
492 618 707 687 ποιμένας
727 618 893 673 αὐτοὺς
919 617 1130 685 ὀνομάζει
1157 622 1279 687 τρεῖς,
1300 620 1404 670 τίνα
1430 619 1478 669 δὲ
1503 618 1679 684 τρόπον
1699 619 1893 687 ἐξαίρον-

305 723 382 750 ται
423 700 547 751 καθά
591 705 743 770 φησιν
785 702 822 753 ἐν
867 709 962 769 μηνὶ
1006 703 1074 763 ἑνὶ,
1114 699 1225 770 φέρε
1264 700 1311 751 δὲ
1354 700 1579 766 λέγωμεν,
1618 699 1677 750 τὰ
1714 701 1764 750 ἐκ
1802 704 1896 750 τῶν

307 787 441 848 ἱερῶν
484 782 775 849 γραμμάτων
818 782 1147 848 παρατιθέντες
1194 786 1256 836 εἷς
1296 784 1474 833 πίστιν.
1545 780 1671 844 οἶμαι
1716 781 1772 845 δὴ
1814 782 1896 832 οὖν

308 864 378 914 ὅτι
404 867 511 933 τρεῖς
538 863 749 931 ὀνομάζει
774 864 1004 933 ποιμένας,
1033 864 1139 918 τούς
1166 887 1214 915 τε
1250 864 1368 916 κατὰ
1396 865 1538 927 νόμον
1562 863 1893 929 ἱερατεύοντας,

270 966 290 991 c
310 949 384 997 καὶ
418 945 526 1000 τοὺς
560 946 867 1012 τεταγμένους
904 945 1063 1014 κριτὰς
1095 952 1178 997 τοῦ
1214 953 1347 997 λαοῦ·
1388 949 1461 997 καὶ
1493 946 1690 1012 προσέτι
1714 945 1895 998 τούτοις

307 1027 414 1082 τοὺς
470 1033 1000 1094 γραμματοεισαγωγεῖς
1058 1029 1159 1093 ἤτοι
1227 1028 1332 1082 τοὺς
1393 1027 1620 1091 νομικούς.
1701 1027 1894 1087 κατεβό-

307 1133 483 1161 σκοντο
518 1109 612 1176 γὰρ
647 1109 810 1177 ὥσπερ
846 1111 972 1161 οὗτοι
1007 1110 1088 1161 τὸν
1115 1109 1333 1177 Ἰσραήλ.
1389 1112 1463 1160 καὶ
1498 1113 1540 1160 οἱ
1579 1107 1664 1171 μὲν
1695 1108 1780 1172 τὴν
1813 1111 1895 1172 τῆς

308 1192 564 1257 ἱερωσύνης
602 1192 785 1260 ἔχοντες
825 1190 983 1261 δόξαν,
1019 1194 1068 1243 ἐκ
1107 1190 1251 1256 μόνης
1288 1191 1414 1256 ἦσαν
1449 1194 1531 1254 τῆς
1571 1194 1729 1259 φυλῆς
1768 1192 1894 1252 Λευὶ,

308 1276 381 1325 καὶ
433 1297 536 1340 περι
582 1275 735 1325 αὐτῶν
782 1274 874 1343 εφη
923 1277 1139 1338 Μωυσῆς
1186 1275 1383 1338 “Χείλη
1429 1273 1579 1339 ἱερεως
1631 1273 1896 1340 φυλάξεται

308 1363 335 1384 “
363 1356 533 1422 κρίσιν.
574 1379 648 1406 και
693 1356 836 1418 νόμον
874 1355 1213 1454 ἐκζητήσουσιν
1252 1358 1301 1406 ἐκ
1345 1356 1584 1419 στόματος
1623 1355 1793 1405 αὐτοῦ’
1854 1377 1895 1404 οι

307 1437 355 1488 δε
398 1436 453 1501 δη
498 1436 725 1504 λαχόντες
769 1443 851 1488 τοῦ
896 1461 1065 1503 κρινειν
1109 1461 1194 1501 την
1237 1439 1472 1507 ἐξουσιαν,
1515 1436 1768 1487 ἀπόλεκτοι
1811 1458 1896 1498 μεν

308 1520 383 1569 καὶ
426 1521 568 1581 αὐτοὶ,
609 1519 738 1584 πλὴν
777 1521 827 1570 ἐκ
864 1519 1024 1584 πάσης
1063 1520 1378 1570 ἀνεδείκνυντο
1419 1523 1588 1588 φυλῆς·
1658 1518 1774 1569 κατὰ
1813 1518 1896 1568 τὸν

310 1600 419 1651 ’ἴσον
463 1601 510 1651 δὲ
559 1599 683 1663 οἶμαι
728 1600 904 1668 τρόπον
949 1602 995 1652 οἵ
1041 1624 1089 1652 τε
1139 1606 1681 1667 γραμματοεισαγωγεῖς,
1734 1600 1894 1666 ἤγουν,

87 1696 170 1730 763
188 1695 234 1729 A.
271 1706 292 1729 a
311 1683 522 1748 καθάπερ
557 1682 676 1751 ἔφην
708 1683 888 1749 ἀρτίως,
922 1686 963 1733 οἱ
999 1686 1190 1746 νομικοὶ,
1222 1688 1317 1736 τοῖς
1349 1686 1410 1736 εἰς
1442 1681 1494 1733 τὸ
1531 1684 1699 1749 κρίνειν
1731 1705 1897 1747 τεταγ-

90 2344 190 2375 Dent

91 2388 156 2418 xvi.
177 2390 226 2426 18,
268 2367 293 2407 b

93 2440 141 2471 19.

310 1764 460 1826 με’νοις
511 1767 578 1814 ἀεὶ
628 1764 1032 1830 προσεδρεύοντες,
1080 1768 1153 1814 καὶ
1207 1764 1265 1816 τὰ
1315 1771 1398 1815 τοῦ
1451 1764 1594 1827 νόμου
1642 1764 1898 1830 γράμματα

309 1845 702 1912 παρακομίζοντες
752 1850 813 1899 εἰς
864 1845 1102 1915 ἀπόδειξιν
1153 1846 1238 1910 τὴν
1280 1848 1352 1914 ἐφ’
1400 1845 1585 1915 ἑκάστῳ
1636 1845 1894 1912 πράγματι.

311 1928 380 1978 ὅτι
415 1926 499 1989 μὲν
532 1929 625 1990 οὖν,
659 1931 721 1981 ὡς
755 1929 886 1995 ἔφην,
920 1932 961 1978 οἱ
993 1933 1086 1979 τῶν
1118 1930 1253 1979 θείων
1285 1929 1638 1994 θυσιαστηρίων
1672 1930 1896 1994 ἱερουργοὶ

310 2012 358 2059 ἐκ
393 2009 536 2073 μόνης
572 2009 696 2073 ἦσαν
727 2013 810 2073 τῆς
844 2016 927 2061 τοῦ
962 2012 1073 2061 Λευὶ
1110 2013 1280 2077 φυλῆς,
1314 2010 1497 2064 οὐδενὸς
1523 2009 1580 2061 ἂν
1607 2011 1754 2061 δέοιτο
1780 2011 1898 2076 πρὸς

311 2091 548 2160 ἀπόδειξιν
587 2091 748 2157 λόγου.
818 2092 887 2143 ὅτι
933 2091 981 2143 δὲ
1027 2094 1101 2143 καὶ
1142 2094 1191 2143 ἐκ
1230 2092 1391 2157 πάσης
1430 2096 1586 2159 φυλῆς
1625 2093 1897 2157 ἀπολέγδην

312 2177 351 2223 οὶ
402 2174 645 2238 κρίνοντες,
700 2176 761 2228 ὡς
813 2179 1090 2236 νομομαθεῖς
1142 2174 1483 2237 ἐλαμβάνοντο,
1535 2174 1897 2243 πληροφορήσει

314 2255 467 2320 λε’γων
507 2256 531 2304 ὁ
570 2254 794 2321 μακάριος
836 2259 1051 2318 Μωυσῆς
1091 2258 1137 2306 ἐν
1172 2261 1238 2325 τῷ
1273 2258 1624 2326 Δευτερονομίῳ
1657 2261 1752 2309 τοῖς
1789 2260 1897 2310 υἱοῖς

313 2336 515 2446 ΞΙσραήλ
566 2345 591 2366 “
613 2337 789 2402 Κριτάς
853 2339 926 2387 καὶ
991 2343 1519 2404 γραμματοεισαγωγεῖς
1583 2337 1898 2402 καταστήσεις

314 2422 553 2487 “σεαυτῲ
592 2420 640 2468 ἐν
677 2419 855 2472 πάσαις
900 2424 998 2473 ταῖς
1039 2419 1218 2470 πόλεσί
1257 2443 1349 2470 σου
1388 2419 1458 2473 αἷς
1501 2420 1673 2486 Κύριος
1712 2421 1736 2470 ὁ
1777 2420 1897 2473 Θεός

313 2508 339 2529 (ί

367 2523 458 2551 σου
494 2501 664 2551 δίδωσί
696 2523 775 2551 σοι
806 2500 924 2551 κατὰ
952 2500 1123 2567 φυλὰς,
1151 2503 1226 2551 καὶ
1253 2507 1463 2566 κρινοῦσι
1489 2501 1570 2552 τὸν
1596 2500 1716 2552 λαὸν
1741 2502 1898 2567 κρίσιν

312 2590 339 2610 “
366 2582 560 2633 δικαίαν·
618 2583 699 2632 οὐκ
740 2585 1007 2633 ε’κκλινοῦσι
1044 2583 1213 2649 κρίσιν,
1241 2584 1323 2633 οὐκ
1354 2583 1695 2648 ἐπιγνώσονται
1734 2581 1892 2648 πρόσ-

359 2756 391 2785 4.
418 2743 503 2787 φαίη
524 2743 563 2777 Β.
571 2742 611 2777 C.
630 2744 682 2777 καὶ
701 2744 786 2788 φαίη
806 2743 897 2778 Edd.
1103 2755 1155 2778 10.
1182 2744 1259 2779 τοὺς
1277 2744 1374 2787 prius
1391 2755 1461 2777 om.
1482 2742 1522 2777 C.
1583 2744 1831 2782 κατεβόσκοντο
1853 2743 1894 2778 C.

312 2790 521 2827 κατέΒοσκον
540 2789 632 2823 Edd.
1037 2801 1088 2824 11.
1116 2791 1347 2835 Assumpta‘'
1326 2804 1444 2835 ωσπερ
1461 2802 1503 2824 ex
1523 2789 1576 2829 C„
1593 2789 1652 2832 τὴν
1669 2790 1726 2832 τῆς
1744 2801 1785 2823 ex
1806 2790 1846 2824 Β.
1852 2791 1892 2825 C.

317 2846 368 2879 13.
398 2838 546 2879 Μωυσῆς
565 2835 606 2870 C.
626 2838 754 2880 Μωσῆς
774 2836 813 2870 Β.
822 2837 865 2871 D.
886 2837 1066 2882 Μαλαχίας
1085 2837 1177 2870 Edd.
1441 2845 1493 2879 17.
1519 2834 1553 2869 οἵ
1567 2850 1602 2869 τε
1622 2834 1662 2868 C.
1681 2836 1733 2868 καὶ
1751 2837 1780 2868 οἱ
1800 2837 1893 2871 Edd.

314 2892 367 2914 2.1
396 2884 426 2915 οἶ
443 2886 508 2915 τῶν
525 2883 621 2916 θειων
639 2883 891 2927 θυσιαστηρίων
910 2884 951 2917 C.
970 2887 1035 2917 τῶν
1053 2883 1150 2917 θειων
1167 2897 1361 2927 μυστηριων
1380 2883 1410 2916 οἱ
1431 2881 1519 2915 Edd.
1758 2894 1812 2927 23.
1840 2884 1894 2917 καὶ

312 2935 531 2971 assumptum
550 2941 590 2962 ex
611 2929 650 2962 C.
701 2930 831 2974 ἁπολὲγ
834 2931 872 2973 δη
877 2945 893 2964 ν
912 2930 953 2964 C.
971 2930 1152 2964 ἀπόλεκτοι
1173 2929 1263 2963 Edd.
1618 2938 1673 2973 27·
1700 2932 1831 2975 σεαυτῷ
1852 2930 1893 2964 C.

313 2973 418 3006 ιίτὼν
440 2974 479 3007 Β.
498 2990 554 3007 em
559 2989 603 3008 τω
624 2975 714 3009 Edd.
735 2976 821 3019 (59)

1920 1048 1967 1072 10

1920 1869 1968 1893 20
