1992 3335
295 179 319 217 2
692 175 741 214 Β.
786 173 1055 213 CYRILLI
1100 174 1474 215 ALEXANDR.

75 297 158 332 475
177 296 227 330 A.
255 285 447 338 ἣκόλως
487 283 604 351 πρὸς
649 284 762 350 ὅπερ
802 283 860 334 ἂν
901 283 1126 342 βούλοιτο
1174 284 1603 347 μεταπλάττοντος.
1661 278 1871 332 τοιοῦτόν

248 1031 273 1071 b

253 1790 274 1816 C

74 2116 168 2146 Hier.

74 2160 153 2189 xlix.
173 2170 209 2190 10

74 2214 144 2243 sqq.

293 391 396 418 τινα
435 369 508 418 καὶ
550 372 631 417 νῦν
662 369 744 430 τῆς
779 365 1079 433 προκειμένης
1117 366 1224 429 ἡμῖν
1255 367 1574 433 πραγματείας
1613 364 1871 431 εὑρήσομεν

293 450 375 501 τὸν
413 448 609 501 σκοπόν.

365 531 559 595 Ἐπειδὴ
601 530 693 597 γὰρ
738 531 839 594 ἥλω
883 534 977 580 τῶν
1022 530 1260 581 Ἰουδαίων
1303 531 1330 594 ἡ
1375 531 1520 598 χώρα,
1567 533 1639 581 καὶ
1681 532 1742 582 εἷς
1788 526 1873 590 τὴν

295 619 499 680 Περσῶν
526 637 572 663 τε
605 616 679 663 καὶ
711 612 892 676 Μήδων
918 614 1297 681 ἐξεκομίσθησαν
1324 615 1595 678 δορίληπτοι
1627 610 1871 678 γεγονότες

293 700 335 747 οἱ
369 701 468 749 ταῖς
499 694 705 748 ε’κτόποις
745 697 1062 750 ἀποστασίαις
1102 695 1523 759 καταλυπήσαντες
1548 694 1630 745 τὸν
1656 696 1722 744 ἀεὶ
1749 716 1866 758 προ-

293 778 525 843 εστηκότα
559 781 633 828 καὶ
670 779 1024 844 ὑπεραθλοῦντα
1050 778 1173 830 Θεὸν
1201 781 1274 828 καὶ
1307 780 1517 840 ἀμείνους
1549 777 1874 842 ἀποφαίνοντα

291 865 385 911 τῶν
411 860 767 924 ἀνθεστηκότων
792 860 971 924 αὐτοὺς,
997 865 1038 912 οὶ
1069 860 1152 924 μὲν
1179 862 1266 926 ἤδη
1293 866 1430 911 τοῦτο
1455 859 1751 919 πεπονθότες,
1779 861 1873 910 τοῖς

292 945 374 1006 τῆς
405 943 735 1010 αἰχμαλωσίας
767 943 1062 1011 ἐνισχημένοι
1095 948 1251 996 κακοῖς
1291 946 1366 993 καὶ
1405 942 1661 993 δύσοιστον
1692 941 1875 1008 ἔχοντες

293 1025 549 1089 ἀθλιότητα
576 1025 827 1076 διετέλουν·
863 1030 904 1076 οἱ
931 1025 979 1076 δὲ
1007 1025 1063 1090 δὴ
1090 1025 1228 1089 μόλις
1256 1025 1540 1093 ἰσχύσαντες
1567 1025 1657 1093 ἔξω
1683 1022 1875 1089 βρόχων

291 1107 524 1172 γενέσθαι,
552 1109 627 1158 καὶ
659 1106 744 1171 τὴν
779 1112 872 1157 τῶν
908 1108 1227 1169 Βαβυλωνίων
1253 1111 1499 1176 διαφυγεῖν
1533 1105 1800 1172 ἀγριότητα,
1829 1107 1876 1155 ἐν

291 1189 635 1254 ἀκαταλήκτοις
671 1188 796 1252 ἦσαν
830 1189 1017 1253 δείμασι
1050 1191 1124 1240 καὶ
1159 1192 1207 1240 ἐν
1247 1191 1431 1258 ὑποψίᾳ
1465 1193 1642 1255 πολλῇ,
1681 1187 1745 1252 μὴ
1785 1188 1876 1253 ἄρα

291 1295 392 1326 πως
417 1273 492 1322 καὶ
519 1273 648 1322 αὐτοὶ
680 1276 776 1325 τοῖς
816 1272 936 1325 ἰ’σοις
972 1277 1129 1325 κακοῖς
1172 1271 1200 1337 ἦ
1238 1277 1333 1325 τοῖς
1365 1272 1429 1322 ἔτι
1461 1271 1643 1340 χείροσι
1680 1270 1870 1336 περιπέ-

293 1378 464 1418 σωσιν,
513 1354 874 1418 ἐπιμηνίσαντος
918 1356 1072 1408 αὐτοῖς
1122 1361 1205 1406 τοῦ
1245 1354 1400 1406 πάντα
1445 1354 1691 1421 ἰσχύοντος
1736 1357 1874 1415 Θεοῦ,

293 1437 480 1491 ἀνέντος
506 1460 554 1488 τε
574 1438 702 1488 οὔπω
728 1434 814 1500 τὴν
839 1436 1177 1502 ἀγανάκτησιν·
1209 1441 1270 1490 εἷς
1297 1443 1434 1488 τοῦτο
1460 1436 1507 1487 δὲ
1534 1436 1621 1500 ἤδη
1648 1435 1875 1499 δειμάτων

292 1519 455 1587 ᾔεσαν,
477 1521 538 1573 ὡς
565 1520 612 1569 ἐν
637 1523 737 1572 ταῖς
762 1523 855 1569 τῶν
881 1518 1064 1585 ὁμόρων
1090 1522 1235 1570 ἐθνῶν
1260 1520 1664 1570 κατασκίδνασθαι
1685 1519 1873 1586 χώραις,

292 1603 547 1669 μονονουχί
579 1623 626 1652 τε
661 1602 867 1665 θητεύειν
909 1601 1090 1668 ἑτέροις,
1134 1604 1207 1652 καὶ
1248 1602 1428 1655 τούτοις
1470 1599 1756 1666 ἀλλογενέσι
1799 1601 1875 1651 καὶ

293 1683 670 1750 εἰδωλολάτραις.
736 1684 818 1734 οὐκ
853 1683 1044 1750 ἀζήμιον
1071 1683 1119 1736 δὲ
1149 1683 1206 1749 ἦν
1233 1683 1285 1735 τὸ
1321 1687 1480 1751 χρῆμα
1515 1685 1685 1737 αὐτοῖς·
1729 1682 1870 1746 ἐμάν-

294 1771 435 1817 θανον
461 1765 554 1832 γὰρ
584 1771 679 1820 τοῖς
717 1767 900 1817 ἐκείνων
939 1767 1066 1818 ε”θεσι
1104 1767 1281 1833 διαζῆν,
1309 1769 1382 1817 καὶ
1409 1768 1517 1832 παρ’
1548 1766 1614 1820 οἷς
1653 1764 1710 1816 ἂν
1747 1768 1873 1831 εὑρε-

293 1853 412 1899 θεῖεν
455 1849 666 1911 ἕκαστοι,
710 1846 763 1899 τὸ
801 1849 954 1898 αὐτῶν
994 1853 1229 1900 ποιεῖσθαι
1273 1849 1422 1909 σέβας
1466 1851 1514 1899 ἐν
1558 1849 1687 1918 τάξει
1729 1853 1871 1900 Θεοῦ.

295 1929 369 1981 διὰ
407 1936 543 1981 τοῦτο
583 1933 656 1980 καὶ
692 1929 829 1984 αὐτὸς
861 1931 885 1980 ὁ
911 1935 1005 1981 τῶν
1031 1931 1157 1981 ὅλων
1184 1931 1304 1984 Θεὸς
1343 1931 1744 1996 ἐμπεπρησμένων
1782 1936 1877 1982 τῶν

293 2014 638 2079 Ἱεροσολύμων
664 2011 782 2062 κατὰ
809 2011 992 2078 καιροὺς
1023 2011 1098 2063 διὰ
1132 2012 1281 2080 χειρὸς
1316 2019 1398 2063 τοῦ
1425 2013 1876 2080 Ναβουχοδονόσορ,

294 2100 388 2148 τοῖς
426 2095 826 2157 διασεσωσμένοις
861 2095 1076 2145 ἐπέταττε
1110 2094 1174 2159 μὴ
1207 2097 1502 2156 καταβαίνειν
1529 2100 1589 2149 εἷς
1617 2095 1874 2161 Αἴγυπτον,

295 2180 308 2227 ἱ
338 2177 545 2241 ήσαντας
579 2176 626 2228 δὲ
664 2182 853 2239 μᾶλλον
888 2177 1001 2227 οἴκοι
1035 2181 1117 2241 τῆς
1155 2177 1375 2247 πατρῴας
1414 2178 1604 2245 ἔχεσθαι
1643 2180 1874 2243 λατρείας,

295 2261 644 2326 ἐπικουροῦντος
683 2260 841 2310 αὐτοῦ.
908 2260 982 2310 ἵνα
1026 2260 1180 2310 τοίνυν
1219 2260 1303 2323 τὴν
1348 2265 1430 2310 τοῦ
1473 2259 1718 2328 ἐπανήξειν
1756 2260 1875 2311 κατὰ

296 2340 477 2406 καιροὺς
521 2340 703 2409 ἔχοντες
745 2342 926 2404 ἐλπίδα,
969 2341 1032 2405 μὴ
1079 2343 1186 2392 λίαν
1229 2342 1396 2404 ἄθυμοι
1439 2346 1692 2393 διατελοῖεν
1737 2345 1777 2393 οἱ
1822 2343 1879 2411 ἐξ

347 2493 375 2515 1.
398 2495 462 2526 περ
479 2482 518 2516 ἂν
535 2494 604 2516 om.
626 2482 672 2516 D.
724 2482 849 2516 Statim
865 2481 1028 2523 βούλεται
1049 2483 1096 2517 D.
1203 2494 1234 2517 2.
1252 2483 1481 2528 πραγματείας
1503 2482 1542 2516 Β.
1563 2482 1655 2517 Edd.
1675 2484 1716 2517 cf.
1737 2495 1754 2517 e
1772 2484 1873 2518 infra.

295 2529 502 2573 προφητείας
520 2529 566 2563 D.
617 2529 743 2563 Statim
761 2531 819 2563 τὸν
836 2532 964 2563 σκοπὸν
981 2529 1168 2574 εὑρήσομεν
1186 2530 1323 2564 inverso
1341 2529 1461 2563 ordine
1481 2530 1526 2563 1,).
1694 2543 1727 2572 4.
1752 2531 1798 2566 εἷς
1816 2531 1875 2574 τὴν

297 2579 440 2618 Περσῶν
462 2591 497 2610 τε
527 2577 580 2609 καὶ
606 2575 730 2619 Μήδων
757 2576 968 2622 ἐξεκομίσθ.]
993 2577 1272 2621 ἁπεκομίσθησαν
1297 2577 1343 2612 εἷς
1366 2577 1426 2617 τὴν
1450 2580 1587 2621 περσῶν
1612 2577 1665 2610 καὶ
1689 2577 1802 2621 μήδων
1826 2578 1872 2612 D.

298 2621 422 2655 Statim
440 2622 644 2667 δορὺληπτοι
664 2622 755 2656 Edd.
886 2634 917 2669 7.
943 2623 1191 2670 ἀποφαίνοντα]
1213 2625 1416 2668 ἐμφαίνοντα
1434 2623 1493 2656 iid.
1636 2626 1669 2658 8.
1697 2625 1810 2660 αὐτοῖς
1828 2625 1874 2659 D.

298 2680 331 2713 9.
358 2667 557 2715 δύσοιστον]
577 2670 684 2713 δεινὴν
705 2670 751 2703 D.
1025 2682 1077 2705 10.
1103 2670 1325 2716 ἰσχύσαντες]
1345 2669 1496 2715 ἰ’σχυσαν
1513 2672 1551 2704 τὸ
1573 2670 1663 2704 Edd.
1713 2671 1874 2716 γενέσθαι

297 2719 430 2758 βροτῶν
447 2716 511 2759 (sic
529 2728 616 2750 corr.
635 2729 652 2750 e
669 2717 822 2761 βρόχων)
842 2729 904 2762 pro
921 2719 1058 2762 βρόχων
1073 2719 1232 2763 γενέσθαι
1251 2718 1296 2751 D.
1490 2728 1502 2750 1
1515 2728 1543 2751 1.
1569 2722 1634 2751 τῶν
1651 2725 1874 2763 assumptum

299 2774 339 2794 ex
360 2761 453 2795 B.D.
523 2765 725 2807 ματαιότητα
744 2764 840 2808 διαφ.
860 2776 922 2808 pro
940 2765 1035 2808 διαφ.
1054 2765 1182 2809 (ἱγριότ.
1203 2765 1249 2798 D.
1651 2776 1701 2798 12.
1727 2766 1771 2809 μὴ
1789 2765 1871 2821 ἄρα]

1893 634 1914 669 Ul

1899 1050 1946 1074 10

1898 1872 1946 1895 20

299 2808 328 2840 εἷ
344 2808 387 2851 μὴ
405 2809 452 2841 ἔτι
486 2808 578 2843 Edd.
746 2822 799 2852 14.
826 2811 1090 2854 ἐπιμηνῦσαντος
1109 2812 1197 2856 (Sic)
1218 2811 1262 2844 D.
1432 2819 1484 2855 17.
1512 2811 1547 2844 δὲ
1567 2823 1628 2856 pro
1646 2827 1681 2845 τε
1702 2811 1746 2845 D.
1797 2827 1873 2846 του·
1891 2840 1895 2846 ς

298 2869 372 2902 τοις,
386 2854 431 2887 D.
450 2856 525 2889 τότε
544 2856 585 2889 Β.
604 2859 701 2890 τοῦτο
720 2857 812 2890 Edd.
989 2870 1042 2892 20.
1067 2859 1238 2893 ποιεῖσθαι
1256 2856 1361 2898 σέβας
1378 2857 1413 2891 ἐν
1429 2858 1522 2900 τάξει
1542 2858 1587 2893 D.
1606 2858 1713 2896 σέβας
1729 2858 1764 2892 ἐν
1780 2859 1873 2903 τάξει

298 2915 334 2935 π.
355 2901 445 2934 Edd.
662 2915 716 2948 23.
743 2904 900 2939 ἐπέταττε
918 2907 988 2940 τοῖς
1005 2906 1140 2940 διασεσ.
1160 2906 1296 2939 inverso
1314 2903 1434 2937 ordine
1454 2904 1500 2939 D.
1706 2916 1760 2946 24.
1787 2904 1872 2939 οἴκοι

299 2947 334 2980 δέ
351 2962 386 2991 μ.
407 2947 493 2991 ἶζήσ.
513 2948 649 2983 inverso
667 2950 786 2984 ordine
806 2952 850 2984 l).
1000 2963 1054 2995 25.
1080 2951 1156 2998 τοῦ]
1176 2951 1276 2986 αὐτοῦ
1295 2951 1347 2984 καὶ
1367 2950 1457 2984 Edd.
1612 2951 1664 2985 26.
1692 2952 1806 2996 καιρὸν
1825 2952 1870 2986 D.

298 2994 438 3038 ἔχοντας
456 2994 546 3029 Edd.
597 2997 714 3041 ι’ίθυμοι
737 2997 781 3032 D.
800 2997 940 3043 ῥᾴθυμοι
961 2999 1052 3033 Edd.
