1997 3361
94 127 118 168 i.
141 139 182 182 5,
205 131 244 171 6.
650 139 722 179 IN
766 141 1039 184 AGGAEU
1052 145 1115 185 M.
1587 151 1660 188 25]

91 241 232 302 δηλοῖ
251 241 335 303 μὲν
360 243 453 311 γὰρ
473 247 498 296 ὁ
518 248 832 314 Ζοροβάβελ’
840 252 985 306 Ρύσις
1010 256 1376 320 μετατεθειμεκνη
1419 257 1667 321 Σαλαθιὴλ

89 320 236 431 γεμὴν
253 323 506 382 ’Έκκλισις
542 333 679 382 Θεοῦ.
747 333 836 431 ἐφη
876 336 932 385 δε
962 359 1054 386 που
1093 340 1167 387 καὶ
1206 339 1230 387 ὁ
1256 339 1467 404 Χριστός
1495 346 1520 368 ⁶⁶
1545 338 1667 390 Ἰδου
1731 336 1817 410 Efzgi'.
1869 406 1874 411 .

90 403 233 468 “ε’γὼ
271 408 465 460 ε’κκλίνω
500 412 568 462 ἐπ
598 414 763 468 αὐτους
802 418 863 470 ὡς
900 418 1110 481 ποταμὸς
1149 419 1343 518 εἰρήνης,
1374 444 1446 471 και
1487 424 1548 475 ὡς
1574 445 1666 488 χει-

89 484 344 553 “,ιιοῖρ’ῥους
379 493 636 559 ἐπικλύζων
675 497 819 565 δόξαν
857 501 1040 552 ἐθνῶν.η
1108 502 1209 552 ἔστι
1248 502 1331 565 μὲν
1369 502 1461 570 γὰρ
1494 505 1666 566 ὁμολο-

47 569 321 630 5γουμενως
372 574 509 628 αὐτὸς
557 577 582 626 6
632 580 907 646 χειμάρροις
949 586 1031 646 τῆς
1080 587 1278 652 τρυφῆς,
1330 587 1404 635 καὶ
1447 584 1543 636 οἷον
1583 589 1666 649 τῆς

86 648 266 714 εἰρήνης
300 653 327 715 ἡ
361 655 510 720 ῥύσις.
578 661 688 710 ἀλλ’
725 663 984 714 ἐκκεκλικεν
1028 668 1089 719 εἷς
1134 667 1265 730 ἡμᾶς,
1304 670 1378 718 καὶ
1417 691 1663 736 μονονουχι

83 734 395 793 μετατεθειται
436 741 789 796 καταλελοιπως
827 747 909 794 τὸν
947 747 1160 811 Ἰσραηλ.
1230 749 1461 816 κεχώρηκε
1500 750 1562 812 δὲ,
1601 753 1701 805 ὡςο

83 813 220 880 ἐφην,
254 820 315 870 εἰς
349 842 455 872 τους
486 822 542 890 ἐξ
573 824 717 874 ἐθνῶν
751 828 1071 925 κεκλημενους,
1099 835 1193 883 τοῖς
1224 829 1400 882 ἄνωθεν
1426 836 1500 882 καὶ
1525 856 1661 883 πνευ-

82 903 291 958 ματικοῖς
321 902 515 966 ἀγαθοῖς
550 907 808 974 ἀμφιλαφῆ
842 908 926 972 τὴν
958 911 1099 976 χύσιν
1130 913 1177 962 εὖ
1200 914 1333 974 μάλα
1359 915 1660 980 δωρούμενος.

18 997 64 1022 10
82 978 267 1042 Ἰησοῦς
307 982 355 1033 δὲ
393 983 538 1036 παλιν
578 987 703 1038 ιίἷοιω
742 992 1004 1056 σωτηριαν”
1048 995 1288 1057 ὑποδηλοῖ,
1331 1019 1405 1046 και
1448 997 1539 1061 μὴν
1584 1022 1659 1049 και

80 1060 294 1114 Ἰωσεδὲκ
320 1069 375 1094 “’
363 1065 447 1116 cau}
475 1070 819 1135 δικαιοσύνηνῇ
861 1097 945 1123 ιαω
972 1074 1067 1125 δὲ’
1045 1099 1174 1126 εστιν
1201 1078 1226 1127 6
1253 1082 1346 1128 τῶν
1373 1079 1499 1130 όλων
1518 1079 1651 1134 Θεός.

79 1164 242 1208 γεγονε
273 1145 321 1196 δε
355 1148 463 1211 ἡμῖν
496 1150 520 1199 ὁ
548 1152 759 1217 Χριστὸς
790 1156 1000 1221 σωτηρία
1036 1180 1084 1206 τε
1123 1181 1198 1208 και
1238 1161 1505 1225 δικαιοσύνη
1529 1162 1658 1228 παρὰ

78 1230 162 1275 τοῦ
206 1230 330 1278 Θεοῦ
373 1252 448 1280 και
495 1233 696 1297 Πατρός.
761 1236 1052 1297 σεσώσμεθα
1094 1239 1186 1305 γὰρ
1229 1264 1276 1290 εν
1322 1242 1446 1311 αὐτῷ
1483 1242 1536 1293 τὸ
1575 1250 1657 1294 τοῦ

79 1306 282 1360 θανατου
316 1311 546 1380 φυγόντες
581 1316 726 1378 λινον,
754 1340 830 1368 και
865 1321 1195 1383 δεδικαιώμεθα
1222 1323 1296 1373 διὰ
1328 1324 1543 1387 πίστεως,
1571 1326 1657 1390 τὴν

12 1405 58 1443 15
79 1390 186 1439 καθ’
215 1391 345 1454 ἡμῶν
371 1394 738 1460 τυραννήσασαν
764 1400 995 1465 ἀμαρτιαν
1029 1404 1411 1468 ἀποσεισάμενοι
1470 1409 1650 1460 οὐκοῦν
1674 1438 1694 1462 a
1725 1431 1806 1464 633
1825 1431 1876 1465 A.

77 1472 310 1536 ἀνακομιῶ
349 1498 442 1543 γαρ
482 1478 610 1531 αὖθις
648 1483 710 1533 εἷς
747 1480 801 1532 τὸ
841 1483 889 1532 ἐν
928 1485 1091 1551 ἀρχαῖς
1130 1485 1212 1537 τὸν
1243 1487 1406 1554 λόγον·
1447 1480 1656 1550 βασιλεα

75 1576 160 1615 μεν
194 1554 333 1607 αὐτὸν
370 1560 418 1608 ἐν
455 1564 522 1609 τῶ
558 1561 860 1626 Ζοροβάβελ,
889 1567 1105 1633 ἀρχιερεα
1143 1568 1290 1633 γεμὴν
1329 1574 1391 1625 ὡς
1424 1573 1471 1622 ἐν
1505 1596 1557 1637 γε
1589 1578 1656 1643 τῷ

75 1636 235 1699 Ἰησοῦ
271 1611 643 1706 καταθρήσομεν.
712 1645 841 1709 πλὴν
876 1647 1028 1713 ὁρατω
1067 1650 1217 1701 πάλιν
1253 1654 1277 1702 ὁ
1315 1627 1654 1721 χρηστομαθὴις

75 1716 128 1768 τὸ
167 1723 260 1770 τῶν
294 1722 561 1774 ΗΙουδαιων-
556 1727 905 1782 -ἀναπεπτωκὸς
943 1753 1005 1784 εις
1043 1731 1096 1782 τὸ
1134 1733 1344 1802 ῥάθυμον
1385 1760 1460 1787 και
1499 1742 1560 1791 εἷς
1598 1739 1651 1790 τὸ

7 1821 55 1846 20
73 1799 264 1853 ἑλέσθαι
301 1810 458 1856 πονεῖν
495 1807 554 1857 τὰ
585 1807 702 1874 πρὸς
741 1811 983 1863 σύστασιν
1010 1820 1092 1864 τοῦ
1126 1817 1248 1867 θείου
1285 1824 1410 1881 ναοῦ,
1436 1842 1650 1872 τουτεστι

64 1885 155 1946 τῆς
180 1884 470 1950 Ἐκκλησιας
503 1893 733 1955 Χριστοῦ·
776 1898 1162 1961 προσεπαθρειτω
1197 1899 1245 1950 δὲ
1279 1900 1458 1956 τούτοις
1491 1926 1565 1954 και
1596 1903 1649 1954 τὸ

71 1964 315 2031 πρόθυμον
354 1974 448 2020 τῶν
485 1973 643 2036 ἐθνῶν,
687 1976 759 2024 καὶ
797 1975 851 2026 τὸ
890 1977 1016 2028 πολυ
1054 1979 1163 2030 λιαν
1202 1983 1556 2049 διεγηγερμενον
1587 1990 1692 2040 εἷςΙ)

72 2049 334 2115 φιλεργίας.
403 2057 601 2118 Δαρεῖος
630 2054 716 2118 μὲν
747 2056 853 2123 γὰρ,
879 2061 940 2112 ὡς
975 2059 1106 2128 ἔφην,
1134 2064 1400 2129 ἐγειρεσθαί
1419 2089 1470 2117 τε
1495 2090 1647 2134 προσ-

70 2130 231 2201 τέταχε
264 2133 347 2186 τὸν
382 2135 508 2200 νεών,
535 2161 609 2189 και
647 2139 705 2189 τὰ
743 2145 805 2194 εἷς
843 2142 988 2211 δόξαν
1022 2152 1325 2211 πληροῦσθαι
1351 2157 1433 2201 τοῦ
1459 2152 1648 2205 πάντων

4 2232 51 2270 25
71 2221 348 2280 κρατοῦντος
383 2222 612 2271 Θεοῦ·οἱ
648 2221 695 2272 δὲ
733 2220 858 2286 ἦσαν
896 2227 1082 2292 ὁκνηροι
1120 2251 1195 2279 και
1235 2232 1644 2299 ἀφιλεργέστατοι,

70 2299 146 2347 καὶ
179 2302 274 2348 τῶν
317 2299 611 2353 ἁνδανόντων
645 2307 753 2373 Θεῷ
789 2304 847 2355 τὰ
885 2310 1026 2358 οἰκεῖα
1062 2311 1369 2377 προτιθέντες,
1404 2316 1480 2365 καὶ
1517 2316 1645 2368 πολι)

119 2478 150 2504 Ι.
175 2473 194 2505 ὁ
211 2475 433 2515 assumptum
450 2482 491 2504 ex
510 2471 558 2506 D.
660 2518 669 2523 —
759 2472 791 2507 6.
818 2473 902 2517 ἡμᾶς
920 2475 964 2509 D.
983 2476 1066 2519 ὑμᾶς
1083 2477 1175 2529 Efid.
1272 2527 1282 2532 -
1375 2483 1407 2517 8.
1433 2486 1503 2519 τοῖς
1519 2485 1645 2521 ἄνωθεν

640 2529 692 2544 Των
1112 2535 1149 2550 ων
1267 2537 1304 2552 ων

70 2547 124 2581 καὶ
139 2551 370 2592 πνευματικοῖς
386 2550 525 2596 ἀγαθοῖς
543 2552 588 2586 D.
615 2554 686 2610 τοῖς
702 2551 827 2587 ἀνωθεν
843 2554 896 2587 καὶ
913 2561 1144 2615 πνευματικοῖς
1160 2559 1299 2617 ἀγαθοῖς
1318 2561 1359 2595 Β.
1377 2562 1508 2599 τούτοις
1523 2565 1573 2599 c’z‘v.
1592 2567 1645 2600 καὶ

68 2624 300 2663 πνευματικοῖς
315 2622 454 2667 ἀγαθοῖς
470 2623 562 2658 Edd
705 2639 736 2672 9.
763 2627 986 2675 δωρουμενος]
1006 2631 1242 2674 διορθούμενος
1260 2633 1306 2668 D.
1464 2647 1515 2670 10.
1542 2639 1645 2672 πάλιν

69 2675 289 2711 assumptum
308 2681 349 2703 ex
368 2670 414 2704 D.
465 2672 518 2704 καὶ
534 2673 592 2706 alt.
612 2684 680 2707 om.
701 2674 747 2708 D.
1129 2689 1179 2711 11.
1207 2679 1266 2713 ἷαὼ
1284 2680 1396 2726 prius]
1420 2687 1457 2722 -{—
1478 2684 1530 2716 καὶ
1550 2684 1642 2720 Edd.

69 2712 186 2747 invitis
206 2714 246 2748 B.
254 2715 298 2749 D.
348 2716 463 2751 δεστιν
480 2718 560 2776 (εἰς)
581 2719 628 2754 D.
772 2732 824 2755 12.
852 2737 888 2755 τε
905 2727 1127 2768 assumptum
1146 2737 1186 2758 ex
1207 2726 1251 2760 D.
1390 2739 1441 2772 13.
1468 2732 1528 2763 τοῦ
1545 2731 1642 2775 prius

69 2770 139 2793 om.
160 2760 205 2794 D.
254 2762 289 2795 ἐν
306 2777 345 2796 αι
334 2762 411 2809 τω]
432 2763 473 2797 δι’
489 2765 591 2799 αὐτοῦ
610 2766 656 2799 D.
942 2780 994 2814 15.
1020 2770 1104 2813 ἡμᾶς
1124 2771 1215 2805 Edd.
1265 2773 1529 2818 ἀποσεισάμενοι
1547 2777 1589 2811 Β.
1596 2779 1640 2813 D.

68 2805 316 2851 ἀποδυσάμενοι
332 2809 391 2844 iid.
631 2814 683 2846 16.
709 2829 797 2859 αρχη
816 2815 875 2848 iid.
1114 2829 1166 2862 17.
1193 2819 1228 2851 δε
1246 2832 1309 2864 pro
1326 2822 1430 2865 γεμὴν
1450 2822 1495 2856 D.
1547 2825 1591 2859 ὡς
1607 2832 1641 2859 et

67 2866 107 2896 γε
124 2863 342 2889 accesserunt
358 2869 399 2890 ex
418 2857 460 2890 B.
466 2857 511 2891 D.
719 2863 771 2894 18.
797 2863 1028 2919 χριστομιιθὴς
1047 2863 1088 2897 Β.
1298 2878 1349 2911 19.
1376 2868 1422 2903 εἷς
1438 2870 1476 2902 τὸ
1492 2869 1641 2914 ῥᾴθυμον

68 2899 121 2932 καὶ
138 2899 184 2934 εἷς
201 2902 239 2934 τὸ
258 2901 299 2935 Β.
306 2903 351 2937 D.
373 2903 419 2938 εἷς
435 2906 472 2938 τὸ
489 2904 649 2958 ῥᾳθυμον.
669 2908 722 2940 καὶ
740 2908 786 2943 εἷς
803 2910 841 2941 τὸ
858 2914 902 2951 μὴ
921 2909 1013 2944 Edd.
1262 2924 1316 2947 21.
1342 2916 1577 2961 προσαθρείτω
1596 2918 1638 2953 Β.

71 2955 124 2979 22
150 2946 196 2981 εἷς
212 2948 289 2992 φιλ.
308 2949 587 2996 διεγηγερμενον
580 2965 639 2988 lnv
643 2966 694 2988 ers
698 2966 718 2988 ο
736 2954 856 2988 ordine
876 2955 920 2989 D
1112 2969 1166 3004 23.
1194 2974 1229 2993 τε
1246 2972 1316 2995 om.
1337 2961 1382 2996 D.

794 3012 914 3054 Kkz
