2053 3382
287 208 364 243 652

341 327 467 364 cendit
495 332 644 362 nostrae
678 326 906 362 ascensionis
939 338 1044 373 prae-

340 403 469 428 cursor
491 393 566 427 346
583 391 618 426 b.
659 390 844 433 Christus,
863 397 903 426 ut
917 390 1046 426 Homo

294 485 297 487 .
341 455 509 491 ascendit
531 456 606 492 346
628 467 658 490 c.
700 454 885 496 Christus,
903 467 922 490 e
941 455 1046 490 coelo

339 520 497 556 effundit
537 519 697 567 gratiam
745 521 821 556 346
867 519 913 560 d;
960 518 1047 555 inde

340 590 518 619 venturus
554 589 612 620 est
651 585 728 621 346
767 596 797 620 e.
859 583 1044 625 Christus,

338 660 540 696 resurgens
574 661 658 684 cum
693 648 845 684 domum
878 647 1045 689 Davidis,

338 718 418 748 tum
450 725 519 748 nos
550 719 587 748 et
620 719 749 748 nostra
782 712 908 748 omnia
936 725 1044 748 reno·

339 777 451 813 vabat
481 780 558 814 350
583 777 616 813 d.
677 777 860 818 Christus,
889 776 934 812 ab
968 789 1046 812 om-

339 841 448 877 nibus
468 842 618 877 demum
639 842 814 889 gentibus
839 853 1045 889 agnoscen-

339 907 408 942 dus
439 909 516 943 350
539 919 569 942 e.
627 906 812 948 Christus,
832 918 1045 953 resurgens,

338 971 468 1012 vitam,
501 971 828 1015 Justificationem,
861 970 1044 1011 Gratiam,

337 1035 497 1084 largitur
535 1038 607 1072 351
643 1048 675 1071 e.
739 1035 926 1076 Christus,
957 1047 1046 1070 eon-

337 1100 449 1136 vertit
479 1100 733 1147 captivitatem
764 1105 945 1140 nostram,
977 1099 1044 1135 Sa-

337 1169 427 1200 tana
446 1164 676 1212 triumphato
699 1166 775 1201 352
793 1164 827 1199 d.
859 1163 1045 1205 Christus,

336 1228 532 1264 beatorum
562 1229 708 1265 concilii
736 1241 897 1276 praeses,
923 1234 959 1264 et
983 1229 1045 1264 de-

337 1293 505 1329 liciarum
527 1299 657 1330 auctor
679 1296 755 1330 353
777 1306 809 1329 a.
859 1293 1045 1336 Christus,

338 1357 376 1392 in
441 1370 601 1405 persona
661 1358 781 1394 Jonae
843 1358 1046 1405 prophetae

337 1422 521 1469 figuratus
552 1424 628 1459 365
661 1435 702 1467 c;
742 1423 831 1457 item
864 1422 900 1457 in
935 1422 1046 1458 Mose

338 1487 530 1527 medianti,
570 1499 645 1522 non
693 1487 728 1521 in
778 1485 886 1521 Mose
924 1486 1044 1521 haesi·

337 1552 432 1586 tanti
472 1553 549 1588 366
593 1564 634 1593 a;
684 1551 774 1587 item
820 1551 857 1585 in
896 1552 1045 1586 Aarone

339 1614 601 1651 Sanctum-ium
666 1615 903 1663 ingredienti,
969 1627 1044 1650 non

336 1679 493 1715 vitulum
568 1680 718 1715 facienti
793 1681 869 1716 366
944 1679 967 1714 b
1007 1678 1042 1715 d.

339 1743 526 1787 Christus,
541 1744 577 1779 in
593 1744 691 1780 Jona
711 1743 951 1790 praedicanti,
969 1756 1044 1778 non

337 1807 496 1855 fugienti
538 1810 615 1845 366
647 1821 678 1844 e.
739 1807 924 1849 Christus,
959 1814 1044 1844 ante

337 1872 467 1908 mundi
496 1872 730 1920 principium,
751 1873 958 1908 destinatus
987 1878 1044 1908 est

340 1938 416 1973 367
446 1948 479 1972 e.

337 2001 515 2037 miracula
560 2001 758 2049 jungebat,
807 2007 1044 2048 contemptus

540 1937 726 1978 Christus,
757 1950 840 1972 cum
876 1937 1045 1972 doctrina

337 2071 463 2102 tamen
503 2067 580 2103 368
611 2078 642 2102 e.
700 2066 887 2106 Christus,
926 2066 1045 2113 major

337 2129 363 2165 J
367 2142 439 2165 ona
458 2130 527 2166 fuit
546 2135 699 2178 propter
719 2131 897 2166 miracula
918 2132 994 2167 369
1011 2143 1042 2165 a.

338 2194 523 2236 Christus,
544 2195 724 2231 mundum
745 2195 905 2243 eripiens
924 2195 1045 2231 fiucti-

336 2259 405 2294 bus
450 2260 605 2306 peccati,
641 2259 667 2295 J
671 2272 764 2296 onae
808 2266 1045 2307 comparatur

339 2324 415 2359 376
468 2335 512 2359 e·

336 2387 444 2435 pulos
473 2352 513 2423 iri
540 2388 622 2423 lacu
649 2389 870 2436 navigantes
896 2391 971 2425 377
993 2389 1041 2433 bg

573 2323 662 2359 item
716 2323 876 2371 eripiens
933 2324 1042 2359 disci-

335 2464 402 2498 per
466 2457 628 2488 mortem
696 2453 788 2500 Ejus
857 2453 1044 2489 salvamur

338 2519 414 2553 377
450 2528 483 2552 a.
541 2516 727 2559 Christus,
762 2522 848 2553 ante
882 2517 1042 2553 Crucem

337 2580 522 2616 Gentibus
559 2579 808 2629 Evangelium
842 2594 917 2617 non
956 2594 1042 2628 ape-

336 2644 423 2688 ruit,
475 2650 605 2692 postea
657 2646 784 2681 statim
836 2648 909 2682 381
964 2646 1041 2682 ab.

339 2708 523 2752 Christus,
580 2709 730 2757 spiritus
794 2709 832 2745 in
897 2709 1043 2746 inferno

339 2772 502 2808 inclusos
562 2773 697 2809 affatus
757 2779 814 2810 est
875 2776 947 2810 381
1008 2787 1040 2810 c.

339 2837 526 2879 Christus,
550 2837 707 2873 eandem
732 2838 830 2874 viam
859 2843 1044 2874 monstrat

340 2906 378 2935 et
412 2901 596 2937 Gentibus
634 2907 672 2937 et
703 2902 856 2938 Judaeis
895 2905 967 2939 381
1006 2903 1041 2938 d.

342 2963 525 3006 Christus,
571 2966 780 3008 Ninevitas,
830 2967 865 3002 in
914 2973 1042 3015 typum

819 205 1031 242 INDEX
1089 206 1335 243 RERUM.

1657 218 1868 242 CHRISTUS.

1167 327 1296 362 mundi
1324 327 1451 369 totius,
1482 326 1739 363 universaliter
1766 327 1875 363 rede-

1168 391 1237 427 mit
1267 394 1344 429 389
1365 404 1397 428 c.
1455 392 1640 433 Christus,
1671 392 1875 428 secundum

1168 456 1383 492 Divinitatis
1413 469 1500 492 suae
1530 457 1716 492 Naturam
1745 456 1876 504 implet

1168 520 1294 556 omnia
1328 523 1404 557 393
1440 521 1476 557 d.
1535 520 1721 563 Christus,
1755 534 1775 557 e
1807 521 1874 556 Ju-

1168 585 1270 621 daeis
1326 593 1417 626 erat,
1469 586 1672 622 secundum
1724 597 1875 621 carnem

1169 652 1246 686 407
1294 662 1326 686 e.
1411 649 1598 691 Christus,
1646 662 1667 686 a
1718 649 1875 685 Judaeis

1167 715 1340 762 rejectus,
1389 714 1571 750 Gentium
1621 715 1663 750 fit
1714 716 1789 750 408
1842 726 1874 749 a.

1168 779 1350 823 Christus,
1393 779 1508 814 clavis
1552 778 1783 819 vulneratus,
1829 778 1874 814 ab

1168 843 1279 878 Esaia
1298 843 1490 891 praevisus
1512 845 1589 879 415
1608 843 1643 878 d.
1687 842 1874 884 Christus,

1167 907 1343 943 Divinum
1361 908 1505 943 Lumen
1527 910 1604 944 419
1619 920 1651 943 e.
1688 906 1875 950 Christus,

1168 971 1280 1019 Lapis
1300 972 1517 1020 Angularis,
1536 978 1572 1008 et
1594 972 1736 1008 Gentes
1757 977 1794 1007 et
1808 971 1874 1007 Ju-

1169 1035 1281 1071 daeos
1301 1037 1497 1084 conjunxit
1518 1038 1594 1073 422
1612 1049 1646 1072 a.
1688 1035 1875 1075 Christus,

1170 1099 1312 1136 Gentes
1327 1101 1495 1149 judicare.
1516 1101 1662 1144 dicitur,
1680 1100 1726 1137 ad
1745 1100 1875 1148 poeni-

1167 1166 1322 1201 tentiam
1370 1178 1508 1201 vocans
1560 1167 1637 1202 426
1685 1177 1730 1210 c;
1786 1164 1875 1200 item

1167 1229 1345 1277 frangens
1421 1229 1582 1266 Satanae
1648 1234 1876 1278 potestatem

1169 1295 1245 1330 427
1280 1307 1313 1330 a.
1374 1294 1559 1335 Christus,
1591 1306 1721 1341 pacem
1753 1298 1875 1329 terrae

1168 1358 1321 1394 daturus
1335 1358 1642 1406 praedicitur427
1653 1358 1696 1403 d3
1711 1357 1877 1393 stabilito

1168 1421 1427 1458 Romanorum
1448 1423 1604 1470 imperio
1620 1422 1722 1458 dedit
1739 1423 1815 1458 428
1834 1421 1875 1467 b;

1168 1487 1408 1534 spiritualem,
1456 1488 1519 1523 dat
1571 1487 1743 1522 omnibus
1800 1487 1877 1522 suis

1169 1553 1244 1587 428
1267 1564 1296 1586 c.
1355 1552 1541 1592 Christus,
1573 1551 1705 1598 quibus
1734 1556 1772 1586 et
1801 1563 1876 1598 quo

1169 1628 1279 1651 sensu
1302 1616 1349 1652 sit
1369 1628 1478 1651 curae
1501 1617 1577 1652 429
1599 1628 1631 1651 a.
1689 1615 1874 1656 Christus,

1170 1680 1277 1715 Unus
1324 1680 1509 1727 Magister
1557 1686 1685 1715 noster
1727 1681 1803 1715 429
1843 1691 1876 1715 e.

1169 1744 1354 1784 Christus,
1395 1745 1475 1780 Rex
1520 1744 1668 1780 futurus
1712 1743 1874 1788 Israelis,

1168 1809 1281 1844 modo
1315 1809 1446 1844 eodem
1482 1821 1555 1855 quo
1591 1814 1677 1843 ante
1712 1808 1876 1849 Saulem,

1168 1872 1393 1920 praedicitur
1450 1875 1525 1908 434
1583 1885 1629 1917 e3
1704 1875 1780 1908 435
1836 1872 1875 1908 b.

1169 1936 1354 1977 Christus,
1393 1949 1461 1984 per
1502 1938 1660 1972 Crucem
1704 1936 1876 1984 regnavit

1170 2004 1246 2037 435
1278 2001 1312 2036 d.
1371 2001 1557 2045 Christus,
1590 2001 1723 2037 Pastor
1755 2001 1875 2037 bonus

1169 2066 1215 2101 ad
1236 2065 1385 2101 Patrem
1405 2065 1506 2101 (lucit
1527 2067 1604 2101 436
1619 2066 1651 2101 b.
1688 2065 1873 2108 ChristuS,

1169 2142 1252 2166 cum
1292 2131 1413 2171 Patre,
1453 2129 1686 2166 Coaeternus
1726 2131 1802 2166 436
1842 2141 1875 2166 c.

1169 2194 1355 2236 Christus,
1377 2206 1492 2242 quare
1517 2206 1691 2242 egressus
1718 2207 1804 2230 suos
1828 2194 1874 2230 ab

1169 2264 1321 2295 aeterno
1360 2259 1497 2295 habere
1538 2258 1682 2294 dicatur
1720 2260 1796 2295 436
1837 2257 1874 2295 d.

1169 2323 1354 2365 Christus,
1376 2323 1413 2358 in
1439 2323 1669 2372 plenitudine
1696 2322 1874 2370 temporis

1167 2393 1276 2424 natus
1319 2391 1395 2425 437
1435 2400 1468 2423 a.
1536 2387 1719 2432 Christus,
1764 2386 1874 2434 gregi

1167 2465 1254 2488 suae
1276 2452 1492 2500 praesidens
1512 2452 1733 2488 describitur
1749 2454 1825 2488 437
1839 2463 1872 2487 c.

1168 2517 1353 2558 Christus,
1393 2516 1475 2552 Pax
1517 2520 1619 2552 recte
1660 2515 1873 2551 nominatus

1168 2584 1244 2618 437
1266 2594 1296 2617 e.
1345 2580 1530 2621 Christus,
1554 2580 1872 2617 Samaritanorum

1166 2645 1416 2682 obedientiam
1464 2645 1534 2680 sibi
1580 2645 1618 2680 in
1659 2643 1872 2679 alimoniam

1167 2710 1274 2746 duxit
1303 2712 1376 2746 441
1402 2721 1433 2745 c.
1492 2709 1676 2749 Christus,
1697 2707 1775 2754 ipse
1803 2707 1870 2742 Pe-

1167 2780 1225 2810 tra
1258 2779 1327 2816 est,
1363 2774 1551 2810 Ecclesiae
1586 2772 1871 2808 fundamentum

1169 2839 1287 2875 464b.
1309 2837 1566 2882 Christus‚Sol
1579 2835 1869 2883 animae,poeni-

1167 2902 1331 2939 tentibus
1344 2901 1522 2938 illucescit
1536 2902 1611 2937 464
1627 2900 1660 2935 d.
1686 2899 1869 2941 Christus,

1167 2968 1245 3014 ipse
1292 2972 1347 3002 est
1394 2965 1545 3001 Justitia
1595 2965 1664 3000 Dei
1713 2966 1787 3000 464
1837 2976 1869 2999 e.
