2001 3361
293 204 370 239 744

344 321 580 369 Prophetiam
602 320 826 367 completam
851 331 932 354 esse
953 318 1048 354 affir-

344 392 421 421 mat
450 387 525 422 235
548 384 591 429 d;
630 384 851 420 Idololatras
880 390 917 419 et
948 383 1047 418 Hae-

344 450 478 485 reticos
505 449 601 485 inter
628 448 829 484 daemonas
852 460 1049 484 numerare

344 514 437 549 solet
459 516 535 550 244
558 526 597 558 e;
629 513 712 549 fons
733 513 947 549 salvationis
967 524 1049 560 per-

343 586 477 626 petuus
513 580 587 615 271
623 591 664 623 e;
709 578 862 614 Gratiae
896 577 978 613 fons
1013 582 1049 612 et

343 650 479 693 puteus
513 645 707 681 abundans
741 647 817 681 292
849 644 929 689 cd;
970 648 1047 678 tor-

344 710 438 745 renti
487 723 562 745 non
606 709 794 745 resistibili
835 713 1051 756 comparata

345 777 421 811 308
445 774 489 819 b;
527 774 682 810 Graecis
702 774 837 810 fabulis
858 778 1049 821 praestan-

343 839 416 874 tior
447 841 522 876 313
552 852 594 880 e;
640 839 806 875 veritatis
836 837 1051 886 cognitione

344 903 478 940 imbuit
520 907 595 941 314
629 917 669 950 a,
714 917 789 939 non
824 903 1051 939 insufficiens

345 969 499 1004 verbum
521 969 591 1004 Dei
613 969 659 1004 ad
684 975 847 1004 mentem
875 967 1049 1004 alendum

346 1035 421 1069 368
440 1046 480 1077 c;
512 1046 649 1081 pascua
668 1033 776 1079 bona,
793 1033 902 1081 gregi
923 1032 1050 1069 Chris-

343 1098 466 1133 tianae
497 1104 623 1145 parata
654 1100 730 1134 468
754 1111 794 1143 a3
831 1098 1050 1134 abscondita

345 1163 424 1210 ejus
452 1163 750 1211 diligentioribus
780 1176 844 1211 per
871 1163 1049 1211 Spiritum

344 1227 443 1263 clara
476 1227 565 1264 facit
600 1229 772 1264 Christus
813 1230 887 1265 468
923 1241 967 1274 a;
1013 1234 1051 1263 et

345 1293 475 1328 morali
491 1299 527 1328 et
543 1293 758 1340 dogmatico
778 1294 913 1341 pabulo
934 1293 1049 1329 abun-

346 1357 435 1393 dant
467 1359 542 1394 468
575 1371 617 1399 ος
663 1371 774 1406 quam
804 1359 851 1394 sit
883 1359 1050 1394 sublimis

346 1424 422 1458 468
438 1422 481 1468 d;
505 1423 656 1458 deliciae
674 1422 899 1459 Sanctorum
921 1425 997 1459 468
1013 1437 1049 1468 e;

346 1487 512 1527 literalis,
534 1488 571 1522 in
593 1487 746 1523 Christo
771 1488 879 1535 perit,
903 1488 1050 1535 spiritu-

347 1551 413 1586 alis
444 1558 569 1587 manet
601 1555 677 1588 470
710 1564 753 1597 c3
795 1565 887 1599 quos
917 1552 1053 1588 habeat

346 1617 392 1652 ad
422 1617 638 1652 memoriam
673 1629 798 1652 rerum
833 1617 1050 1653 servandam

347 1693 439 1717 usus
470 1684 544 1718 532
567 1694 607 1727 e;
643 1682 755 1717 rebus
785 1694 894 1718 sensu
925 1694 1051 1717 caren-

348 1746 446 1782 tibus
475 1759 603 1782 vocem
631 1747 799 1794 assignat
826 1749 901 1783 539
923 1759 963 1789 e;
995 1759 1052 1782 res

348 1811 494 1846 futuras
513 1818 556 1847 ut
571 1812 650 1859 jam
672 1811 890 1858 praeteritas
914 1812 1050 1847 descri-

348 1876 401 1911 bit
432 1879 505 1912 541
537 1876 588 1922 d3
628 1876 738 1912 docet
769 1876 1051 1924 conceptionem

349 1941 394 1976 de
434 1940 518 1976 Deo
557 1941 740 1981 stabilem,
783 1941 1054 1977 Incarnationis

347 2005 542 2053 pulchrum
570 2018 650 2041 esse
678 2006 843 2048 modum,
866 2007 911 2042 ad
932 2007 1050 2042 scien-

346 2070 435 2106 tiam
472 2070 566 2106 bene
602 2071 749 2106 vivendi
784 2071 861 2118 agit
897 2073 973 2107 634
1006 2084 1052 2115 c,-

348 2134 394 2170 ab
422 2134 526 2170 initio
554 2147 670 2183 usque
697 2135 742 2171 de
767 2135 920 2171 Christo
947 2148 1051 2184 prae-

349 2200 442 2235 dixit
466 2202 543 2236 870
563 2200 596 2235 b.

295 2264 500 2312 Sculptilia,
541 2277 615 2312 quo
659 2276 769 2300 sensu
811 2271 897 2300 “ex
943 2264 1054 2300 domo

347 2329 499 2365 Domini
515 2328 783 2365 exterminata”
796 2329 920 2374 492d3
944 2341 1053 2376 quam

349 2394 453 2429 nihili
474 2394 547 2430 sint
570 2396 646 2430 546
670 2395 702 2429 b.

295 2458 505 2506 Sculptura‚
563 2459 758 2494 domorum
824 2458 1054 2505 privatorum

349 2523 546 2558 ambitiosa
566 2523 837 2558 condemnatur
859 2524 936 2559 630
957 2522 993 2558 b.

295 2586 460 2629 Seboim,
480 2588 568 2623 urbs
597 2587 836 2628 Sodomitica,
860 2586 939 2634 igni
968 2599 1051 2622 coe-

348 2652 433 2687 lesti
453 2657 673 2700 consumpta
699 2653 771 2688 163
794 2651 827 2687 b.

295 2716 454 2757 Securis,
476 2729 542 2764 per
563 2729 601 2752 se
621 2716 713 2752 nihil
732 2716 830 2752 valet
851 2718 927 2752 487
949 2727 980 2751 e..

296 2779 470 2816 Sedecias
497 2781 591 2822 Rex,
611 2780 814 2817 Jeremiam
845 2780 881 2815 in
911 2780 1052 2815 luteum

349 2843 469 2880 lacum
501 2845 664 2881 demittit
692 2848 767 2882 303
790 2858 830 2890 e;
866 2846 942 2893 ipse
966 2857 1050 2892 cap-

349 2913 421 2950 tus,
444 2916 688 2957 caecatusque
712 2912 786 2946 725
809 2910 854 2951 d;
889 2911 964 2946 726
986 2921 1019 2944 a.

297 2969 447 3012 Sedere,
470 2974 582 3009 animi
607 2974 855 3010 constantiam
880 2973 1053 3021 exprimit

822 199 1035 235 INDEX
1097 197 1339 235 RERUM.

1644 212 1874 236 SCRIPTURA.

1177 321 1248 355 193
1271 331 1313 360 e;
1350 319 1590 355 stabilitatem
1618 319 1767 363 indicat,
1795 320 1875 355 Deo

1170 385 1347 420 tribuitur
1368 387 1443 421 739
1463 397 1495 420 c.

1120 449 1296 491 sedrach,
1320 450 1440 497 Regio
1467 449 1633 485 Orientis
1653 448 1876 484 Antiochiae

1171 514 1329 550 finitima
1351 517 1426 551 730
1447 514 1481 550 b.

1120 578 1251 627 Segor,
1287 578 1563 627 Aegyptiorum
1603 579 1681 614 Rex
1721 579 1794 613 113
1830 589 1874 618 a;

1173 644 1250 680 286
1272 644 1309 679 d.

1121 708 1214 750 Seir,
1232 709 1434 744 Idumaeae
1454 708 1572 756 regio,
1589 707 1748 755 pilorum
1769 706 1877 742 emis-

1175 774 1241 815 sio,
1266 786 1329 810 seu
1350 774 1501 821 pilosus,
1524 772 1710 820 significat
1733 774 1808 808 355
1831 783 1862 805 a.

1121 837 1277 880 Selium,
1300 839 1345 874 de
1375 838 1557 886 sanguine
1583 837 1694 879 Jehu,
1718 837 1798 871 Rex
1820 836 1876 871 Is-

1174 903 1249 939 rael
1272 906 1291 938 7
1314 915 1346 939 e.

1121 967 1285 1009 Semeas‚
1300 967 1497 1015 Propheta,
1512 973 1680 1014 tempore
1695 965 1878 1000 Roboami

1175 1036 1251 1069 410
1273 1045 1303 1068 a.

1121 1097 1272 1139 Semen,
1295 1097 1376 1138 Dei,
1399 1109 1466 1144 pro
1494 1096 1586 1132 Filio
1614 1098 1663 1132 20
1686 1107 1727 1136 c;
1761 1096 1809 1130 56
1831 1106 1877 1140 c;

1175 1163 1243 1198 Dei
1266 1162 1425 1210 populus
1448 1164 1495 1197 57
1519 1174 1549 1196 a.

1121 1228 1324 1269 Seminare,
1374 1234 1396 1246 “
1415 1226 1504 1263 mihi
1550 1224 1647 1275 ipsi’'
1697 1223 1785 1273 quid
1833 1224 1880 1259 sit

1175 1295 1224 1329 56
1246 1293 1283 1329 d.

1122 1358 1340 1399 Seminatio,
1356 1357 1527 1398 carnalis,
1543 1356 1630 1404 quid
1644 1355 1738 1391 ferat
1755 1353 1878 1397 152b;

1174 1424 1283 1464 bona,
1305 1436 1325 1458 a
1348 1423 1426 1458 Deo
1446 1428 1503 1458 est
1528 1424 1601 1457 152
1624 1433 1664 1466 c3
1694 1425 1773 1456 tum
1796 1418 1880 1455 Ido-

1175 1489 1404 1529 lolatrarum,
1458 1493 1537 1522 tum
1594 1484 1879 1521 Haereticorum

1175 1552 1267 1588 falsa
1311 1552 1482 1600 arguitur
1532 1552 1603 1586 152
1642 1550 1664 1586 d
1686 1562 1705 1585 e
1724 1562 1733 1594 3
1785 1549 1881 1584 inter

1178 1617 1332 1657 Gentes,
1368 1629 1434 1664 pro
1474 1615 1700 1663 Captivitate
1739 1613 1880 1648 dictum

1177 1684 1249 1718 491
1284 1681 1370 1725 ab;
1415 1680 1534 1728 qualis
1563 1692 1584 1715 a
1613 1679 1693 1714 Deo
1727 1677 1878 1713 benedi-

1177 1753 1283 1782 catur
1312 1748 1384 1782 631
1410 1758 1454 1790 a3
1499 1744 1544 1780 de
1574 1743 1758 1783 fidelibus,
1789 1755 1880 1778 una-

1178 1823 1321 1858 quaque
1351 1810 1537 1857 dispersis,
1563 1809 1703 1844 dictum
1738 1810 1808 1843 751
1833 1808 1879 1849 b;

1180 1878 1254 1912 752
1277 1888 1307 1911 a.

1126 1941 1286 1981 Senam,
1319 1940 1405 1976 urbs
1438 1938 1590 1975 illustris
1625 1938 1787 1986 Aegypti
1821 1950 1882 1974 ex-

1178 2005 1287 2041 tremi
1315 2007 1388 2041 401
1413 2016 1454 2046 e;
1489 2016 1510 2039 a
1530 2004 1635 2051 Rege
1656 2002 1883 2039 Senacherib

1179 2076 1322 2106 vastata
1343 2071 1419 2105 402
1441 2069 1474 2105 b.

1126 2134 1279 2176 Senaar,
1319 2134 1423 2182 regio
1461 2133 1497 2168 in
1531 2132 1696 2168 Judaeae
1733 2132 1881 2172 finibus,

1179 2198 1384 2246 oppidatim
1431 2204 1468 2233 et
1516 2196 1666 2232 vicatim
1718 2196 1884 2232 habitata

1181 2266 1251 2299 401
1293 2275 1311 2299 e
1324 2275 1332 2308 ;

1179 2328 1447 2364 condemnatur
1469 2329 1544 2363 402
1566 2339 1599 2362 a.

1126 2392 1392 2433 Sennacherib,
1412 2392 1593 2428 Judaeam
1623 2389 1764 2425 invadit
1792 2391 1814 2425 9
1836 2388 1882 2434 d;

1180 2457 1468 2505 Hierosolymae
1495 2455 1640 2492 obsidet
1668 2457 1717 2491 24
1738 2455 1781 2500 b;
1818 2465 1884 2501 per

1181 2523 1323 2570 Regem
1359 2521 1447 2569 Gog
1479 2520 1702 2568 praedicitur
1734 2521 1809 2555 323
1840 2530 1881 2564 e;

1180 2589 1255 2622 324
1277 2586 1322 2632 b;
1362 2584 1548 2622 Judaeam
1577 2584 1770 2625 invadens,
1792 2582 1882 2618 Nilo

1179 2651 1384 2687 exundanti
1410 2655 1647 2698 comparatur
1674 2650 1749 2684 335
1771 2658 1813 2692 a;
1845 2652 1882 2682 et

1379 2262 1505 2297 Israeli
1541 2261 1687 2297 cadenti
1725 2260 1882 2296 irridens

1179 2715 1367 2756 invadens,
1412 2721 1449 2750 et
1496 2713 1725 2762 regrediens,
1769 2711 1881 2746 fluvio

1178 2785 1414 2827 comparatur
1445 2781 1520 2815 344
1551 2778 1595 2823 d3
1635 2775 1882 2812 Palaestinam

1179 2850 1299 2880 vastat
1331 2846 1406 2880 392
1428 2856 1469 2888 a3
1505 2843 1552 2878 ad
1579 2846 1706 2888 portas
1735 2845 1882 2875 tantum

1180 2908 1463 2956 Hierosolymae
1511 2905 1677 2955 pervenit
1722 2907 1798 2941 400
1838 2916 1881 2950 a3

1180 2973 1466 3020 Hierosolymae
1493 2969 1660 3013 irridens,
1682 2968 1764 3005 Deo
1789 2981 1876 3017 poe-
