1997 3361
94 173 131 212 ii.
157 173 194 211 8.
538 170 607 209 IN
653 169 928 209 ABACUC.
989 168 1141 207 TOM.
1178 167 1210 206 I.
1586 167 1658 204 101

92 281 359 348 δραμήκασι
383 285 447 349 τῷ
473 284 687 347 Χριστῷ.
756 279 825 330 ὅτι
860 279 908 330 δὲ
943 278 1205 344 διαρπάζειν
1241 276 1408 340 ἔμελλε
1436 275 1494 326 τὰ
1520 275 1664 339 σκεύη

91 369 173 415 τοῦ
217 368 426 430 ἰσχυροῦ,
469 361 926 430 προαναπεφώνηκεν
970 361 1319 425 αἰνιγματωδῶς
1363 359 1437 408 καὶ
1480 359 1504 408 ὁ
1546 380 1663 422 προ-

93 445 244 513 φήτης
283 444 506 498 Ἡσαΐας·
560 444 650 511 ἔφη
696 443 789 508 γὰρ
834 441 920 492 ὧδε
964 442 1110 494 πάλιν
1153 443 1256 507 περὶ
1302 442 1442 491 αὐτοῦ
1486 447 1512 468 “
1532 438 1667 489 Διότι
1732 451 1784 481 Es.
1806 451 1870 480 viii·

94 536 121 558 ‘⁶
145 530 256 594 πρὶν
282 527 309 591 ἢ
331 531 502 592 γνῶναι
528 525 581 576 τὸ
607 525 791 576 παιδίον
818 530 976 576 καλεῖν
1001 524 1178 589 πατέρα
1204 523 1232 587 ἢ
1253 523 1439 587 μητέρα,
1462 521 1668 588 λήψεται
1731 507 1760 533 4”

54 623 74 660 5
96 616 120 638 “
146 610 337 672 δύναμιν
365 614 630 672 Δαμασκοῦ
662 610 736 658 καὶ
768 606 826 657 τὰ
857 608 1015 657 σκύλα
1044 606 1304 670 Σαμαρείας
1337 604 1555 655 ἀπέναντι
1588 608 1670 654 τοῦ
1689 632 1709 655 a
1739 623 1822 656 538
1840 621 1890 654 A.

95 699 122 720 ‘⁶
148 691 386 751 ΙΒασιλέως
411 688 730 756 Ἀσσυρι’ων.”
788 691 914 739 δοκεῖ
935 688 1018 750 μὲν
1038 688 1118 738 οὖν
1144 689 1171 750 ἡ
1197 692 1278 737 τοῦ
1306 685 1453 751 λόγου
1481 686 1671 749 δύναμις

96 774 448 824 ὑπαινίττεσθαί
488 795 532 822 τι
572 776 665 822 τῶν
710 774 954 836 ἱστορικῶς
995 770 1353 835 πεπραγμένων·
1402 768 1670 833 πεπόρθητο

94 854 187 920 γὰρ
213 855 240 918 ἡ
268 854 505 920 Σαμάρεια
539 851 667 919 παρά
700 876 749 903 τε
787 858 869 903 τοῦ
904 851 1141 911 βασιλέως
1169 856 1452 913 Δαμασκοῦ,
1484 852 1557 901 καὶ
1588 855 1670 900 τοῦ

95 941 188 987 τῶν
212 937 486 1002 Ἀσσυρίων
510 935 802 1003 ἐξάρχοντος.
845 935 974 995 πλὴν
999 933 1163 997 νοητὸν
1189 934 1463 999 ὑπεμφαίνει
1489 931 1671 994 μυστή-

0 1026 2 1028 ’
32 1042 78 1066 10
95 1041 210 1083 ριον.
278 1018 346 1069 ὅτι
380 1017 472 1083 γὰρ
510 1022 591 1068 τοῦ
619 1019 835 1082 Σωτῆρος
861 1015 888 1079 ἡ
916 1014 1106 1078 δύναμις
1141 1014 1247 1067 τοὺς
1279 1013 1360 1064 τὸν
1386 1015 1526 1064 αὐτοῦ
1551 1012 1670 1063 λαὸν

95 1098 446 1166 πεπορθηκότας
477 1098 728 1150 σκυλεύσει
760 1099 942 1167 ῥᾳδίως,
969 1099 993 1147 ὁ
1019 1095 1308 1166 προφητικὸς
1334 1096 1441 1159 ἡμῖν
1467 1096 1670 1163 ὑπέφηνε

98 1181 254 1247 λόγος.

99 1413 214 1455 Διότι
241 1413 287 1455 σὺ
315 1413 571 1455 ἑσκύλευσας
598 1414 698 1456 ἒθνΗ
726 1414 881 1465 Πολλὰ,
907 1411 1181 1455 σκυλεύσουσί
1220 1428 1265 1454 σε
1302 1413 1457 1453 Πάντες
1495 1410 1532 1452 οἱ
1571 1413 1673 1452 ὑΠο-
1695 1415 1716 1449 8

167 1499 436 1547 λελειμμένοι
473 1499 582 1550 λαοὶ,
617 1498 662 1540 δι’
702 1499 861 1547 αἵματα
897 1496 1139 1554 ἀνθρώπων
1170 1497 1237 1537 καί
1272 1496 1467 1547 ἀσεβείας
1503 1501 1574 1543 Γιῖις
1606 1493 1721 1536 wib

36 1591 81 1629 15
167 1582 336 1624 Πόλεως
365 1582 431 1622 καὶ
457 1583 630 1623 Πάντων
657 1582 742 1623 τῶν
771 1582 1085 1623 κατοικούντων
1113 1581 1260 1622 αὐτήν.

173 1711 394 1778 Ἀτρεκὴς
421 1712 445 1761 ὁ
472 1710 631 1776 λόγος,
656 1710 742 1762 κᾶν
770 1714 805 1761 εὶ
841 1712 909 1762 ἐπ’
938 1713 1114 1780 ἀμφοῖν
1139 1715 1289 1762 νοοῖτο
1314 1709 1476 1761 πάλιν.
1541 1707 1679 1773 ἐπόρ-

103 1796 221 1856 θησε
255 1816 338 1856 μεν
363 1816 456 1859 γαρ
492 1794 516 1843 ὁ
543 1794 847 1854 Βαβυλώνιος
881 1792 963 1854 ἔθνη
996 1791 1172 1844 πολλοὶ·
1212 1815 1423 1859 πεπραχε
1455 1790 1504 1843 δὲ
1541 1796 1679 1842 τοῦτο

103 1897 178 1924 και
205 1876 229 1925 ὁ
255 1879 479 1928 σατανᾶς.
535 1898 772 1941 τοιγαρτοι
797 1875 1062 1927 πεπόνθασι
1088 1875 1141 1926 τὸ
1169 1877 1396 1926 ε’ναλωναι
1421 1879 1517 1927 τοῖς
1544 1873 1677 1926 ἰ’σοις.

105 1958 179 2006 καὶ
223 1956 511 2021 πεπόρθηται
549 1956 635 2020 μὲν
676 1957 765 2009 ὑπὸ
810 1958 969 2024 Κύρου
1012 1956 1072 2008 τὰ
1109 1958 1366 2008 Χαλδαίων
1403 1955 1675 2022 πράγματα·

39 2055 87 2079 20
107 2035 195 2088 ὑπὸ
222 2037 269 2088 δὲ
294 2042 387 2088 τῶν
414 2039 558 2104 ἁγίων
585 2040 609 2089 ὁ
635 2045 858 2093 σατανᾶς.
925 2040 1010 2090 ἰ’σα
1036 2038 1083 2091 δὲ
1108 2042 1284 2107 ἀμφοῖν
1308 2037 1367 2089 τὰ
1394 2038 1679 2104 ἐγκλήματα,

106 2122 181 2170 καὶ
207 2118 393 2187 ἀδελφὰ
422 2119 480 2170 τὰ
511 2121 908 2185 πλημμελήματα,
935 2121 1171 2188 συγγενὴς
1202 2121 1250 2171 δὲ
1281 2118 1444 2186 ὥσπερ
1468 2120 1496 2183 ἡ
1522 2117 1679 2184 ἀγριό-
1698 2136 1719 2162 C

105 2225 187 2266 της
212 2204 287 2253 καὶ
314 2202 340 2266 ἡ
365 2200 483 2252 κατὰ
507 2201 696 2253 πάντων
731 2203 926 2268 ὠμότης.
987 2202 1270 2255 ἀπεκτόνασι
1309 2202 1401 2267 γὰρ
1439 2201 1594 2268 χώρας
1632 2223 1682 2250 τε

108 2286 183 2335 καὶ
219 2284 393 2346 πόλεις,
433 2285 457 2333 ὁ
495 2282 579 2346 μὲν
610 2288 856 2349 σαρκικῶς,
896 2286 921 2334 ὁ
956 2284 1004 2335 δὲ
1043 2289 1229 2349 νοητῶς,
1265 2283 1393 2352 ὀξείᾳ
1430 2283 1587 2344 βολίδι
1624 2286 1682 2349 τῇ

109 2365 312 2435 ἁμαρτίᾳ
336 2366 588 2433 χρώμενος.
654 2367 702 2416 εὖ
725 2365 772 2416 δὲ
799 2366 855 2429 δὴ
881 2367 1074 2434 σφόδρα
1101 2369 1223 2436 φησὶ
1256 2365 1518 2417 σκυλεύσειν
1545 2363 1684 2415 αὐτὸν

42 2471 90 2507 25
111 2450 286 2504 πάντας
311 2447 418 2502 τοὺς
445 2448 850 2516 ὑπολελειμμένους
877 2449 1029 2504 λαιούς.
1072 2451 1133 2502 ὡς
1159 2448 1251 2515 γὰρ
1273 2449 1482 2501 ἅπαντας
1507 2450 1679 2515 ἀνῃρη-

159 2669 191 2692 2.
217 2658 464 2704 αἷνιγματωδῶς
481 2672 533 2692 και
552 2664 585 2691 et
601 2657 778 2703 προφήτης
795 2663 827 2692 et
844 2658 907 2692 ὼδε
924 2659 1026 2692 πάλιν
1042 2659 1118 2702 περὶ
1136 2658 1238 2692 αὐτοῦ
1255 2669 1324 2692 om.
1346 2657 1391 2691 D.
1567 2667 1600 2701 5.
1626 2659 1686 2690 τοῦ

111 2716 181 2739 om.
202 2705 244 2739 B.
478 2704 510 2739 6.
537 2704 611 2750 οὐν]
630 2705 748 2750 γὰρΙ)
975 2714 1004 2749 7.
1031 2705 1223 2748 πεπόρθητο
1242 2705 1284 2738 B.
1302 2703 1508 2748 πεπόρθηται
1527 2703 1573 2737 D.
1567 2681 1684 2737 OEdd.

112 2752 145 2786 8.
173 2752 356 2795 Δαμάσκου
373 2758 595 2796 assumptum
612 2764 653 2785 ex
673 2752 714 2785 B.
735 2755 964 2794 Δαμασκηνῶν
979 2753 1100 2790 βασιλ.
1120 2752 1167 2786 D.
1432 2762 1464 2794 9.
1490 2750 1687 2793 ὖπεκφαίνει

113 2797 205 2832 Edd.
420 2809 472 2832 10.
499 2798 517 2841 ἡ
535 2801 594 2832 τοῦ
612 2800 763 2843 Σωτῆρος
780 2799 850 2831 inv.
869 2798 943 2831 ord.
964 2797 1011 2831 D.
1212 2808 1264 2831 11.
1291 2796 1403 2842 ὑπεφη
1407 2812 1440 2830 νε
1458 2797 1505 2831 D.
1523 2797 1687 2841 ὑπεφαινε

113 2844 207 2878 Edd.
306 2855 358 2889 13.
385 2845 415 2878 οἳ
433 2844 528 2878 deest
545 2846 580 2878 in
599 2845 690 2879 Edd.
739 2844 1033 2888 καταλελειμμένοι
1052 2843 1123 2887 (26.
1144 2843 1222 2887 Co.)
1237 2843 1281 2877 cf.
1298 2843 1398 2878 infra.
1497 2855 1549 2886 14.
1575 2844 1630 2877 διὰ
1644 2843 1687 2878 Β.

117 2891 170 2925 16.
195 2891 354 2936 Ἀτρεκὴς
372 2891 457 2926 D.b.
475 2891 622 2935 Ἀληθὴς
640 2891 730 2926 Edd.
797 2891 824 2924 εἷ
842 2902 911 2925 om.
932 2891 977 2925 D.
1350 2891 1402 2924 18.
1429 2891 1447 2923 ὁ
1465 2897 1687 2934 assumptum

112 2948 155 2970 ex
177 2937 308 2971 B.D.b.
575 2949 628 2982 19.
652 2937 860 2982 πεπόρθηται
877 2940 937 2981 μὲν
952 2938 1016 2972 ὑπὸ
1035 2936 1146 2982 Κύρου
1163 2936 1229 2972 hoc
1247 2936 1366 2972 ordine
1384 2937 1468 2972 D.b.
1486 2937 1551 2972 ὑπὸ
1570 2942 1610 2971 Κ.
1629 2937 1689 2981 μὲν

115 2997 194 3018 πεπ.
214 2983 306 3019 Edd.
499 2994 552 3030 25.
578 2985 703 3020 πάντας
721 2992 753 3019 et
769 2983 872 3020 λαούς
889 2991 1067 3029 assumpta
1083 2996 1124 3019 ex
1143 2984 1188 3018 D.
