2053 3382
295 203 372 238 634

347 322 550 359 vanitatem
575 322 730 370 exponit
751 325 828 359 546
849 323 892 370 b3
919 326 995 361 547
1013 336 1053 370 a3

346 399 413 435 per
432 387 684 434 captivitatem
707 386 871 429 Israelis,
889 394 926 424 et
945 388 1055 425 liber-

346 452 524 492 ationem,
556 451 774 500 mysterium
810 453 1052 502 Redemptio-

345 516 403 551 nis
446 515 632 563 significat
672 519 748 553 547
779 530 825 564 e,·
874 518 1052 554 Incarna-

344 580 459 615 tionis
498 580 657 628 gloriam
696 581 885 618 admirans
924 583 1052 619 obstu-

343 645 462 692 pescit
511 648 587 682 548
623 647 674 692 b;
738 648 1053 695 praedicationem

343 709 538 758 Evangelii
587 711 691 759 quasi
736 712 862 748 audire
907 713 1054 749 videtur

345 777 422 811 549
444 787 491 821 ἃς
520 776 702 812 visionem
729 777 843 814 habet
866 778 936 815 Dei
956 779 1053 815 inter

343 840 529 882 animalia,
561 841 638 877 sive
669 842 874 878 Cherubim
904 846 980 880 549
1002 844 1050 891 d3

344 906 417 940 551
461 917 509 951 a3
573 912 721 954 tempus
780 906 1051 944 Incarnationis

341 970 534 1016 praevidet
569 974 640 1008 551
672 972 718 1013 b;
758 975 834 1009 552
865 973 914 1018 b3
964 986 1051 1009 con-

341 1034 594 1071 turbationem
624 1038 780 1084 peccati,
809 1037 879 1074 Dei
907 1038 1049 1074 miseri-

324 1098 510 1134 cordiam
531 1100 708 1137 describit
729 1103 805 1138 552
828 1114 872 1148 03
905 1105 981 1139 553
1003 1103 1047 1149 b3

342 1175 408 1210 per
431 1163 599 1200 Theman
627 1171 664 1201 et
694 1165 845 1202 Pharan
876 1168 1049 1215 regiones

342 1227 555 1270 Australes,
591 1235 654 1266 aut
686 1237 856 1267 montem
886 1232 1048 1275 Choreb,

343 1298 407 1328 aut
454 1294 687 1331 nativitatem
731 1297 778 1332 ad
826 1297 1048 1334 Bethlehem

343 1357 529 1406 significat
551 1362 628 1396 553
651 1373 695 1405 03
728 1361 885 1409 gloriam
908 1362 1049 1400 Christi

343 1423 553 1460 universam
583 1426 745 1462 celebrat
775 1429 849 1463 554
875 1440 920 1474 c3
959 1429 1047 1465 item

342 1488 663 1532 illuminationem,
684 1496 721 1526 et
742 1492 947 1538 potentiam
970 1496 1046 1530 556

342 1566 430 1598 ac3
480 1554 569 1591 item
609 1555 858 1600 dilectionem,
897 1571 1046 1595 causam

342 1618 472 1654 salutis
520 1626 671 1657 nostrae
719 1622 835 1658 solam
886 1626 960 1660 557
1001 1636 1045 1669 03

343 1683 535 1720 Christum
564 1686 719 1733 quodvis
741 1700 850 1735 quam
875 1688 1046 1725 facillime

341 1749 532 1795 perficere,
555 1750 713 1787 humiles
733 1758 973 1802 anteponere,
995 1754 1046 1790 af-

341 1814 466 1850 firmat
488 1817 563 1851 558
583 1815 626 1862 b;
658 1818 949 1854 commotionem
971 1825 1043 1854 ter-

341 1891 404 1914 rae
443 1880 594 1916 Christo
633 1881 825 1918 incarnato
870 1883 1046 1920 describit

342 1946 418 1980 558
455 1957 495 1990 e;
541 1946 710 1993 gentium
744 1947 1044 1995 liquefactionem

343 2011 419 2045 560
446 2022 487 2056 a;
528 2011 752 2047 daemonum
785 2013 1044 2050 confusionem

342 2075 414 2109 561
441 2085 482 2118 a;
514 2074 709 2122 Evangelii
735 2087 882 2112 cursum
910 2078 1042 2125 sempi-

338 2144 490 2175 ternum
530 2141 603 2175 561
642 2153 683 2186 ος
733 2141 958 2189 Aethiopum
1007 2149 1044 2178 et

338 2204 632 2241 Madianitarum
718 2207 1041 2244 conturbationem

339 2269 520 2317 praedicit
535 2272 610 2307 562
626 2271 648 2306 d
662 2283 670 2317 ;
697 2273 915 2308 oeconomia
928 2274 1041 2309 veteri

338 2347 474 2370 novam
509 2335 747 2372 illustriorem
781 2337 860 2373 fore
893 2341 969 2375 563
997 2340 1041 2385 d;

339 2412 405 2449 per
447 2401 601 2450 figuram
645 2414 837 2449 equorum,
877 2401 1040 2450 Aposto-

336 2464 457 2501 lorum
505 2479 718 2502 successum
766 2474 1041 2515 praemonstrat

340 2531 415 2565 564
457 2541 497 2575 c;
547 2536 684 2566 terram
723 2531 934 2573 fluviorum,
973 2533 1039 2568 Ju-

338 2594 480 2637 daeam,
503 2595 562 2631 siti
590 2596 771 2643 spirituali
798 2596 973 2632 siccatam
998 2597 1041 2632 iri

336 2659 515 2705 praedicit
554 2663 629 2697 565
670 2673 713 2707 e;
762 2662 1040 2698 multitudinem

335 2723 564 2760 credentium
623 2725 808 2761 infinitam
866 2726 1041 2763 describit

338 2791 414 2824 566
445 2802 486 2833 e;
527 2789 616 2826 item
648 2790 758 2833 Solis,
785 2790 857 2827 i.e.
887 2791 1039 2834 Christi,

337 2853 595 2900 splendorem3
632 2854 773 2896 Lunae,
806 2855 877 2891 i.e.
910 2856 1037 2892 Eccle-

338 2917 412 2952 siae
440 2918 560 2954 lucem
589 2921 664 2955 567
687 2919 732 2964 d;
764 2922 839 2956 568
862 2932 902 2965 c;
932 2920 1036 2967 jacu-

336 2980 456 3016 lorum
488 2982 566 3028 Dei,
599 2984 875 3031 Apostolorum,
910 2996 1037 3021 corus-

832 203 1045 239 INDEX
1102 204 1346 242 RERUM.

1718 218 1883 243 ABACUC.

1177 326 1365 363 cationem
1406 328 1482 364 568
1515 327 1561 373 d;
1612 326 1884 362 Incarnationis

1178 391 1435 427 oeconomiam
1462 390 1585 426 denuo
1610 390 1786 427 describit
1806 393 1883 427 570

1178 468 1218 502 c;
1254 457 1508 504 egressionem
1539 455 1681 492 Christi
1711 455 1758 491 ad
1787 467 1882 503 pug-

1177 533 1264 557 nam
1289 524 1366 559 570
1388 521 1433 567 d;
1464 521 1762 557 adversariorum
1791 532 1881 556 con-

1176 585 1361 623 fusionem
1388 589 1461 624 571
1486 586 1531 633 b;
1563 599 1767 634 pauperum
1793 597 1882 621 con-

1175 651 1386 687 versionem
1422 652 1498 688 572
1530 662 1570 696 e;
1620 649 1882 698 Apostolorum

1176 715 1387 764 triumphos
1415 719 1490 752 573
1513 716 1558 761 b3
1589 714 1718 751 mundi
1742 713 1880 751 tumul-

1175 785 1236 816 tus
1259 784 1333 818 573
1357 781 1400 827 (1;
1433 786 1535 817 metu
1555 780 1703 816 videndi
1729 778 1879 815 calami-

1174 852 1272 882 tates
1316 846 1464 882 Israelis
1511 845 1694 893 deposito,
1740 843 1881 892 gaudet

1175 923 1241 960 spe
1276 911 1451 959 requietis
1484 913 1559 947 574
1591 923 1610 946 e
1631 909 1675 956 d;
1715 910 1879 945 futuram

1177 976 1462 1024 Hierosolymae
1501 974 1735 1011 sterilitatem
1773 986 1881 1022 prae·

1174 1041 1275 1076 videt
1306 1043 1382 1077 575
1407 1041 1487 1085 be3
1524 1039 1681 1087 denique
1711 1038 1879 1075 exultare

1173 1106 1210 1140 in
1232 1105 1385 1141 Christo
1406 1105 1551 1141 videtur
1573 1107 1649 1141 576
1671 1116 1712 1150 e;
1741 1106 1817 1140 577
1836 1116 1867 1139 c.

1120 1169 1271 1214 Abdias,
1309 1170 1441 1206 eodem
1476 1176 1645 1217 tempore
1683 1182 1756 1216 quo
1793 1167 1879 1204 Joel

1172 1234 1393 1270 vaticinatus
1411 1237 1487 1271 354
1506 1246 1548 1275 a;
1577 1233 1753 1269 Idumeae
1770 1232 1877 1268 deso-

1171 1299 1350 1336 lationem
1380 1299 1560 1347 praedicit
1591 1301 1666 1334 354
1688 1298 1735 1339 b;
1767 1310 1878 1346 quam

1173 1363 1241 1399 sibi
1280 1376 1301 1399 a
1339 1364 1418 1399 Deo
1457 1363 1660 1399 revelatam
1704 1362 1878 1398 habuisse

1172 1428 1331 1464 affirmat
1353 1431 1429 1465 356
1447 1428 1493 1470 b;
1526 1428 1712 1464 Idumaeis
1732 1427 1878 1475 regioni

1172 1505 1260 1528 suae
1307 1493 1509 1529 fidentibus
1557 1492 1685 1528 irridet
1725 1495 1801 1529 357
1833 1505 1874 1533 c:

1171 1558 1429 1594 crudelitatem
1451 1558 1712 1593 Idumaeorum
1741 1557 1777 1593 in
1801 1557 1875 1593 fra-

1170 1628 1267 1659 trem
1306 1623 1423 1659 Jacob
1471 1623 1675 1659 insectatur
1714 1625 1790 1659 358
1830 1635 1873 1663 a3

1173 1690 1248 1724 359
1271 1700 1312 1729 c;
1345 1687 1413 1723 Dei
1430 1687 1611 1736 judicium
1633 1687 1771 1735 pariter
1790 1699 1874 1723 cru-

1171 1752 1252 1788 dele
1286 1752 1479 1788 minitatur
1515 1754 1592 1789 360
1621 1752 1671 1798 b‚·
1709 1765 1874 1800 pugnam

1171 1817 1207 1852 in
1227 1817 1321 1853 valle
1335 1817 1519 1864 Josaphat
1538 1817 1716 1865 praedicit
1738 1819 1814 1854 360
1831 1830 1873 1857 c:

1172 1881 1363 1918 victoriam
1379 1881 1608 1917 Judaeorum
1627 1884 1699 1919 361
1718 1893 1756 1927 a;
1787 1882 1875 1918 sub·

1167 1948 1370 1996 jectionem
1402 1947 1601 1983 Idumaeae
1632 1950 1705 1984 361
1731 1947 1776 1989 b;
1809 1960 1873 1983 ex-

1171 2013 1380 2049 tensionem
1394 2012 1875 2060 regniJudaeorum,usque

1171 2078 1217 2114 ad
1245 2078 1461 2114 Idumaeam
1490 2080 1562 2114 361
1587 2090 1629 2119 e;
1662 2083 1699 2113 et
1725 2077 1772 2113 ad
1797 2077 1873 2113 Ga-

1170 2143 1336 2179 laaditim
1373 2144 1448 2179 362
1482 2154 1528 2188 a3
1577 2142 1623 2178 ad
1661 2142 1873 2178 Phoenicen

1171 2211 1247 2246 362
1287 2220 1328 2249 c;
1378 2208 1425 2244 ad
1463 2207 1668 2255 Ephratam
1709 2209 1784 2244 362
1825 2207 1870 2249 d;

1170 2273 1329 2320 denique
1347 2273 1393 2308 ad
1414 2278 1573 2320 quatuor
1589 2277 1721 2309 ventos
1743 2274 1818 2309 362
1833 2284 1869 2314 e;

1168 2343 1254 2385 post
1291 2337 1557 2385 captivitatem,
1597 2337 1722 2373 Sionis
1763 2349 1870 2386 prae-

1168 2403 1257 2439 dicit
1277 2402 1524 2450 principatum
1546 2404 1621 2439 363
1644 2415 1677 2438 a.

1115 2467 1368 2508 Abominatio,
1394 2467 1639 2510 idololatriae,
1665 2467 1870 2516 sanguino-

1166 2532 1268 2568 lenta
1287 2537 1343 2568 est
1366 2534 1440 2569 733
1462 2531 1485 2567 b
1502 2544 1532 2568 c.

1113 2598 1317 2639 Abraham,
1349 2597 1431 2633 ideo
1466 2597 1568 2644 quod
1600 2596 1637 2632 in
1666 2595 1802 2631 virtute
1832 2601 1869 2632 et

1165 2662 1302 2710 pietate
1323 2662 1471 2703 vixerit,
1492 2661 1583 2709 ipse,
1605 2674 1689 2697 cum
1709 2661 1868 2708 posteris

1167 2727 1254 2768 suis,
1279 2727 1359 2763 Deo
1385 2726 1521 2775 placuit
1546 2728 1592 2762 16
1613 2726 1658 2766 b;
1690 2725 1866 2762 virtutem

1166 2797 1355 2828 strenuam
1369 2791 1537 2827 exhibuit
1553 2790 1667 2826 filium
1685 2790 1866 2838 colligans

1170 2858 1241 2892 158
1271 2868 1311 2898 e;
1346 2855 1580 2897 charitatem,
1611 2867 1694 2890 cum
1724 2867 1865 2903 genero

1165 2921 1296 2957 foedus
1333 2919 1475 2955 faciens
1515 2921 1591 2955 259
1631 2919 1676 2960 d;
1732 2925 1865 2967 gentes

1163 2985 1321 3021 fidentes
1351 2997 1419 3032 pro
1449 2983 1532 3019 filiis
1566 2983 1677 3019 habet
1713 2986 1787 3021 408
1819 2997 1862 3026 εις
