2018 3387
92 177 115 217 i.
142 178 179 217 8.
467 177 539 218 IN
583 175 1015 217 MALACHIAM.
1077 175 1226 216 TOM.
1262 175 1296 216 l.
1594 178 1676 215 559

89 284 311 353 ταύτῃτοί
346 289 470 355 φησι
509 288 585 337 καὶ
626 287 652 336 ὁ
699 284 839 349 νόμος
877 287 991 337 “ε’π’
1033 285 1190 352 ἄρτοις
1231 282 1468 350 ζυμίταις”
1510 285 1678 351 χρῆναι
1741 289 1821 321 Lev.
1841 289 1894 320 ‘'ii-

89 370 206 433 δρᾶν
239 367 420 426 αὐτοὺς,
454 368 597 434 ὀίρτον
630 367 821 435 ζυμίτην
856 367 1012 433 λέγων
1047 369 1400 431 αἰνιγματωδῶς
1432 364 1515 416 τὸν
1549 367 1680 416 οὔπω

89 448 446 514 κεκαθαρμένον,
476 453 538 504 ὡς
573 449 706 518 ἔφην,
734 449 810 500 διὰ
844 455 926 500 τοῦ
959 449 1093 514 ἁγίου
1129 448 1483 511 βαπτίσματος,
1512 448 1682 516 ἔχοντα

89 529 137 580 δὲ
175 529 338 597 ὥσπερ
372 531 478 583 τινὰ
512 531 657 597 ζύμην
682 533 731 582 ἐν
757 532 905 601 ἑαυτῷ
939 530 999 581 τὰ
1033 533 1114 595 τῆς
1150 530 1346 598 ἀρχαίας
1381 528 1682 598 φαυλότητος

47 614 70 653 5
90 603 312 672 λείψανα.

162 685 313 754 Ὑμεῖς
357 686 438 737 οὖν
477 692 630 754 φησιν
670 693 704 737 οἱ
749 689 867 756 ἱερεῖς
914 692 946 737 οἱ
991 687 1282 756 φαυλίζοντες
1325 686 1371 737 το
1419 685 1554 752 δ’νομοί
1598 708 1721 754 μουο

88 765 165 818 διὰ
207 767 262 818 τὸ
305 768 597 837 προσφέρειν
637 772 699 822 εἰς
741 769 787 819 τὸ
835 767 1126 838 θυσιαστήριόν
1163 793 1246 835 μου
1292 766 1443 836 ἄρτους
1485 770 1676 834 ἥλω-’γη-

87 847 255 917 μένους.
311 849 402 917 χρὴ
432 855 684 916 τοιγαροῦν
711 850 941 919 φροντίδα
975 853 1211 900 ποιεῖσθαι
1245 848 1438 913 πολλὴν
1463 848 1570 903 τοῦς
1596 848 1682 913 τὴν

88 931 217 982 θείαν
263 930 457 999 ε”χοντας
503 932 775 998 ἱερωσύνην,
819 930 885 995 μὴ
936 930 1028 998 ἄρα
1078 954 1122 982 τι
1175 933 1326 1001 δρῷτο
1376 937 1588 982 τοιοῦτον
1633 933 1683 982 ἐν

22 1035 71 1062 10
89 1013 373 1077 ἐκκλησίαις·
403 1014 566 1065 εἰδέναι
592 1036 656 1076 τε,
678 1014 750 1064 ὅτι
776 1013 804 1078 ἦ
830 1012 915 1078 μὲν
940 1012 1137 1079 ἀκριβὴς
1163 1012 1437 1078 ἐπιτήρησις
1463 1014 1688 1083 εὐφρανεῖ

89 1093 226 1158 Θεὸν,
255 1095 580 1159 καταλυπήσει
608 1094 654 1147 δὲ
682 1097 791 1147 λίαν
818 1094 872 1146 τὸ
904 1096 1129 1164 ῥᾳθυμεῖν
1153 1094 1347 1146 ἑλέσθαι
1382 1098 1456 1146 καὶ
1491 1098 1682 1159 ἀμελεῖν

86 1181 182 1228 τῶν
208 1178 329 1229 οὕτω
356 1182 562 1229 σεπτῶν·
604 1177 674 1229 ὅτι
701 1177 795 1244 γὰρ
822 1178 904 1228 οὐκ
931 1176 1125 1243 ἀζήμιον
1149 1182 1245 1231 τοῖς
1279 1177 1596 1242 ὑπτιουμένοις
1625 1176 1680 1227 τὸ

87 1264 300 1326 πρᾶγμα,
350 1264 451 1314 πῶς
501 1261 584 1311 οῦκ
633 1261 969 1326 ἀταλαίπωρον
1015 1262 1138 1322 ἰδεῖν,
1189 1260 1455 1311 ἀκουόντων
1498 1261 1681 1310 ἐκείνων

88 1341 237 1410 Ὑμεῖς
276 1348 310 1393 οἱ
345 1345 462 1412 ἱερεῖς
498 1348 532 1393 οἱ
566 1342 860 1412 φοιυλὶζοντες
894 1341 940 1393 τὶ
973 1340 1108 1409 &vomi
1145 1365 1258 1409 μους
1304 1340 1553 1410 φαύλια-μα
1586 1340 1720 1407 γάρα
1753 1357 1838 1392 826
1852 1355 1906 1394 A.

22 1444 70 1484 15
90 1422 252 1491 ὥσπερ
292 1426 355 1477 εἷς
391 1422 517 1475 Θεὸν
547 1429 640 1475 τῶν
676 1422 830 1489 ἱερέων
862 1421 916 1474 τὸ
955 1422 1183 1492 ῥᾴθυμον,
1219 1425 1295 1474 καὶ
1334 1427 1396 1477 εἰς
1433 1422 1520 1488 τὴν
1555 1424 1680 1492 αὐτῷ

87 1504 367 1572 πρέπουσάν
397 1528 446 1557 τε
481 1505 557 1557 καὶ
593 1504 908 1574 ὀφειλομένην
934 1504 1081 1575 δόξαν
1106 1505 1389 1574 ἀναφερεται
1423 1504 1478 1557 τὸ
1511 1511 1675 1570 πλημ-

89 1587 295 1651 μέλημα.

91 1817 210 1861 Διότι
248 1817 322 1859 ἐὰν
360 1819 661 1876 ΠροσαΓάΓΗτε
701 1818 861 1875 τυφλὸν
899 1817 959 1860 εἰς
998 1818 1157 1870 Θυσίαν,
1196 1820 1244 1860 οὐ
1286 1820 1443 1871 κακόν,
1494 1819 1561 1859 καὶ
1603 1818 1723 1860 ὲὰν8

159 1901 459 1957 ΠροσαΓάΓΗτε
500 1901 641 1957 χωλὸν
682 1901 706 1942 Εἰ
752 1901 994 1959 ἅρῤωστον,
1032 1902 1080 1943 οὐ
1126 1903 1284 1954 κακόν;
1339 1903 1583 1958 ΠροσάΓαΓε
1627 1901 1677 1943 δὴ

20 2001 72 2027 20
159 1983 264 2025 αὐτὸ
298 1985 359 2037 τῷ
393 1983 616 2039 ἡτουμένῳ
649 1999 738 2036 σου,
767 1982 802 2025 εἰ
840 1984 1124 2041 προσδέξεταί
1162 2001 1222 2036 σε,
1253 1983 1288 2026 εἰ
1327 1986 1513 2035 λήψεται
1550 1986 1682 2041 Πρόσ-

158 2067 278 2108 ωπόν
316 2081 404 2118 σου,
442 2068 554 2114 λέΓει
595 2067 744 2124 Κύριος
781 2068 1115 2125 Παντοκράτωρ.

167 2218 525 2279 Μωμοσκοπεῖν
566 2222 649 2268 τοῦ
695 2215 839 2281 νόμου
883 2216 943 2268 τὰ
988 2221 1125 2284 ἱερεῖα
1167 2215 1562 2284 προστάττοντος,
1607 2219 1680 2268 καὶ
1699 2223 1726 2263 b

92 2296 372 2361 ἀπόβλητον
428 2297 513 2360 μὲν
563 2303 802 2350 ποιεῖσθαι
857 2298 917 2350 τὰ
972 2299 1172 2366 ἔμπηρα,
1224 2303 1465 2365 καθιεροῦν
1518 2297 1565 2349 δὲ
1623 2298 1683 2350 τὰ

93 2379 281 2443 ἄμωμα,
299 2379 640 2447 προσεκόμιζον
666 2385 732 2450 τῷ
759 2381 1085 2451 θυσιαστηρίῳ
1111 2381 1212 2432 κατ’
1241 2382 1385 2432 ἐκεῖνο
1411 2386 1494 2431 τοῦ
1520 2386 1683 2447 καιροῦ

23 2480 74 2519 25
93 2462 242 2529 χύδην
280 2463 356 2512 καὶ
393 2463 681 2529 ἀδιακρίτως,
717 2464 794 2514 καὶ
838 2466 922 2527 τῆς
965 2462 1052 2526 μὲν
1088 2463 1430 2530 προσηκούσης
1467 2464 1534 2532 τῷ
1573 2465 1683 2533 Θεῷ

94 2542 236 2612 δόξης
263 2542 424 2610 ὀλίγος
450 2542 507 2608 ἧν
531 2548 775 2598 παντελῶς
804 2545 828 2595 ὁ
855 2543 1018 2611 λόγος·
1061 2545 1254 2613 φροντὶς
1286 2544 1334 2595 δὲ
1364 2545 1474 2596 λίαν
1501 2546 1679 2596 ἐσπου-

145 2716 176 2741 1.
201 2706 255 2740 καὶ
271 2717 342 2741 om.
360 2706 403 2740 B.
616 2717 647 2741 2.
673 2705 810 2753 αὐτοὺς]
831 2706 933 2751 αυτὴν
950 2706 1043 2742 Edd.
1250 2707 1283 2741 8.
1309 2706 1443 2751 πολλὴν
1460 2713 1683 2765 assumptum

95 2764 139 2787 ex
159 2752 200 2786 B.
346 2764 400 2787 10.
427 2752 639 2799 ἐκκλησίαις]
659 2754 821 2798 εκκλησίᾳ
837 2753 898 2787 iid.
1061 2764 1114 2788 11.
1141 2752 1290 2797 λυπήσει
1310 2754 1352 2788 Β.
1425 2754 1478 2787 καὶ
1495 2753 1633 2798 ἀμελεῖν
1650 2761 1684 2788 et

96 2799 162 2844 γὰρ
180 2805 361 2844 assumpta
379 2811 420 2834 ex
439 2800 483 2835 Β.
778 2811 832 2834 12.
859 2801 929 2836 τοῖς
946 2799 1177 2844 ὑπτιουμένοις
1194 2801 1232 2834 τὸ
1250 2798 1405 2845 πρᾶγμα]
1426 2801 1464 2834 τὸ
1481 2802 1596 2846 χρῆμα
1613 2803 1685 2836 τοῖς

97 2846 175 2881 ὑπτ.
196 2844 289 2880 Edd.
571 2857 625 2891 13.
652 2846 711 2880 οὐκ
728 2845 968 2891 ἀταλαίπωρον
984 2846 1088 2881 edldi.
1109 2847 1168 2881 οὐκ
1185 2846 1466 2891 ἀκαταλαίπωρον
1482 2847 1562 2891 (Sic)
1583 2847 1685 2881 Β.οὐ

97 2891 312 2936 ταλαίπωρον
329 2891 423 2927 Edd.
651 2892 703 2926 18
731 2893 852 2927 θυσίαν
871 2892 913 2928 Β.
919 2893 956 2928 F.
976 2894 1012 2937 (Ν
1028 2893 1130 2927 Alex.
1150 2893 1252 2936 XII.)
1271 2893 1315 2927 cf.
1333 2893 1432 2928 infra.
1452 2893 1572 2929 θυσίας
1590 2892 1684 2928 Edd.

99 2936 222 2982 (Vat.)
376 2949 431 2979 24.
458 2936 592 2983 καιροῦ]
616 2942 652 2978 -Ι-
673 2939 782 2973 πάντα
800 2938 892 2974 Edd.
1054 2948 1109 2982 25.
1135 2938 1392 2986 προσηκούσης]
1412 2939 1609 2985 πρεπούσης
1624 2939 1685 2975 iid.

101 2984 227 3019 Statim
245 2985 291 3029 τῷ
309 2987 384 3031 θεῷ
401 2985 503 3028 δόξης
521 2985 586 3019 hoe
604 2984 725 3020 ordine
745 2985 786 3020 B.
1023 2986 1080 3021 26.
1106 2987 1124 3019 ὁ
1143 2998 1213 3021 om.
1233 2986 1275 3021 B.
