2049 3366
583 184 654 224 IN
707 185 970 225 ABACUC
1016 185 1055 224 ii.
1092 185 1243 225 16-20.
1625 185 1708 223 62⁴.)

119 304 218 336 τοῦτο
254 303 392 336 ποιοῦσι
425 303 465 335 τὰ
499 300 631 336 ε’ίδωλα·
676 301 748 348 ὅσῳ
787 302 892 335 πλείω
930 300 1125 342 ποιῆσουσι,
1160 300 1311 348 τοσούτῳ
1349 301 1504 336 πλείονος
1542 300 1707 344 ὠφελείας

119 367 286 411 ἐπιτυχεῖν
314 367 466 411 οἰόμενοι.
508 367 610 402 εἰπὼν
637 367 672 400 δέ
702 365 896 412 φαντασίαν
922 366 1111 411 προσέθηκε
1141 365 1193 401 καὶ
1220 367 1258 400 τὸ
1286 366 1409 412 ψευδῆ,
1440 366 1523 399 διότι
1552 366 1627 399 ἐστὶ
1656 366 1708 398 καὶ

120 432 292 476 φαντασία
328 431 463 475 ἀληθὴς,
498 433 569 475 ι’]’τοι
602 430 681 466 ὅταν
713 446 762 466 τις
795 432 835 465 τὰ
869 431 1014 476 φανέντα
1048 431 1137 478 αὐτῷ
1169 430 1320 475 άνιιπολῇ
1353 429 1446 466 αὖθις
1484 429 1559 464 καθ’
1591 431 1708 464 ἑαυτὸν

119 498 255 530 τοιαῦτα
288 493 340 530 οἶα
373 497 558 542 ἐφάνησαν,
588 495 606 540 ἦ
633 497 824 542 φαντασίαν
849 493 974 539 οἷδενὴ
1000 498 1117 542 γραφὴ
1144 496 1195 530 καὶ
1221 496 1279 539 τὴν
1297 497 1524 541 λαμπρότητα.
1564 494 1635 529 ἐπεὶ
1655 493 1713 529 οὖν

119 561 245 596 πολλαὶ
264 561 496 607 λαμπρότητές
516 562 602 595 εἶσιν
622 562 837 607 ὑφεστῶσαι,
857 562 914 595 ἅτε
936 561 987 595 καὶ
1006 561 1212 606 πραγμάτων
1232 559 1331 595 οὖσαι
1350 559 1521 599 τοιούτων,
1543 559 1560 603 ἦ
1586 560 1621 594 δέ
1647 563 1713 593 τῶν

120 625 267 660 εἰδώλων
291 627 486 671 λαμπρότης
515 625 746 661 ἀνυπόστατός
771 626 875 660 ἐστιν·
911 626 1152 660 ἀνυποστάτων
1181 625 1233 659 διὰ
1261 628 1360 659 τοῦτο
1388 625 1579 671 φαντασίαν
1605 623 1712 671 εἴρηκε

121 690 246 736 ψευδῆ.
286 687 368 725 οὐαὶ
390 691 410 725 ὂ
434 689 548 738 λέγων
569 689 618 740 τῷ
640 689 731 739 ξύλῳ
745 687 932 736 Ἔκνηψον,
959 689 1137 737 ἐγέρθητι,
1167 687 1227 725 καὶ
1252 689 1301 739 τῷ
1326 687 1413 739 λίθῳ
1432 687 1620 736 Ὺψώθητι·
1651 686 1712 724 καὶ

120 754 208 791 αὐτό
238 756 317 791 ἐστι
347 755 540 801 ᾠαντασία.
591 756 702 802 θρηνεῖ
730 756 806 792 τοὺς
837 756 872 790 ἐν
901 757 972 792 ταῖς
1003 754 1243 801 περιεχούσαις
1273 757 1468 801 συμφοραῖς
1496 755 1540 799 μὴ
1572 755 1626 789 ἐπὶ
1656 755 1714 788 τὸν

121 824 235 856 σῶσαι
261 821 440 866 δυνάμενον
462 820 743 867 καταφεύγοντας,
768 819 844 855 ἀλλ’
869 820 922 855 ἐπὶ
948 821 989 854 τὰ
1015 819 1133 864 ξύλινα
1160 822 1212 854 καὶ
1237 820 1348 855 λίθινα
1374 819 1496 855 εἴδωλα
1521 821 1712 866 τρέχοντας,

121 886 174 920 καὶ
199 885 385 929 δεομένους,
408 884 461 921 ’ἶνα
487 887 604 932 ὥσπερ
631 886 842 921 ὑπνώττοντα
869 885 1068 931 διεγερθῶσι
1093 885 1146 919 καὶ
1172 885 1341 931 ύψωθῶσι
1371 886 1452 919 κατὰ
1478 888 1545 919 τῶν
1569 884 1712 929 ἐχθρῶν,

120 951 179 995 τὴν
201 951 322 985 οἷκείαν
345 950 480 996 δύναμιν
505 951 642 997 ὑψηλὴν
664 951 718 985 καὶ
742 949 904 994 ἀήττητον
923 950 1101 985 δεικνῦντα.
1142 949 1203 996 ὅρα
1229 950 1276 991 δέ,
1296 953 1367 986 πῶς
1393 950 1452 984 οὐκ
1477 947 1549 985 εἷπε
1572 949 1714 984 Ξύλινον

121 1014 261 1050 εἴδωλον
283 1015 301 1061 ἢ
328 1016 465 1057 λίθινον,
493 1016 583 1050 ἀλλὰ
609 1015 714 1060 ξύλον
738 1016 791 1050 καὶ
815 1015 912 1050 λίθον
934 1016 1019 1061 πρὸς
1045 1015 1206 1060 ἐντροπὴν
1228 1015 1346 1050 πλείω.
1395 1016 1424 1050 εἷ
1450 1017 1516 1061 γὰρ
1545 1016 1598 1049 καὶ
1626 1011 1713 1051 εἶδος

121 1080 193 1126 ἔχει
217 1081 327 1126 φησὶν
349 1080 536 1127 ἀνθρώπου,
560 1080 638 1115 ἀλλ’
663 1080 753 1125 ὅμως
780 1079 882 1125 ξύλον
907 1079 996 1124 μένει
1021 1081 1074 1114 καὶ
1099 1078 1204 1116 λίθος.
1251 1081 1290 1114 τὸ
1316 1081 1351 1114 δέ
1378 1077 1465 1116 εἶδος
1491 1079 1509 1114 ὃ
1536 1080 1714 1126 περιφέρει

122 1146 296 1191 φαντασία
319 1146 404 1180 ἐστί·
433 1145 566 1192 ψεύδης
584 1146 728 1186 πάντως,
751 1146 867 1190 ὥσπερ
893 1147 1063 1191 προεῖπεν·
1094 1145 1152 1179 οὐκ
1175 1145 1242 1179 ἔδει
1267 1146 1332 1191 γὰρ
1355 1145 1570 1191 διττολσγεῖν.
1608 1145 1714 1180 τοῦτο

121 1208 165 1246 δέ
190 1212 288 1246 ἐστιν
311 1210 457 1258 ἔλασμα
484 1207 635 1258 χρυσίου
660 1209 683 1257 ἢ
711 1207 893 1257 ἀργυρίου.
939 1209 1131 1254 ἀδιανόητον
1153 1208 1308 1256 φαίνεται
1332 1211 1371 1244 τὸ
1395 1210 1508 1256 ῥητόν·
1532 1209 1630 1244 λίθον
1648 1210 1714 1256 γὰρ

123 1275 225 1310 εἶπὼν
243 1277 295 1310 καὶ
321 1275 434 1320 ξύλον,
463 1275 609 1322 ἐπήγαγε
627 1278 735 1310 Τοῦτο
761 1275 799 1310 δέ
823 1275 918 1310 ἐστιν
935 1273 1071 1320 ἔλασμα
1096 1275 1242 1321 χρυσίου
1262 1275 1280 1319 ἢ
1304 1275 1476 1322 ἀργυρίου.
1516 1273 1581 1321 ἆρα
1599 1273 1657 1309 οὖν
1675 1275 1715 1308 τὸ

124 1339 229 1384 ξύλον
247 1341 300 1375 καὶ
323 1342 341 1374 ὁ
367 1340 462 1376 λίθος
485 1339 621 1385 ἕλασμά
646 1341 721 1375 ἐστι
739 1340 885 1386 χρυσίου
904 1339 923 1385 ἦ
943 1340 1128 1387 ἀργυρίου;
1158 1340 1246 1386 οὐχὶ·
1275 1339 1352 1374 ἀλλ’
1373 1338 1477 1376 οὕτως
1497 1341 1632 1383 νόησον.
1671 1340 1714 1373 τὰ

123 1403 185 1447 μὲν
213 1403 280 1437 εἶσὶ
308 1402 396 1446 ξύλα
424 1403 476 1436 καὶ
506 1402 606 1444 λίθοι,
635 1405 735 1437 τοῦτο
766 1402 804 1437 δέ
833 1402 928 1437 ἐστιν
954 1400 1100 1446 ἔλασμα·
1139 1401 1211 1436 ἀντὶ
1241 1404 1311 1446 τοῦ,
1341 1401 1430 1435 ἄλλο
1459 1402 1553 1436 ἔστιν
1579 1399 1715 1445 ἔλασμα

123 1470 279 1513 χρυσοῦν
297 1466 315 1512 ἢ
336 1467 514 1514 ἀργυροῦν.
556 1464 617 1503 καὶ
635 1469 707 1502 πᾶν
725 1467 865 1515 πνεῦμα
884 1467 948 1502 οὐκ
968 1465 1067 1502 ἔστιν
1087 1466 1124 1501 ἐν
1144 1465 1250 1516 αὺτῷ.
1289 1466 1360 1501 ἀντὶ
1379 1468 1449 1510 τοῦ,
1471 1466 1568 1500 οὐδὲν
1585 1468 1715 1510 πνεῦμα

125 1531 220 1566 ἔστιν
239 1532 274 1567 ἐν
292 1533 391 1580 αὐτῷ,
412 1535 489 1567 οὔτε
507 1532 546 1566 τὸ
565 1533 723 1578 φυσικὸν,
744 1534 821 1566 οὔτε
846 1533 885 1566 τὸ
909 1532 1112 1575 αἰσθητικὸν,
1135 1533 1213 1565 οὔτε
1239 1532 1276 1565 τὸ
1302 1532 1450 1577 λογικόν.
1489 1531 1509 1565 ὃ
1529 1528 1568 1566 δὲ
1591 1529 1716 1578 Κύριος

127 1597 165 1632 ἐν
193 1597 265 1646 vau}
292 1594 381 1647 ἁγίῳ
411 1598 529 1633 αὐτοῦ·
569 1594 796 1642 εὖλαβείσθω
825 1596 898 1632 ἀπὸ
925 1596 1120 1644 προσώπου
1152 1596 1260 1631 αὐτοῦ
1291 1597 1395 1631 πᾶσα,
1423 1596 1445 1642 ἡ
1477 1596 1537 1643 γῆ.
1583 1596 1624 1630 τὰ
1655 1596 1717 1640 μὲν

126 1660 249 1696 ε’ίδωλά
267 1664 356 1708 φησι
375 1662 474 1708 κωφὰ
493 1661 547 1698 καὶ
564 1662 690 1706 ἀσθενῆ
711 1662 763 1697 καὶ
781 1661 905 1707 μηδένα
927 1663 1107 1707 ὠφελῆσαι
1126 1661 1300 1706 δυνάμενα·
1330 1662 1348 1695 ὁ
1368 1660 1403 1694 δὲ
1427 1659 1537 1706 κύριος
1561 1660 1632 1706 ἔχει
1657 1660 1717 1704 μὲν

127 1724 198 1762 οἷόν
216 1742 288 1762 τινα
311 1728 397 1768 ναὸν,
417 1728 475 1762 τὸν
493 1728 643 1774 οὐρανὸν,
664 1727 716 1761 καὶ
740 1729 775 1762 ἐν
794 1727 906 1774 ἐκείνῳ
933 1728 1085 1767 κατοικεῖ,
1106 1726 1151 1761 ὡς
1175 1724 1270 1773 ἁγίῳ,
1290 1726 1395 1771 ἅγιος.
1434 1726 1576 1759 κατοικεῖ
1602 1725 1637 1759 δέ
1663 1726 1716 1758 καὶ

127 1793 186 1827 τὸν
209 1792 245 1827 ἐν
269 1793 476 1838 ἱερουσαλὴμ
505 1793 592 1833 ναὸν,
622 1791 660 1826 ὃν
680 1794 698 1826 ὁ
725 1792 779 1827 ε’πὶ
804 1793 874 1827 τοῖς
899 1791 1051 1827 εἰδώλοις
1075 1790 1244 1826 πεποιθὼς
1269 1789 1462 1836 ἐνέπρησεν,
1488 1790 1573 1836 ὑπὲρ
1599 1789 1638 1824 οὗ
1663 1790 1717 1824 καὶ

129 1857 220 1893 δίκας
239 1857 352 1892 δώσει.
391 1858 420 1892 εἶ
442 1858 478 1891 δὲ
503 1857 538 1891 ἐν
557 1857 686 1905 οὐρανῷ
714 1859 866 1897 κατοικεῖ,
886 1858 982 1891 πᾶσα
1007 1855 1025 1899 ἡ
1044 1857 1087 1902 γῆ
1108 1855 1322 1896 εὐλαβείσθω
1342 1856 1381 1889 τὸ
1398 1856 1584 1901 πρόσωπον
1602 1854 1715 1898 αὐτοῦ,

130 1921 296 1962 τουτέστι,
325 1922 384 1965 τὴν
412 1922 614 1956 ἐπιστασίαν
641 1921 744 1955 αὐτοῦ
772 1920 825 1956 καὶ
853 1921 1037 1966 ἐπίσκεψιν
1064 1923 1131 1955 τῶν
1158 1919 1327 1966 ἡμετέρων
1354 1920 1472 1966 ἔργων.
1526 1920 1578 1954 καὶ
1605 1919 1720 1964 μηδεὶς

130 1984 380 2032 καταφρονείτω
408 1986 490 2030 μηδὲ
519 1985 784 2031 ἀλαζονευέσθω,
807 1986 892 2031 πρὸς
919 1986 960 2020 τὰ
987 1988 1035 2034 τῷ
1063 1986 1267 2032 βαβυλωνίῳ
1297 1986 1539 2029 συμβεβηκότα
1566 1984 1719 2031 ἀφορῶν.

130 2052 206 2087 ναὸς
225 2053 285 2085 τοῦ
305 2051 428 2097 Κυρίου
448 2052 501 2085 καὶ
519 2052 558 2085 τὸ
578 2053 686 2095 σῶμα,
707 2049 725 2084 ὃ
746 2051 781 2085 ἐκ
799 2052 858 2095 τῆς
880 2049 975 2097 ἁγίας
997 2050 1165 2096 παρθένου
1188 2051 1294 2098 ἑαυτῷ
1315 2048 1511 2094 συνέπηξεν,
1534 2048 1571 2084 ὃν
1591 2049 1643 2083 καὶ
1664 2050 1723 2082 νῦν

133 2117 285 2151 κατοικεῖ.
322 2117 444 2152 πάντες
468 2114 527 2150 οὖν
545 2117 576 2150 οἱ
600 2116 641 2150 τὰ
667 2117 724 2159 τῆς
749 2116 810 2161 γῆς
836 2116 1041 2161 φρονοῦντες
1066 2114 1347 2156 εὐλαβείσθωσαν
1366 2114 1432 2150 α’πὸ
1455 2116 1515 2149 τοῦ
1534 2115 1724 2160 προσώπου

131 2181 244 2216 αὐτοῦ·
274 2182 333 2225 τῆς
352 2180 507 2226 δευτέρας
531 2181 619 2226 φημὶ
643 2179 843 2227 παρουσίας,
866 2179 922 2215 ὅτε
947 2178 1020 2224 ἥξει
1046 2179 1304 2226 ἐπισκέψασθαι
1328 2180 1370 2214 τὰ
1398 2178 1540 2225 ἡμέτερα
1562 2179 1724 2225 φοβερώ-

133 2261 239 2293 τερον,
261 2246 336 2292 οὐχὶ
356 2245 623 2292 διορθώσασθαι.
