<?xml version="1.0" encoding="UTF-8"?>
<!DOCTYPE html PUBLIC "-//W3C//DTD XHTML 1.0 Transitional//EN"
    "http://www.w3.org/TR/xhtml1/DTD/xhtml1-transitional.dtd">
<html xmlns="http://www.w3.org/1999/xhtml" xml:lang="en" lang="en">
 <head>
  <title>
</title>
<meta http-equiv="Content-Type" content="text/html;charset=utf-8" />
  <meta name='ocr-system' content='tesseract 3.04.00' />
  <meta name='ocr-capabilities' content='ocr_page ocr_carea ocr_par ocr_line ocrx_word'/>
</head>
<body>
  <div class='ocr_page' id='page_1' title='image "./operacyrilli02cyriuoft_0456.png"; bbox 0 0 2053 3382; ppageno 0'>
   <div class='ocr_carea' id='block_1_1' title="bbox 101 1953 197 1982">
    <p class='ocr_par' dir='ltr' id='par_1_1' title="bbox 101 1953 197 1982">
     <span class='ocr_line' id='line_1_1' title="bbox 101 1953 197 1982; baseline 0 -1"><span class='ocrx_word' id='word_1_1' title='bbox 101 1953 197 1982; x_wconf 63' lang='lat' dir='ltr'>Hier.</span> 
     </span>
    </p>
   </div>
   <div class='ocr_carea' id='block_1_2' title="bbox 99 1996 240 2026">
    <p class='ocr_par' dir='ltr' id='par_1_2' title="bbox 99 1996 240 2026">
     <span class='ocr_line' id='line_1_2' title="bbox 99 1996 240 2026; baseline 0 -1"><span class='ocrx_word' id='word_1_2' title='bbox 99 1996 191 2026; x_wconf 81' lang='lat' dir='ltr'><strong>xxiii.</strong></span> <span class='ocrx_word' id='word_1_3' title='bbox 214 2005 240 2026; x_wconf 89' lang='lat'>1.</span> 
     </span>
    </p>
   </div>
   <div class='ocr_carea' id='block_1_3' title="bbox 99 2115 198 2147">
    <p class='ocr_par' dir='ltr' id='par_1_3' title="bbox 99 2115 198 2147">
     <span class='ocr_line' id='line_1_3' title="bbox 99 2115 198 2147; baseline 0.03 -3"><span class='ocrx_word' id='word_1_4' title='bbox 99 2115 150 2146; x_wconf 83' lang='lat' dir='ltr'>Ib.</span> <span class='ocrx_word' id='word_1_5' title='bbox 168 2127 198 2147; x_wconf 87' lang='lat' dir='ltr'>x.</span> 
     </span>
    </p>
   </div>
   <div class='ocr_carea' id='block_1_4' title="bbox 101 2168 151 2190">
    <p class='ocr_par' dir='ltr' id='par_1_4' title="bbox 101 2168 151 2190">
     <span class='ocr_line' id='line_1_4' title="bbox 101 2168 151 2190; baseline 0.04 -2"><span class='ocrx_word' id='word_1_6' title='bbox 101 2168 151 2190; x_wconf 76' lang='lat'>21.</span> 
     </span>
    </p>
   </div>
   <div class='ocr_carea' id='block_1_5' title="bbox 330 171 1914 225">
    <p class='ocr_par' dir='ltr' id='par_1_5' title="bbox 330 171 1914 225">
     <span class='ocr_line' id='line_1_5' title="bbox 330 171 1914 225; baseline 0 -15"><span class='ocrx_word' id='word_1_7' title='bbox 330 171 416 211; x_wconf 71' lang='lat'>448</span> <span class='ocrx_word' id='word_1_8' title='bbox 728 173 779 213; x_wconf 90' lang='lat' dir='ltr'>B.</span> <span class='ocrx_word' id='word_1_9' title='bbox 820 172 1102 213; x_wconf 87' lang='lat' dir='ltr'>CYRILLI</span> <span class='ocrx_word' id='word_1_10' title='bbox 1147 174 1531 214; x_wconf 87' lang='lat' dir='ltr'><strong>ALEXANDR.</strong></span> <span class='ocrx_word' id='word_1_11' title='bbox 1797 172 1851 212; x_wconf 80' lang='lat' dir='ltr'>xi.</span> <span class='ocrx_word' id='word_1_12' title='bbox 1876 185 1914 225; x_wconf 83' lang='lat'>3.</span> 
     </span>
    </p>
   </div>
   <div class='ocr_carea' id='block_1_6' title="bbox 288 279 1917 589">
    <p class='ocr_par' dir='ltr' id='par_1_6' title="bbox 329 279 1916 348">
     <span class='ocr_line' id='line_1_6' title="bbox 329 279 1916 348; baseline 0.003 -18"><span class='ocrx_word' id='word_1_13' title='bbox 329 279 536 331; x_wconf 70' lang='grc' dir='ltr'>σπάσθαι</span> <span class='ocrx_word' id='word_1_14' title='bbox 576 282 740 348; x_wconf 74' lang='grc' dir='ltr'>φησὶν,</span> <span class='ocrx_word' id='word_1_15' title='bbox 773 280 904 330; x_wconf 77' lang='grc' dir='ltr'>οὐδὲν</span> <span class='ocrx_word' id='word_1_16' title='bbox 937 281 1078 345; x_wconf 77' lang='grc' dir='ltr'>ἧττον</span> <span class='ocrx_word' id='word_1_17' title='bbox 1110 281 1292 345; x_wconf 81' lang='grc' dir='ltr'>νοήσεις</span> <span class='ocrx_word' id='word_1_18' title='bbox 1327 283 1403 332; x_wconf 77' lang='grc' dir='ltr'>καὶ</span> <span class='ocrx_word' id='word_1_19' title='bbox 1438 281 1522 346; x_wconf 85' lang='grc' dir='ltr'>τὴν</span> <span class='ocrx_word' id='word_1_20' title='bbox 1551 283 1599 332; x_wconf 85' lang='grc' dir='ltr'>ἐν</span> <span class='ocrx_word' id='word_1_21' title='bbox 1635 282 1788 334; x_wconf 82' lang='grc' dir='ltr'>αὐτοῖς</span> <span class='ocrx_word' id='word_1_22' title='bbox 1819 285 1916 334; x_wconf 84' lang='grc' dir='ltr'>τοῖς</span> 
     </span>
    </p>

    <p class='ocr_par' dir='ltr' id='par_1_7' title="bbox 288 361 1917 589">
     <span class='ocr_line' id='line_1_7' title="bbox 288 361 1913 432; baseline 0 -21"><span class='ocrx_word' id='word_1_23' title='bbox 288 379 309 404; x_wconf 81' lang='lat' dir='ltr'>c</span> <span class='ocrx_word' id='word_1_24' title='bbox 328 361 680 428; x_wconf 81' lang='grc' dir='ltr'>Ἱεροσολύμοις</span> <span class='ocrx_word' id='word_1_25' title='bbox 705 362 911 425; x_wconf 83' lang='grc' dir='ltr'>πληθύν·</span> <span class='ocrx_word' id='word_1_26' title='bbox 951 367 1077 432; x_wconf 71' lang='grc' dir='ltr'>λιμῷ</span> <span class='ocrx_word' id='word_1_27' title='bbox 1101 386 1151 413; x_wconf 91' lang='grc' dir='ltr'>τε</span> <span class='ocrx_word' id='word_1_28' title='bbox 1171 363 1264 429; x_wconf 81' lang='grc' dir='ltr'>γὰρ</span> <span class='ocrx_word' id='word_1_29' title='bbox 1288 366 1363 414; x_wconf 80' lang='grc' dir='ltr'>καὶ</span> <span class='ocrx_word' id='word_1_30' title='bbox 1388 363 1582 432; x_wconf 74' lang='grc' dir='ltr'>πολέμῳ</span> <span class='ocrx_word' id='word_1_31' title='bbox 1610 363 1913 413; x_wconf 82' lang='grc' dir='ltr'>διολώλασιν·</span> 
     </span>
     <span class='ocr_line' id='line_1_8' title="bbox 325 441 1917 514; baseline 0.001 -22"><span class='ocrx_word' id='word_1_32' title='bbox 325 441 699 512; x_wconf 76' lang='grc' dir='ltr'>ἐπολολυζόντων</span> <span class='ocrx_word' id='word_1_33' title='bbox 737 444 892 497; x_wconf 84' lang='grc' dir='ltr'>αὐτοῖς</span> <span class='ocrx_word' id='word_1_34' title='bbox 930 449 1025 495; x_wconf 87' lang='grc' dir='ltr'>τῶν</span> <span class='ocrx_word' id='word_1_35' title='bbox 1063 448 1146 509; x_wconf 85' lang='grc' dir='ltr'>τῆς</span> <span class='ocrx_word' id='word_1_36' title='bbox 1186 442 1476 501; x_wconf 61' lang='grc' dir='ltr'>Βασανίτιδος</span> <span class='ocrx_word' id='word_1_37' title='bbox 1511 443 1662 514; x_wconf 52' lang='grc' dir='ltr'>δρυῶν,</span> <span class='ocrx_word' id='word_1_38' title='bbox 1701 444 1917 495; x_wconf 79' lang='grc' dir='ltr'>τουτέστι</span> 
     </span>
     <span class='ocr_line' id='line_1_9' title="bbox 326 523 730 589; baseline 0.007 -16"><span class='ocrx_word' id='word_1_39' title='bbox 326 527 420 574; x_wconf 82' lang='grc' dir='ltr'>τῶν</span> <span class='ocrx_word' id='word_1_40' title='bbox 448 523 730 589; x_wconf 80' lang='grc' dir='ltr'>ἡγουμένων.</span> 
     </span>
    </p>
   </div>
   <div class='ocr_carea' id='block_1_7' title="bbox 286 796 1956 941">
    <p class='ocr_par' dir='ltr' id='par_1_8' title="bbox 286 796 1956 941">
     <span class='ocr_line' id='line_1_10' title="bbox 286 796 1956 857; baseline 0.003 -20"><span class='ocrx_word' id='word_1_41' title='bbox 286 803 306 837; x_wconf 88' lang='grc'>3</span> <span class='ocrx_word' id='word_1_42' title='bbox 329 796 459 837; x_wconf 57' lang='grc' dir='ltr'>Φωνὴ</span> <span class='ocrx_word' id='word_1_43' title='bbox 495 799 766 854; x_wconf 79' lang='grc' dir='ltr'>θρΗνούντων</span> <span class='ocrx_word' id='word_1_44' title='bbox 793 801 1026 853; x_wconf 78' lang='grc' dir='ltr'>Ποιμένων,</span> <span class='ocrx_word' id='word_1_45' title='bbox 1061 803 1124 844; x_wconf 83' lang='grc' dir='ltr'>ὅτι</span> <span class='ocrx_word' id='word_1_46' title='bbox 1156 800 1539 857; x_wconf 76' lang='grc' dir='ltr'>τεταλαιΠωρΗκεν</span> <span class='ocrx_word' id='word_1_47' title='bbox 1572 801 1594 840; x_wconf 62' lang='grc' dir='ltr'>ᾗ</span> <span class='ocrx_word' id='word_1_48' title='bbox 1632 800 1912 848; x_wconf 60' lang='grc' dir='ltr'>μεγαλωσύνη</span> <span class='ocrx_word' id='word_1_49' title='bbox 1935 804 1956 842; x_wconf 85' lang='grc'>5</span> 
     </span>
     <span class='ocr_line' id='line_1_11' title="bbox 393 881 1915 941; baseline 0.001 -20"><span class='ocrx_word' id='word_1_50' title='bbox 393 881 548 922; x_wconf 74' lang='grc' dir='ltr'>αὐτῶν·</span> <span class='ocrx_word' id='word_1_51' title='bbox 612 884 738 938; x_wconf 75' lang='grc' dir='ltr'>φο)νὴ</span> <span class='ocrx_word' id='word_1_52' title='bbox 790 885 1051 941; x_wconf 74' lang='grc' dir='ltr'>ὠρυομένων</span> <span class='ocrx_word' id='word_1_53' title='bbox 1096 887 1300 937; x_wconf 78' lang='grc' dir='ltr'>λεόντων,</span> <span class='ocrx_word' id='word_1_54' title='bbox 1349 887 1413 927; x_wconf 82' lang='grc' dir='ltr'>ὅτι</span> <span class='ocrx_word' id='word_1_55' title='bbox 1466 883 1819 939; x_wconf 72' lang='grc' dir='ltr'>τεταλαιπωρΗκε</span> <span class='ocrx_word' id='word_1_56' title='bbox 1867 882 1915 923; x_wconf 81' lang='grc' dir='ltr'>τὸ</span> 
     </span>
    </p>
   </div>
   <div class='ocr_carea' id='block_1_8' title="bbox 392 966 978 1024">
    <p class='ocr_par' dir='ltr' id='par_1_9' title="bbox 392 966 978 1024">
     <span class='ocr_line' id='line_1_12' title="bbox 392 966 978 1024; baseline 0.009 -20"><span class='ocrx_word' id='word_1_57' title='bbox 392 966 594 1020; x_wconf 79' lang='grc' dir='ltr'>φρύαΓμα</span> <span class='ocrx_word' id='word_1_58' title='bbox 633 970 706 1007; x_wconf 85' lang='grc' dir='ltr'>τοῦ</span> <span class='ocrx_word' id='word_1_59' title='bbox 740 967 978 1024; x_wconf 71' lang='grc' dir='ltr'>Ἰορδάνου.</span> 
     </span>
    </p>
   </div>
   <div class='ocr_carea' id='block_1_9' title="bbox 280 1123 1985 2338">
    <p class='ocr_par' dir='ltr' id='par_1_10' title="bbox 280 1123 1985 2338">
     <span class='ocr_line' id='line_1_13' title="bbox 399 1123 1916 1195; baseline 0 -21"><span class='ocrx_word' id='word_1_60' title='bbox 399 1124 792 1193; x_wconf 69' lang='grc' dir='ltr'>Ἐμφανεστεραν</span> <span class='ocrx_word' id='word_1_61' title='bbox 824 1127 873 1177; x_wconf 85' lang='grc' dir='ltr'>ἐν</span> <span class='ocrx_word' id='word_1_62' title='bbox 904 1127 1099 1190; x_wconf 75' lang='grc' dir='ltr'>τούτοις,</span> <span class='ocrx_word' id='word_1_63' title='bbox 1133 1130 1194 1181; x_wconf 83' lang='grc' dir='ltr'>ὡς</span> <span class='ocrx_word' id='word_1_64' title='bbox 1230 1128 1350 1195; x_wconf 80' lang='grc' dir='ltr'>ε”φην</span> <span class='ocrx_word' id='word_1_65' title='bbox 1384 1127 1565 1194; x_wconf 78' lang='grc' dir='ltr'>ἀρτίως,</span> <span class='ocrx_word' id='word_1_66' title='bbox 1601 1130 1796 1177; x_wconf 84' lang='grc' dir='ltr'>ποιεῖται</span> <span class='ocrx_word' id='word_1_67' title='bbox 1830 1123 1916 1189; x_wconf 85' lang='grc' dir='ltr'>τὴν</span> 
     </span>
     <span class='ocr_line' id='line_1_14' title="bbox 280 1206 1909 1276; baseline 0.002 -23"><span class='ocrx_word' id='word_1_68' title='bbox 280 1213 305 1254; x_wconf 89' lang='lat' dir='ltr'><strong>d</strong></span> <span class='ocrx_word' id='word_1_69' title='bbox 326 1206 551 1270; x_wconf 88' lang='grc' dir='ltr'>δήλωσιν.</span> <span class='ocrx_word' id='word_1_70' title='bbox 622 1208 675 1258; x_wconf 81' lang='grc' dir='ltr'>οὐ</span> <span class='ocrx_word' id='word_1_71' title='bbox 719 1206 812 1273; x_wconf 77' lang='grc' dir='ltr'>γὰρ</span> <span class='ocrx_word' id='word_1_72' title='bbox 855 1208 919 1259; x_wconf 77' lang='grc' dir='ltr'>ε”τι</span> <span class='ocrx_word' id='word_1_73' title='bbox 963 1209 1103 1260; x_wconf 84' lang='grc' dir='ltr'>πίτυν</span> <span class='ocrx_word' id='word_1_74' title='bbox 1141 1208 1169 1274; x_wconf 86' lang='grc' dir='ltr'>ὴ</span> <span class='ocrx_word' id='word_1_75' title='bbox 1214 1212 1327 1276; x_wconf 84' lang='grc' dir='ltr'>δρῦν</span> <span class='ocrx_word' id='word_1_76' title='bbox 1366 1208 1591 1274; x_wconf 72' lang='grc' dir='ltr'>ὀνομάζει,</span> <span class='ocrx_word' id='word_1_77' title='bbox 1630 1210 1909 1275; x_wconf 83' lang='grc' dir='ltr'>ἀπημφιεσ-</span> 
     </span>
     <span class='ocr_line' id='line_1_15' title="bbox 324 1288 1985 1357; baseline -0.001 -20"><span class='ocrx_word' id='word_1_78' title='bbox 324 1288 472 1353; x_wconf 84' lang='grc' dir='ltr'>μένως</span> <span class='ocrx_word' id='word_1_79' title='bbox 505 1288 553 1339; x_wconf 75' lang='grc' dir='ltr'>δὲ</span> <span class='ocrx_word' id='word_1_80' title='bbox 588 1288 697 1342; x_wconf 73' lang='grc' dir='ltr'>τοὺς</span> <span class='ocrx_word' id='word_1_81' title='bbox 729 1295 824 1340; x_wconf 84' lang='grc' dir='ltr'>τῶν</span> <span class='ocrx_word' id='word_1_82' title='bbox 853 1289 1122 1341; x_wconf 82' lang='grc' dir='ltr'>Ἰουδαϊκῶν</span> <span class='ocrx_word' id='word_1_83' title='bbox 1154 1291 1409 1357; x_wconf 81' lang='grc' dir='ltr'>ταγμάτων</span> <span class='ocrx_word' id='word_1_84' title='bbox 1442 1292 1659 1355; x_wconf 82' lang='grc' dir='ltr'>σημαίνει</span> <span class='ocrx_word' id='word_1_85' title='bbox 1698 1293 1909 1355; x_wconf 89' lang='grc' dir='ltr'>καθηγη-</span> <span class='ocrx_word' id='word_1_86' title='bbox 1938 1312 1985 1336; x_wconf 84' lang='grc' dir='ltr'>ιο</span> 
     </span>
     <span class='ocr_line' id='line_1_16' title="bbox 324 1369 1909 1441; baseline 0 -20"><span class='ocrx_word' id='word_1_87' title='bbox 324 1369 420 1432; x_wconf 78' lang='grc' dir='ltr'>τὰς,</span> <span class='ocrx_word' id='word_1_88' title='bbox 461 1370 541 1424; x_wconf 71' lang='grc' dir='ltr'>οὓς</span> <span class='ocrx_word' id='word_1_89' title='bbox 584 1374 659 1422; x_wconf 73' lang='grc' dir='ltr'>καὶ</span> <span class='ocrx_word' id='word_1_90' title='bbox 704 1372 1034 1441; x_wconf 82' lang='grc' dir='ltr'>ὀλοφύρεσθαί</span> <span class='ocrx_word' id='word_1_91' title='bbox 1075 1378 1215 1441; x_wconf 87' lang='grc' dir='ltr'>φησι,</span> <span class='ocrx_word' id='word_1_92' title='bbox 1257 1376 1333 1425; x_wconf 80' lang='grc' dir='ltr'>καὶ</span> <span class='ocrx_word' id='word_1_93' title='bbox 1378 1373 1475 1424; x_wconf 74' lang='grc' dir='ltr'>οἷον</span> <span class='ocrx_word' id='word_1_94' title='bbox 1514 1371 1675 1441; x_wconf 79' lang='grc' dir='ltr'>φωνὰς</span> <span class='ocrx_word' id='word_1_95' title='bbox 1718 1371 1909 1434; x_wconf 90' lang='grc' dir='ltr'>ἀνιέναι,</span> 
     </span>
     <span class='ocr_line' id='line_1_17' title="bbox 324 1453 1908 1523; baseline 0.001 -21"><span class='ocrx_word' id='word_1_96' title='bbox 324 1453 696 1519; x_wconf 72' lang='grc' dir='ltr'>κατοιμώζοντας</span> <span class='ocrx_word' id='word_1_97' title='bbox 754 1454 816 1504; x_wconf 65' lang='grc' dir='ltr'>’ἑτι</span> <span class='ocrx_word' id='word_1_98' title='bbox 876 1456 1262 1522; x_wconf 67' lang='grc' dir='ltr'>τεταλαιπώρηκεν</span> <span class='ocrx_word' id='word_1_99' title='bbox 1316 1459 1337 1516; x_wconf 76' lang='grc' dir='ltr'><em>ἦ</em></span> <span class='ocrx_word' id='word_1_100' title='bbox 1394 1456 1693 1523; x_wconf 70' lang='grc' dir='ltr'>μεγαλωσύνη</span> <span class='ocrx_word' id='word_1_101' title='bbox 1751 1453 1908 1505; x_wconf 48' lang='lat' dir='ltr'>abab.</span> 
     </span>
     <span class='ocr_line' id='line_1_18' title="bbox 324 1533 1912 1604; baseline 0.001 -20"><span class='ocrx_word' id='word_1_102' title='bbox 324 1534 553 1599; x_wconf 86' lang='grc' dir='ltr'>γεγόνασι</span> <span class='ocrx_word' id='word_1_103' title='bbox 601 1533 693 1601; x_wconf 76' lang='grc' dir='ltr'>γὰρ</span> <span class='ocrx_word' id='word_1_104' title='bbox 745 1540 917 1602; x_wconf 79' lang='grc' dir='ltr'>οἰκτροὶ</span> <span class='ocrx_word' id='word_1_105' title='bbox 970 1539 1044 1587; x_wconf 80' lang='grc' dir='ltr'>καὶ</span> <span class='ocrx_word' id='word_1_106' title='bbox 1096 1537 1459 1604; x_wconf 82' lang='grc' dir='ltr'>κατερῥιμμένοι,</span> <span class='ocrx_word' id='word_1_107' title='bbox 1504 1537 1696 1587; x_wconf 85' lang='grc' dir='ltr'>ἐλεεινοί</span> <span class='ocrx_word' id='word_1_108' title='bbox 1735 1558 1784 1585; x_wconf 91' lang='grc' dir='ltr'>τε</span> <span class='ocrx_word' id='word_1_109' title='bbox 1836 1538 1912 1586; x_wconf 77' lang='grc' dir='ltr'>καὶ</span> 
     </span>
     <span class='ocr_line' id='line_1_19' title="bbox 324 1616 1907 1685; baseline 0.003 -21"><span class='ocrx_word' id='word_1_110' title='bbox 324 1616 620 1678; x_wconf 82' lang='grc' dir='ltr'>ἀτιμώτατοι,</span> <span class='ocrx_word' id='word_1_111' title='bbox 665 1618 813 1668; x_wconf 84' lang='grc' dir='ltr'>καίτοι</span> <span class='ocrx_word' id='word_1_112' title='bbox 861 1617 1011 1669; x_wconf 82' lang='grc' dir='ltr'>πάλαι</span> <span class='ocrx_word' id='word_1_113' title='bbox 1062 1618 1466 1685; x_wconf 81' lang='grc' dir='ltr'>περιφανεστέραν</span> <span class='ocrx_word' id='word_1_114' title='bbox 1511 1619 1693 1685; x_wconf 78' lang='grc' dir='ltr'>ἔχοντες</span> <span class='ocrx_word' id='word_1_115' title='bbox 1747 1616 1907 1685; x_wconf 75' lang='grc' dir='ltr'>δόξαν.</span> 
     </span>
     <span class='ocr_line' id='line_1_20' title="bbox 322 1696 1981 1766; baseline 0.001 -20"><span class='ocrx_word' id='word_1_116' title='bbox 322 1696 477 1761; x_wconf 83' lang='grc' dir='ltr'>ἐπειδὴ</span> <span class='ocrx_word' id='word_1_117' title='bbox 515 1699 562 1748; x_wconf 75' lang='grc' dir='ltr'>δὲ</span> <span class='ocrx_word' id='word_1_118' title='bbox 602 1700 941 1766; x_wconf 80' lang='grc' dir='ltr'>ἀνεδείχθησαν</span> <span class='ocrx_word' id='word_1_119' title='bbox 969 1703 1009 1750; x_wconf 80' lang='grc' dir='ltr'>οἱ</span> <span class='ocrx_word' id='word_1_120' title='bbox 1041 1699 1115 1751; x_wconf 77' lang='grc' dir='ltr'>διὰ</span> <span class='ocrx_word' id='word_1_121' title='bbox 1155 1704 1370 1766; x_wconf 81' lang='grc' dir='ltr'>Χριστοῦ</span> <span class='ocrx_word' id='word_1_122' title='bbox 1408 1701 1633 1763; x_wconf 88' lang='grc' dir='ltr'>ποιμένες,</span> <span class='ocrx_word' id='word_1_123' title='bbox 1668 1700 1911 1750; x_wconf 77' lang='grc' dir='ltr'>τουτέστιν</span> <span class='ocrx_word' id='word_1_124' title='bbox 1935 1720 1981 1757; x_wconf 89' lang='lat'>15</span> 
     </span>
     <span class='ocr_line' id='line_1_21' title="bbox 323 1779 1910 1849; baseline 0.002 -20"><span class='ocrx_word' id='word_1_125' title='bbox 323 1782 365 1829; x_wconf 82' lang='grc' dir='ltr'>οἱ</span> <span class='ocrx_word' id='word_1_126' title='bbox 398 1779 643 1831; x_wconf 87' lang='grc' dir='ltr'>θεσπέσιοι</span> <span class='ocrx_word' id='word_1_127' title='bbox 674 1783 894 1845; x_wconf 70' lang='grc' dir='ltr'>μαθηταὶ,</span> <span class='ocrx_word' id='word_1_128' title='bbox 920 1782 1304 1849; x_wconf 66' lang='grc' dir='ltr'>τεταλαιπωρηκεν</span> <span class='ocrx_word' id='word_1_129' title='bbox 1331 1782 1515 1835; x_wconf 78' lang='grc' dir='ltr'>εἰκότως</span> <span class='ocrx_word' id='word_1_130' title='bbox 1548 1783 1576 1845; x_wconf 83' lang='grc' dir='ltr'>ἡ</span> <span class='ocrx_word' id='word_1_131' title='bbox 1611 1786 1705 1832; x_wconf 84' lang='grc' dir='ltr'>τῶν</span> <span class='ocrx_word' id='word_1_132' title='bbox 1739 1784 1910 1849; x_wconf 80' lang='grc' dir='ltr'>ψευδο-</span> 
     </span>
     <span class='ocr_line' id='line_1_22' title="bbox 284 1862 1910 1929; baseline 0.004 -19"><span class='ocrx_word' id='word_1_133' title='bbox 284 1881 305 1906; x_wconf 75' lang='lat' dir='ltr'><strong>e</strong></span> <span class='ocrx_word' id='word_1_134' title='bbox 323 1862 556 1923; x_wconf 76' lang='grc' dir='ltr'>ποιμένων</span> <span class='ocrx_word' id='word_1_135' title='bbox 581 1863 895 1929; x_wconf 63' lang='grc' dir='ltr'>μεγαλωσύνη.</span> <span class='ocrx_word' id='word_1_136' title='bbox 949 1864 1110 1929; x_wconf 83' lang='grc' dir='ltr'>ᾐτιᾶτο</span> <span class='ocrx_word' id='word_1_137' title='bbox 1143 1863 1227 1925; x_wconf 73' lang='grc' dir='ltr'>μὲν</span> <span class='ocrx_word' id='word_1_138' title='bbox 1252 1863 1344 1929; x_wconf 77' lang='grc' dir='ltr'>γὰρ</span> <span class='ocrx_word' id='word_1_139' title='bbox 1376 1863 1543 1916; x_wconf 79' lang='grc' dir='ltr'>αὐτοὺς</span> <span class='ocrx_word' id='word_1_140' title='bbox 1570 1865 1594 1913; x_wconf 86' lang='grc' dir='ltr'>ὁ</span> <span class='ocrx_word' id='word_1_141' title='bbox 1621 1866 1702 1926; x_wconf 81' lang='grc' dir='ltr'>τῆς</span> <span class='ocrx_word' id='word_1_142' title='bbox 1735 1863 1910 1927; x_wconf 80' lang='grc' dir='ltr'>ἀγέλης</span> 
     </span>
     <span class='ocr_line' id='line_1_23' title="bbox 325 1942 1911 2010; baseline 0.003 -18"><span class='ocrx_word' id='word_1_143' title='bbox 325 1942 580 2007; x_wconf 84' lang='grc' dir='ltr'>Δεσπότης</span> <span class='ocrx_word' id='word_1_144' title='bbox 644 1943 720 1994; x_wconf 79' lang='grc' dir='ltr'>διὰ</span> <span class='ocrx_word' id='word_1_145' title='bbox 783 1949 1043 2010; x_wconf 82' lang='grc' dir='ltr'>προφητῶν</span> <span class='ocrx_word' id='word_1_146' title='bbox 1107 1945 1254 2010; x_wconf 79' lang='grc' dir='ltr'>ἁγίων</span> <span class='ocrx_word' id='word_1_147' title='bbox 1312 1947 1432 1996; x_wconf 77' lang='grc' dir='ltr'>οὕτω</span> <span class='ocrx_word' id='word_1_148' title='bbox 1495 1945 1649 2010; x_wconf 89' lang='grc' dir='ltr'>λέγων</span> <span class='ocrx_word' id='word_1_149' title='bbox 1712 1943 1818 1995; x_wconf 65' lang='grc' dir='ltr'>αςΩ</span> <span class='ocrx_word' id='word_1_150' title='bbox 1868 1950 1911 1996; x_wconf 81' lang='grc' dir='ltr'>οἱ</span> 
     </span>
     <span class='ocr_line' id='line_1_24' title="bbox 323 2025 1910 2093; baseline 0.003 -19"><span class='ocrx_word' id='word_1_151' title='bbox 323 2030 350 2052; x_wconf 87' lang='grc'><strong>“</strong></span> <span class='ocrx_word' id='word_1_152' title='bbox 375 2025 588 2087; x_wconf 87' lang='grc' dir='ltr'>ποιμένες</span> <span class='ocrx_word' id='word_1_153' title='bbox 628 2030 667 2075; x_wconf 83' lang='grc' dir='ltr'>οἱ</span> <span class='ocrx_word' id='word_1_154' title='bbox 709 2027 1114 2093; x_wconf 73' lang='grc' dir='ltr'>διασκορπίζΟντες</span> <span class='ocrx_word' id='word_1_155' title='bbox 1153 2029 1227 2077; x_wconf 79' lang='grc' dir='ltr'>καὶ</span> <span class='ocrx_word' id='word_1_156' title='bbox 1266 2027 1560 2080; x_wconf 84' lang='grc' dir='ltr'>ἀπολλύντες</span> <span class='ocrx_word' id='word_1_157' title='bbox 1594 2027 1651 2077; x_wconf 80' lang='grc' dir='ltr'>τὰ</span> <span class='ocrx_word' id='word_1_158' title='bbox 1690 2027 1910 2092; x_wconf 78' lang='grc' dir='ltr'>πρόβατα</span> 
     </span>
     <span class='ocr_line' id='line_1_25' title="bbox 321 2108 1981 2177; baseline 0.003 -21"><span class='ocrx_word' id='word_1_159' title='bbox 321 2112 349 2134; x_wconf 86' lang='grc'><strong>“</strong></span> <span class='ocrx_word' id='word_1_160' title='bbox 375 2109 457 2169; x_wconf 80' lang='grc' dir='ltr'>τῆς</span> <span class='ocrx_word' id='word_1_161' title='bbox 491 2110 635 2170; x_wconf 76' lang='grc' dir='ltr'>νομῆς</span> <span class='ocrx_word' id='word_1_162' title='bbox 662 2108 857 2159; x_wconf 76' lang='grc' dir='ltr'>αὑτῶν.”</span> <span class='ocrx_word' id='word_1_163' title='bbox 910 2112 984 2159; x_wconf 82' lang='grc' dir='ltr'>καὶ</span> <span class='ocrx_word' id='word_1_164' title='bbox 1018 2109 1166 2160; x_wconf 81' lang='grc' dir='ltr'>πάλιν</span> <span class='ocrx_word' id='word_1_165' title='bbox 1193 2109 1343 2160; x_wconf 67' lang='grc' dir='ltr'>“”Ότι</span> <span class='ocrx_word' id='word_1_166' title='bbox 1370 2112 1410 2159; x_wconf 80' lang='grc' dir='ltr'>οἱ</span> <span class='ocrx_word' id='word_1_167' title='bbox 1438 2108 1649 2172; x_wconf 85' lang='grc' dir='ltr'>ποιμένες</span> <span class='ocrx_word' id='word_1_168' title='bbox 1683 2110 1906 2177; x_wconf 84' lang='grc' dir='ltr'>ἠφρονεύ-</span> <span class='ocrx_word' id='word_1_169' title='bbox 1932 2137 1981 2161; x_wconf 90' lang='lat'>20</span> 
     </span>
     <span class='ocr_line' id='line_1_26' title="bbox 323 2189 1907 2257; baseline 0.003 -19"><span class='ocrx_word' id='word_1_170' title='bbox 323 2194 349 2216; x_wconf 76' lang='lat'>‘⁶</span> <span class='ocrx_word' id='word_1_171' title='bbox 375 2210 526 2238; x_wconf 91' lang='grc' dir='ltr'>σαντο</span> <span class='ocrx_word' id='word_1_172' title='bbox 553 2191 626 2238; x_wconf 80' lang='grc' dir='ltr'>καὶ</span> <span class='ocrx_word' id='word_1_173' title='bbox 651 2189 733 2239; x_wconf 81' lang='grc' dir='ltr'>τὸν</span> <span class='ocrx_word' id='word_1_174' title='bbox 763 2189 939 2254; x_wconf 83' lang='grc' dir='ltr'>Κύριον</span> <span class='ocrx_word' id='word_1_175' title='bbox 967 2191 1048 2241; x_wconf 84' lang='grc' dir='ltr'>οὐκ</span> <span class='ocrx_word' id='word_1_176' title='bbox 1075 2190 1322 2257; x_wconf 74' lang='grc' dir='ltr'>ἐζήτησαν·</span> <span class='ocrx_word' id='word_1_177' title='bbox 1365 2190 1441 2241; x_wconf 79' lang='grc' dir='ltr'>διὰ</span> <span class='ocrx_word' id='word_1_178' title='bbox 1467 2196 1604 2241; x_wconf 85' lang='grc' dir='ltr'>τοῦτο</span> <span class='ocrx_word' id='word_1_179' title='bbox 1631 2192 1712 2241; x_wconf 85' lang='grc' dir='ltr'>οὐκ</span> <span class='ocrx_word' id='word_1_180' title='bbox 1744 2192 1907 2255; x_wconf 83' lang='grc' dir='ltr'>ἐνόησε</span> 
     </span>
     <span class='ocr_line' id='line_1_27' title="bbox 323 2269 1909 2338; baseline 0.004 -19"><span class='ocrx_word' id='word_1_181' title='bbox 323 2276 350 2298; x_wconf 83' lang='grc'><strong>“</strong></span> <span class='ocrx_word' id='word_1_182' title='bbox 377 2274 514 2320; x_wconf 85' lang='grc' dir='ltr'>πᾶσα</span> <span class='ocrx_word' id='word_1_183' title='bbox 539 2270 565 2333; x_wconf 87' lang='grc' dir='ltr'>ἡ</span> <span class='ocrx_word' id='word_1_184' title='bbox 594 2269 712 2333; x_wconf 80' lang='grc' dir='ltr'>νομὴ</span> <span class='ocrx_word' id='word_1_185' title='bbox 740 2273 814 2320; x_wconf 76' lang='grc' dir='ltr'>καὶ</span> <span class='ocrx_word' id='word_1_186' title='bbox 842 2272 1320 2337; x_wconf 82' lang='grc' dir='ltr'>διεσκορπίσθησαν.”</span> <span class='ocrx_word' id='word_1_187' title='bbox 1373 2271 1696 2338; x_wconf 75' lang='grc' dir='ltr'>ἐπηγγέλλετο</span> <span class='ocrx_word' id='word_1_188' title='bbox 1732 2272 1779 2323; x_wconf 80' lang='grc' dir='ltr'>δὲ</span> <span class='ocrx_word' id='word_1_189' title='bbox 1813 2278 1909 2326; x_wconf 79' lang='grc' dir='ltr'>τοῖς</span> 
     </span>
    </p>
   </div>
   <div class='ocr_carea' id='block_1_10' title="bbox 323 2350 1907 2422">
    <p class='ocr_par' dir='ltr' id='par_1_11' title="bbox 323 2350 1907 2422">
     <span class='ocr_line' id='line_1_28' title="bbox 323 2350 1907 2422; baseline 0.002 -22"><span class='ocrx_word' id='word_1_190' title='bbox 323 2354 384 2404; x_wconf 85' lang='grc' dir='ltr'>εἶς</span> <span class='ocrx_word' id='word_1_191' title='bbox 411 2350 552 2401; x_wconf 80' lang='grc' dir='ltr'>αὐτὸν</span> <span class='ocrx_word' id='word_1_192' title='bbox 577 2352 857 2402; x_wconf 77' lang='grc' dir='ltr'>πιστεύουσι</span> <span class='ocrx_word' id='word_1_193' title='bbox 883 2351 990 2406; x_wconf 75' lang='grc' dir='ltr'>τοὺς</span> <span class='ocrx_word' id='word_1_194' title='bbox 1015 2355 1239 2418; x_wconf 85' lang='grc' dir='ltr'>γνησίους</span> <span class='ocrx_word' id='word_1_195' title='bbox 1265 2355 1501 2422; x_wconf 78' lang='grc' dir='ltr'>ἀναδεῖξαι</span> <span class='ocrx_word' id='word_1_196' title='bbox 1526 2353 1761 2417; x_wconf 85' lang='grc' dir='ltr'>ποιμένας,</span> <span class='ocrx_word' id='word_1_197' title='bbox 1786 2355 1907 2404; x_wconf 80' lang='grc' dir='ltr'>οὕτω</span> 
     </span>
    </p>
   </div>
   <div class='ocr_carea' id='block_1_11' title="bbox 601 2433 614 2449">
    <p class='ocr_par' dir='ltr' id='par_1_12' title="bbox 601 2433 614 2449">
     <span class='ocr_line' id='line_1_29' title="bbox 601 2433 614 2449; baseline 0 0"><span class='ocrx_word' id='word_1_198' title='bbox 601 2433 614 2449; x_wconf 86' lang='grc' dir='ltr'><em>Ι</em></span> 
     </span>
    </p>
   </div>
   <div class='ocr_carea' id='block_1_12' title="bbox 101 2432 1907 2503">
    <p class='ocr_par' dir='ltr' id='par_1_13' title="bbox 101 2432 1907 2503">
     <span class='ocr_line' id='line_1_30' title="bbox 101 2432 1907 2503; baseline 0.002 -22"><span class='ocrx_word' id='word_1_199' title='bbox 101 2448 183 2482; x_wconf 89' lang='grc'>757</span> <span class='ocrx_word' id='word_1_200' title='bbox 201 2446 253 2481; x_wconf 91' lang='grc' dir='ltr'>Α.</span> <span class='ocrx_word' id='word_1_201' title='bbox 283 2432 469 2484; x_wconf 67' lang='grc' dir='ltr'>απάλιν</span> <span class='ocrx_word' id='word_1_202' title='bbox 504 2435 646 2484; x_wconf 84' lang='grc' dir='ltr'>εἶπων</span> <span class='ocrx_word' id='word_1_203' title='bbox 680 2437 819 2484; x_wconf 82' lang='grc' dir='ltr'>“Καῖ</span> <span class='ocrx_word' id='word_1_204' title='bbox 860 2434 1037 2503; x_wconf 73' lang='grc' dir='ltr'>εἰσάξω</span> <span class='ocrx_word' id='word_1_205' title='bbox 1077 2437 1193 2497; x_wconf 81' lang='grc' dir='ltr'>ὑμᾶς</span> <span class='ocrx_word' id='word_1_206' title='bbox 1232 2440 1294 2489; x_wconf 79' lang='grc' dir='ltr'>εἷς</span> <span class='ocrx_word' id='word_1_207' title='bbox 1334 2436 1472 2498; x_wconf 78' lang='grc' dir='ltr'>Σιὼν,</span> <span class='ocrx_word' id='word_1_208' title='bbox 1511 2439 1586 2486; x_wconf 79' lang='grc' dir='ltr'>καὶ</span> <span class='ocrx_word' id='word_1_209' title='bbox 1624 2437 1765 2486; x_wconf 83' lang='grc' dir='ltr'>δώσω</span> <span class='ocrx_word' id='word_1_210' title='bbox 1802 2437 1907 2498; x_wconf 81' lang='grc' dir='ltr'>ὑμῖν</span> 
     </span>
    </p>
   </div>
   <div class='ocr_carea' id='block_1_13' title="bbox 102 2503 218 2585">
    <p class='ocr_par' dir='ltr' id='par_1_14' title="bbox 102 2503 218 2585">
     <span class='ocr_line' id='line_1_31' title="bbox 102 2503 216 2534; baseline 0.009 -2"><span class='ocrx_word' id='word_1_211' title='bbox 102 2503 151 2533; x_wconf 74' lang='grc'>11».</span> <span class='ocrx_word' id='word_1_212' title='bbox 172 2503 216 2534; x_wconf 78' lang='lat' dir='ltr'>iii.</span> 
     </span>
     <span class='ocr_line' id='line_1_32' title="bbox 104 2554 218 2585; baseline 0.009 -9"><span class='ocrx_word' id='word_1_213' title='bbox 104 2554 153 2585; x_wconf 77' lang='lat'>14,</span> <span class='ocrx_word' id='word_1_214' title='bbox 170 2555 218 2585; x_wconf 83' lang='lat'>15.</span> 
     </span>
    </p>
   </div>
   <div class='ocr_carea' id='block_1_14' title="bbox 324 2514 1975 2582">
    <p class='ocr_par' dir='ltr' id='par_1_15' title="bbox 324 2514 1975 2582">
     <span class='ocr_line' id='line_1_33' title="bbox 324 2514 1975 2582; baseline 0 -18"><span class='ocrx_word' id='word_1_215' title='bbox 324 2522 351 2545; x_wconf 76' lang='lat'>‘⁶</span> <span class='ocrx_word' id='word_1_216' title='bbox 376 2514 598 2577; x_wconf 86' lang='grc' dir='ltr'>ποιμένας</span> <span class='ocrx_word' id='word_1_217' title='bbox 642 2515 760 2565; x_wconf 82' lang='grc' dir='ltr'>κατὰ</span> <span class='ocrx_word' id='word_1_218' title='bbox 805 2515 890 2579; x_wconf 84' lang='grc' dir='ltr'>τὴν</span> <span class='ocrx_word' id='word_1_219' title='bbox 934 2518 1128 2582; x_wconf 82' lang='grc' dir='ltr'>καρδίαν</span> <span class='ocrx_word' id='word_1_220' title='bbox 1172 2540 1275 2580; x_wconf 90' lang='grc' dir='ltr'>μου,</span> <span class='ocrx_word' id='word_1_221' title='bbox 1320 2520 1395 2568; x_wconf 76' lang='grc' dir='ltr'>καὶ</span> <span class='ocrx_word' id='word_1_222' title='bbox 1439 2523 1751 2579; x_wconf 78' lang='grc' dir='ltr'>ποιμανοῦσιν</span> <span class='ocrx_word' id='word_1_223' title='bbox 1790 2519 1905 2579; x_wconf 81' lang='grc' dir='ltr'>ὑμᾶς</span> <span class='ocrx_word' id='word_1_224' title='bbox 1928 2537 1975 2575; x_wconf 88' lang='lat'>25</span> 
     </span>
    </p>
   </div>
   <div class='ocr_carea' id='block_1_15' title="bbox 325 2597 1900 2663">
    <p class='ocr_par' dir='ltr' id='par_1_16' title="bbox 325 2597 1900 2663">
     <span class='ocr_line' id='line_1_34' title="bbox 325 2597 1900 2663; baseline 0.001 -16"><span class='ocrx_word' id='word_1_225' title='bbox 325 2603 351 2626; x_wconf 75' lang='lat'>‘⁶</span> <span class='ocrx_word' id='word_1_226' title='bbox 377 2597 698 2659; x_wconf 82' lang='grc' dir='ltr'>ποιμαίνοντες</span> <span class='ocrx_word' id='word_1_227' title='bbox 749 2602 845 2660; x_wconf 83' lang='grc' dir='ltr'>μετ’</span> <span class='ocrx_word' id='word_1_228' title='bbox 897 2599 1205 2663; x_wconf 81' lang='grc' dir='ltr'>ἐπιστήμης.”</span> <span class='ocrx_word' id='word_1_229' title='bbox 1281 2600 1398 2653; x_wconf 82' lang='grc' dir='ltr'>τίνες</span> <span class='ocrx_word' id='word_1_230' title='bbox 1449 2598 1496 2650; x_wconf 78' lang='grc' dir='ltr'>δὲ</span> <span class='ocrx_word' id='word_1_231' title='bbox 1549 2599 1673 2650; x_wconf 75' lang='grc' dir='ltr'>οὗτοι</span> <span class='ocrx_word' id='word_1_232' title='bbox 1721 2597 1900 2660; x_wconf 84' lang='grc' dir='ltr'>πάλιν;</span> 
     </span>
    </p>
   </div>
   <div class='ocr_carea' id='block_1_16' title="bbox 325 2779 1904 2968">
    <p class='ocr_par' dir='ltr' id='par_1_17' title="bbox 325 2779 1904 2968">
     <span class='ocr_line' id='line_1_35' title="bbox 375 2779 1904 2828; baseline 0.002 -13"><span class='ocrx_word' id='word_1_233' title='bbox 375 2792 404 2815; x_wconf 93' lang='lat'>1.</span> <span class='ocrx_word' id='word_1_234' title='bbox 430 2779 490 2824; x_wconf 83' lang='grc' dir='ltr'>τὴν</span> <span class='ocrx_word' id='word_1_235' title='bbox 507 2780 542 2813; x_wconf 87' lang='grc' dir='ltr'>ἐν</span> <span class='ocrx_word' id='word_1_236' title='bbox 558 2780 672 2815; x_wconf 81' lang='grc' dir='ltr'>αὐτοῖς</span> <span class='ocrx_word' id='word_1_237' title='bbox 688 2782 758 2816; x_wconf 81' lang='grc' dir='ltr'>τοῖς</span> <span class='ocrx_word' id='word_1_238' title='bbox 777 2780 817 2814; x_wconf 90' lang='lat' dir='ltr'>C.</span> <span class='ocrx_word' id='word_1_239' title='bbox 837 2781 939 2825; x_wconf 77' lang='grc' dir='ltr'>αὐτὴν</span> <span class='ocrx_word' id='word_1_240' title='bbox 956 2781 1015 2826; x_wconf 84' lang='grc' dir='ltr'>τὴν</span> <span class='ocrx_word' id='word_1_241' title='bbox 1032 2782 1066 2816; x_wconf 82' lang='grc' dir='ltr'>ἐν</span> <span class='ocrx_word' id='word_1_242' title='bbox 1085 2782 1176 2816; x_wconf 90' lang='lat' dir='ltr'>Edd.</span> <span class='ocrx_word' id='word_1_243' title='bbox 1460 2784 1492 2816; x_wconf 88' lang='lat'>6.</span> <span class='ocrx_word' id='word_1_244' title='bbox 1518 2782 1631 2828; x_wconf 85' lang='grc' dir='ltr'>φωνὴ]</span> <span class='ocrx_word' id='word_1_245' title='bbox 1656 2786 1692 2822; x_wconf 75' lang='lat'>-†-</span> <span class='ocrx_word' id='word_1_246' title='bbox 1712 2784 1843 2828; x_wconf 84' lang='grc' dir='ltr'>μεγάλη</span> <span class='ocrx_word' id='word_1_247' title='bbox 1864 2784 1904 2819; x_wconf 91' lang='lat' dir='ltr'>C.</span> 
     </span>
     <span class='ocr_line' id='line_1_36' title="bbox 326 2825 1903 2871; baseline 0.003 -10"><span class='ocrx_word' id='word_1_248' title='bbox 326 2835 356 2871; x_wconf 84' lang='lat'>7.</span> <span class='ocrx_word' id='word_1_249' title='bbox 383 2829 442 2860; x_wconf 85' lang='grc' dir='ltr'>τοῦ</span> <span class='ocrx_word' id='word_1_250' title='bbox 460 2838 531 2861; x_wconf 89' lang='lat' dir='ltr'>om.</span> <span class='ocrx_word' id='word_1_251' title='bbox 550 2825 642 2860; x_wconf 83' lang='lat' dir='ltr'>Edd.</span> <span class='ocrx_word' id='word_1_252' title='bbox 660 2827 770 2861; x_wconf 86' lang='lat' dir='ltr'>invito</span> <span class='ocrx_word' id='word_1_253' title='bbox 789 2826 830 2862; x_wconf 91' lang='lat' dir='ltr'>C.</span> <span class='ocrx_word' id='word_1_254' title='bbox 1217 2829 1251 2862; x_wconf 88' lang='lat'>8.</span> <span class='ocrx_word' id='word_1_255' title='bbox 1277 2829 1312 2863; x_wconf 84' lang='grc' dir='ltr'>ἐν</span> <span class='ocrx_word' id='word_1_256' title='bbox 1329 2840 1398 2863; x_wconf 91' lang='lat' dir='ltr'>om.</span> <span class='ocrx_word' id='word_1_257' title='bbox 1419 2828 1510 2862; x_wconf 84' lang='lat' dir='ltr'><strong>Edd.</strong></span> <span class='ocrx_word' id='word_1_258' title='bbox 1575 2830 1619 2864; x_wconf 80' lang='grc' dir='ltr'>ὡς</span> <span class='ocrx_word' id='word_1_259' title='bbox 1638 2829 1730 2863; x_wconf 88' lang='lat' dir='ltr'><strong>C.D.</strong></span> <span class='ocrx_word' id='word_1_260' title='bbox 1749 2831 1794 2864; x_wconf 78' lang='grc' dir='ltr'>ὧν</span> <span class='ocrx_word' id='word_1_261' title='bbox 1812 2831 1903 2865; x_wconf 86' lang='lat' dir='ltr'><strong>Edd.</strong></span> 
     </span>
     <span class='ocr_line' id='line_1_37' title="bbox 327 2872 1903 2920; baseline 0.004 -14"><span class='ocrx_word' id='word_1_262' title='bbox 327 2885 380 2915; x_wconf 76' lang='lat'>14.</span> <span class='ocrx_word' id='word_1_263' title='bbox 405 2873 700 2917; x_wconf 82' lang='grc' dir='ltr'>περιφανεστάτην</span> <span class='ocrx_word' id='word_1_264' title='bbox 719 2872 758 2907; x_wconf 87' lang='lat' dir='ltr'>C.</span> <span class='ocrx_word' id='word_1_265' title='bbox 1137 2884 1189 2920; x_wconf 87' lang='lat'>15.</span> <span class='ocrx_word' id='word_1_266' title='bbox 1217 2875 1252 2909; x_wconf 81' lang='grc' dir='ltr'>δέ</span> <span class='ocrx_word' id='word_1_267' title='bbox 1272 2874 1311 2909; x_wconf 87' lang='lat' dir='ltr'>C.</span> <span class='ocrx_word' id='word_1_268' title='bbox 1329 2875 1394 2920; x_wconf 81' lang='grc' dir='ltr'>γὰρ</span> <span class='ocrx_word' id='word_1_269' title='bbox 1413 2873 1503 2910; x_wconf 81' lang='lat' dir='ltr'><strong>Edd.</strong></span> <span class='ocrx_word' id='word_1_270' title='bbox 1554 2876 1728 2909; x_wconf 81' lang='lat' dir='ltr'>Neutrum</span> <span class='ocrx_word' id='word_1_271' title='bbox 1748 2877 1851 2911; x_wconf 77' lang='lat' dir='ltr'>habet</span> <span class='ocrx_word' id='word_1_272' title='bbox 1870 2878 1903 2913; x_wconf 89' lang='lat' dir='ltr'>b.</span> 
     </span>
     <span class='ocr_line' id='line_1_38' title="bbox 325 2919 1902 2968; baseline 0.005 -17"><span class='ocrx_word' id='word_1_273' title='bbox 325 2929 379 2952; x_wconf 83' lang='lat'>22.</span> <span class='ocrx_word' id='word_1_274' title='bbox 405 2919 718 2963; x_wconf 84' lang='grc' dir='ltr'>διεσκορπίσθησαν</span> <span class='ocrx_word' id='word_1_275' title='bbox 737 2919 777 2954; x_wconf 90' lang='lat' dir='ltr'>C.</span> <span class='ocrx_word' id='word_1_276' title='bbox 797 2920 1043 2965; x_wconf 85' lang='grc' dir='ltr'>διεσκορπίσθη</span> <span class='ocrx_word' id='word_1_277' title='bbox 1063 2920 1154 2955; x_wconf 90' lang='lat' dir='ltr'><strong>Edd.</strong></span> <span class='ocrx_word' id='word_1_278' title='bbox 1601 2933 1653 2967; x_wconf 82' lang='lat'>23.</span> <span class='ocrx_word' id='word_1_279' title='bbox 1673 2922 1841 2968; x_wconf 76' lang='grc' dir='ltr'>ἀναδεῖξαι</span> <span class='ocrx_word' id='word_1_280' title='bbox 1861 2924 1902 2959; x_wconf 89' lang='lat' dir='ltr'>C.</span> 
     </span>
    </p>
   </div>
   <div class='ocr_carea' id='block_1_17' title="bbox 323 2964 1366 3013">
    <p class='ocr_par' dir='ltr' id='par_1_18' title="bbox 323 2964 1366 3013">
     <span class='ocr_line' id='line_1_39' title="bbox 323 2964 1366 3013; baseline 0.005 -16"><span class='ocrx_word' id='word_1_281' title='bbox 323 2964 508 3008; x_wconf 76' lang='grc' dir='ltr'>ἀναδείξειν</span> <span class='ocrx_word' id='word_1_282' title='bbox 525 2964 585 3000; x_wconf 79' lang='lat' dir='ltr'>iid.</span> <span class='ocrx_word' id='word_1_283' title='bbox 824 2966 879 3001; x_wconf 84' lang='lat'>26.</span> <span class='ocrx_word' id='word_1_284' title='bbox 905 2968 1008 3002; x_wconf 88' lang='grc' dir='ltr'>πάλιν</span> <span class='ocrx_word' id='word_1_285' title='bbox 1024 2973 1246 3013; x_wconf 78' lang='lat' dir='ltr'>assumptum</span> <span class='ocrx_word' id='word_1_286' title='bbox 1264 2979 1305 3002; x_wconf 82' lang='lat' dir='ltr'>ex</span> <span class='ocrx_word' id='word_1_287' title='bbox 1325 2967 1366 3002; x_wconf 91' lang='lat' dir='ltr'>C.</span> 
     </span>
    </p>
   </div>
  </div>
 </body>
</html>
