1997 3361
92 164 173 215 i.7.
538 165 609 206 IN
652 166 927 206 ABACUC.
988 164 1138 206 ῚὈΜ.
1173 165 1207 204 I.
1611 164 1663 202 77

90 274 172 324 τὰς
213 278 295 324 τοῦ
326 274 538 337 πολέμου
576 276 747 341 χρείας,
784 277 941 343 ῥᾷστα
978 274 1035 324 ἂν
1066 272 1195 338 οἶμαί
1228 295 1319 323 που
1354 268 1665 336 κατορθώσειε

89 354 143 405 τὸ
187 360 282 408 τοῖς
318 361 581 419 πολεμοῦσι
623 359 806 421 δοκοῦν,
845 360 919 408 καὶ
953 355 1191 422 περιέσται
1225 353 1393 423 ῥᾳδίως
1431 357 1524 403 τῶν
1558 354 1665 401 άντ-

89 438 374 488 ανίστασθαι
419 440 850 504 προτεθυμημένων.
931 438 1084 502 ἐπειδὴ
1135 437 1182 488 δὲ
1232 440 1279 488 ἐν
1329 436 1419 487 ε”θει
1468 433 1525 498 ἧν
1573 437 1667 486 τοῖς

91 521 410 580 Βαβυλωνίοις
445 521 547 571 οὕτε
585 521 699 572 οἴκοι
734 522 884 584 μένειν
919 523 1000 582 ἀεὶ,
1033 522 1135 572 οὕτε
1174 519 1266 584 μήν
1304 523 1479 586 σφισιν
1513 517 1667 569 αὐτοῖς

48 601 407 664 5ἐπαμύνοντας
443 607 537 653 τῶν
570 603 792 654 ἐπιόντων
827 604 981 656 αὐτοῖς
1019 600 1293 653 ἀνακόπτειν
1331 599 1542 668 ἐφόδους,
1582 623 1663 650 κα-
1688 609 1713 647 b

90 683 390 750 τευρύνεσθαι
425 683 474 734 δὲ
505 682 666 751 ὥσπερ
699 687 781 749 τῆς
814 687 900 750 γῆς
937 685 1140 747 ἀπάσης,
1176 685 1250 734 καὶ
1289 684 1550 750 καταδῃοῦν
1584 681 1668 735 τὰς

90 766 270 831 ἑτερων,
317 768 392 816 καὶ
435 770 611 832 κλῆρον
651 769 719 817 ἀεὶ
760 771 995 818 ποιεῖσθαι
1047 770 1203 834 φιλεῖν
1253 765 1312 816 τὰ
1362 765 1460 816 κατ’
1507 763 1668 815 οὐδένα

93 848 265 914 τρόπον
312 849 464 902 αὐτοῖς
514 848 824 914 ἁρμόττοντα,
869 851 1022 916 φησὶν
1072 847 1334 913 ἀναγκαίως
1381 846 1427 897 τὶ
1471 846 1574 901 ἔθνος
1622 846 1666 897 το

91 932 355 1000 πορευόμενον
407 933 479 982 ἐπὶ
529 931 588 982 τοι
638 930 795 991 πλάτη
844 929 919 990 τ’ἧς
968 929 1052 996 ’γῆς
1103 933 1173 981 τοῦ
1225 928 1667 998 κατακληρονομῆσοιι

26 1037 72 1061 10
91 1013 366 1081 σκηνώματα,
393 1017 468 1064 οὐκ
500 1015 640 1064 αὐτοῦ.
693 1018 826 1081 φιλεῖ
851 1011 958 1078 γὰρ,
986 1014 1047 1066 ὡς
1082 1012 1215 1080 ἔφην,
1241 1016 1340 1065 ταῖς
1374 1016 1469 1062 τῶν
1504 1010 1670 1061 ἄλλων

89 1095 262 1163 χώραις
289 1096 626 1158 ἐπιμαίνεσθαι,
653 1095 726 1144 ἀεί
748 1117 797 1145 τε
821 1093 906 1159 τὴν
931 1094 1095 1145 ἑαυτοῦ
1119 1093 1406 1159 κατευρύνειν
1434 1091 1596 1160 ἀρχήν.

162 1175 439 1228 Πεπόνθασι
474 1176 527 1226 δέ
559 1199 603 1226 τι
640 1182 848 1227 τοιοῦτον
894 1175 1336 1242 κυριοκτονήσαντες
1371 1178 1413 1226 οἱ
1438 1175 1667 1225 Ἰουδαῖοι·

90 1259 236 1310 καίτοι
267 1258 359 1325 γὰρ
394 1259 501 1328 ἐξὸν
540 1258 761 1322 νέμεσθαι
799 1257 885 1323 τὴν
924 1259 1100 1309 ἑαυτῶν
1144 1257 1402 1321 ἀνειμένως,
1444 1259 1669 1307 καταθλί-

90 1346 257 1401 βοντος
285 1341 480 1404 οὐδενὸς,
507 1342 719 1392 δέδονται
749 1345 844 1395 τοῖς
878 1339 1202 1406 κεκρατηκόσι,
1227 1342 1303 1390 καὶ
1340 1337 1427 1390 ὑπὸ
1463 1337 1672 1401 δασμοὺς
1692 1366 1713 1391 0

27 1443 73 1482 15
92 1426 167 1473 καὶ
213 1422 324 1487 τέλη
373 1422 617 1489 γεγόνασι,
667 1426 742 1474 καὶ
793 1424 882 1475 ὑπὸ
932 1426 1155 1490 σκῆπτρα
1203 1423 1426 1473 τέθεινται
1468 1425 1562 1472 τῶν
1604 1423 1673 1471 ἀεὶ

92 1506 493 1572 κατευρυνομένων
534 1509 610 1556 καὶ
655 1505 956 1570 νενικηκότων
995 1504 1188 1557 ἅπασαν
1226 1503 1311 1568 τὴν
1346 1504 1419 1555 ὑπ’
1457 1503 1670 1569 οὐρανόν.

92 1587 415 1651 ἀποσειόμενοι
440 1587 533 1654 γὰρ
569 1589 697 1639 αὐτοὶ
731 1588 784 1639 τὸ
821 1587 911 1639 ὑπὸ
936 1590 1135 1656 Χριστῷ
1161 1586 1518 1649 βασιλεύεσθαι,
1544 1587 1671 1653 διαῤ-

91 1669 237 1736 ῥήδην
263 1670 451 1738 ἔφασαν
478 1678 504 1700 “
525 1671 630 1722 Οὐκ
656 1670 820 1738 ε”χομεν
843 1669 1052 1731 βασιλέα
1077 1673 1115 1720 εὶ
1141 1668 1206 1733 μὴ
1236 1669 1506 1735 Καίσαρα.”
1732 1675 1881 1750 ξίχῦἳῆὓ·

143 1751 323 1803 Ἰστέον
343 1751 390 1803 δὲ
416 1752 486 1803 ὅτι
511 1754 585 1803 καὶ
612 1752 862 1819 ἀνθρώπου
881 1751 1016 1821 ψυχὴ
1041 1753 1149 1817 παρ’
1171 1750 1302 1802 οὐδὲν
1326 1750 1433 1804 τοὺς
1460 1749 1608 1804 θείους
1634 1752 1670 1800 εἰ
1790 1744 1797 1751 ”
1835 1728 1865 1759 ⁵⁶

27 1860 76 1885 20
93 1839 270 1885 ποιοῖτο
296 1833 477 1898 νόμους,
502 1834 591 1886 ὑπὸ
623 1834 863 1901 τυράννοις
891 1838 1070 1901 πικροῖς
1102 1833 1248 1895 ἔσται,
1274 1838 1369 1887 τοῖς
1394 1832 1672 1899 ἀκαθάρτοις

94 1915 302 1979 δαίμοσι,
351 1919 427 1967 καὶ
477 1918 720 1968 δουλεύσει
771 1916 996 1981 δυνάμεσι
1036 1919 1274 1982 πονηραῖς,
1315 1917 1383 1966 ἀεὶ
1433 1914 1671 1984 διψώσαις

97 2002 372 2067 κληρονομεῖν
414 1998 472 2049 τὰ
523 2003 598 2051 οὐκ
649 2003 799 2051 αὐτῶν
848 1998 1138 2067 σκηνῶμωτον
1195 2001 1319 2048 Θεοῦ
1368 1996 1462 2063 γὰρ
1513 1998 1537 2048 ὁ
1589 1996 1715 2047 div-d

95 2083 295 2145 θρωπος·
336 2085 539 2131 κατοικεῖ
567 2080 660 2147 γὰρ
692 2083 740 2133 ἐν
774 2082 940 2147 ἁγίοις,
969 2082 1044 2132 καὶ
1077 2084 1177 2134 ταῖς
1202 2083 1296 2131 τῶν
1322 2079 1467 2130 ὁσίων
1492 2082 1670 2148 ψυχαῖς

94 2161 392 2227 ἐναυλίζεται.

29 2356 76 2393 25
98 2346 287 2403 Φοβερὸο
323 2348 389 2388 καὶ
427 2348 638 2403 ἐπιφανής
676 2348 800 2390 ἐστιν·
840 2348 884 2391 ἐξ
912 2348 1040 2389 αὐτοῦ
1063 2348 1110 2390 τὸ
1138 2345 1263 2405 κρῖμα
1291 2347 1418 2388 αὐτοῦ
1441 2346 1572 2396 ἔσται,
1600 2346 1667 2386 καὶ
1690 2352 1708 2391 7

162 2429 209 2470 τὸ
235 2433 380 2478 λεῖμμα
407 2431 536 2472 αὐτοῦ
559 2431 605 2474 ἐξ
632 2431 759 2472 αὐτοῦ
782 2431 1066 2474 ἐξελεύσεται.

159 2536 383 2589 Μέτεισιν
407 2540 432 2590 ὁ
458 2538 604 2605 λόγος
629 2541 704 2591 ἐπὶ
728 2538 810 2591 τὸν
835 2545 917 2591 τοῦ
943 2540 1100 2594 ἔθνους
1127 2538 1393 2605 ἡγούμενον,
1414 2537 1669 2601 τουτέστιν,

145 2701 175 2725 1.
199 2705 266 2725 που
282 2696 502 2736 assumptum
519 2703 560 2726 ex
579 2691 673 2726 B.D.
814 2701 847 2735 3.
872 2689 912 2733 ἢν
929 2690 964 2724 ἐν
980 2690 1048 2724 ἔθει
1064 2690 1202 2724 inverso
1219 2688 1339 2723 ordine
1357 2688 1404 2724 D.
1545 2701 1578 2731 4.
1603 2687 1669 2732 μήν

94 2749 165 2771 om.
184 2737 232 2772 D.
489 2738 520 2772 6.
546 2738 679 2782 ἁπάσης
694 2739 752 2781 τῆς
768 2738 829 2783 γῆς
845 2737 982 2771 inverso
999 2737 1120 2771 ordine
1139 2737 1185 2770 D.
1436 2745 1489 2769 10.
1513 2735 1590 2771 ἔθος
1605 2747 1668 2780 pro

94 2784 182 2827 ἕφην
200 2784 246 2817 D.
310 2785 381 2819 ταῖς
397 2791 619 2830 assumptum
636 2797 678 2820 ex
696 2785 790 2819 B.D.
1019 2794 1072 2818 ΙΙ.
1098 2780 1347 2827 ἐπιμαίνεσθαι]
1368 2781 1555 2817 ἐπικεῖσθαι
1574 2782 1666 2817 Edd.

96 2830 202 2876 ἀρχὴν
219 2844 349 2873 κατευρ.
368 2831 438 2865 inv.
456 2831 532 2866 ord.
552 2832 599 2867 D.
744 2842 796 2865 12.
817 2831 848 2864 οἶ
866 2836 1086 2874 assumptum
1103 2841 1145 2863 ex
1164 2830 1209 2863 D.
1354 2838 1407 2871 15.
1429 2830 1600 2874 σκῆπτρον
1618 2829 1666 2862 D.

100 2876 152 2911 16.
179 2879 291 2911 πᾶσαν
311 2877 356 2910 D.
670 2887 722 2923 17.
748 2892 798 2911 τοι
817 2889 879 2921 pro
896 2877 989 2910 αὐτοὶ
1009 2876 1055 2910 D.
1388 2876 1440 2910 18.
1462 2873 1601 2920 ἔφησαν
1619 2876 1666 2910 D.

99 2934 154 2957 20.
179 2925 309 2958 ποιοῖτο
328 2924 370 2957 Β.
387 2926 514 2959 ποιεῖτο
533 2924 580 2959 D.
598 2925 722 2960 τιθεῖτο
740 2924 832 2958 Edd.
879 2922 976 2957 ἔσται
993 2924 1123 2967 πικροῖς
1139 2922 1210 2956 inv.
1228 2921 1303 2958 ord.
1320 2922 1367 2958 D.
1463 2934 1518 2968 23.
1537 2923 1602 2968 γὰρ
1618 2922 1666 2957 D.

98 2972 179 3015 γοῦν
198 2970 288 3004 Edd.
337 2974 402 3005 τῶν
418 2982 487 3005 om.
508 2970 553 3006 D.
744 2981 798 3015 25.
823 2969 921 3005 ἔσται
939 2981 1008 3004 om.
1029 2969 1121 3003 Edd.
1140 2969 1260 3014 (153.)
