2001 3361
301 203 376 236 754

298 319 422 362 Venti,
444 333 510 368 pro
530 321 699 368 partibus
720 321 861 362 mundi,
884 321 1059 357 dicuntur
1093 330 1095 333 '

358 389 427 423 701
454 399 496 428 a;
534 398 606 433 quo
633 397 743 422 sensu
769 384 853 422 Deo
882 386 1058 422 assistant

353 454 424 487 701
451 450 485 486 b.

296 514 550 557 Ventriculus,
579 514 735 556 hostiae,
763 514 970 551 affectionis
999 514 1054 550 in-

348 580 461 615 timae
504 579 728 628 symbolum,
767 578 851 616 Deo
890 579 1055 615 oblatum

351 646 426 680 835
449 657 481 680 a.

293 708 496 751 Venturus,
517 708 646 745 titulus
668 707 809 744 Christi
830 711 906 745 533
928 707 962 743 b.

292 772 435 814 Venus,
485 773 553 810 sub
600 773 751 809 nomine
798 772 983 814 Astartes,
1033 785 1054 808 a

344 838 498 874 ,Iudaeis
519 838 618 875 culta
640 840 687 875 78
709 838 754 883 b3
787 840 836 874 86
858 850 887 873 c.

291 902 369 938 Ver
394 916 461 950 pro
491 903 706 952 regionibus
735 902 881 950 frigidis
911 901 1052 938 dictum

350 970 426 1005 303
449 968 484 1005 b.

290 1035 467 1071 VERBUM
503 1034 592 1074 Dm,
629 1034 847 1076 Cnais'rus,
886 1032 923 1067 in
961 1036 1052 1079 typo

345 1100 446 1136 Osca
524 1111 681 1134 uxorem
762 1096 1050 1133 fornicationum

345 1164 526 1200 sumentis
588 1176 664 1199 non
730 1161 1052 1210 praesignificatus

348 1232 394 1265 12
410 1230 454 1275 d;
488 1228 602 1264 Panis
618 1228 827 1264 animorum
843 1232 900 1262 est
916 1228 989 1262 194
1005 1225 1049 1270 b;

345 1297 421 1332 339
439 1307 483 1340 c3
515 1293 618 1330 Deus
639 1305 755 1340 quum
776 1292 909 1332 fuerat,
926 1290 1048 1326 homi-

342 1372 428 1394 nem
442 1358 574 1397 induit‚
589 1363 735 1393 torrens
745 1356 896 1392 Gratiae
909 1355 1049 1391 factum

342 1430 399 1459 est
421 1426 510 1464 224,
534 1424 609 1459 760
630 1423 681 1468 b3
710 1434 796 1458 vere
823 1420 940 1462 Deus,
962 1432 1048 1456 vere

342 1487 456 1523 homo
484 1489 561 1524 550
583 1487 633 1532 d3
667 1486 834 1522 omnium
864 1485 1047 1521 bonorum

342 1558 472 1588 auctor
514 1557 571 1587 est
615 1551 804 1587 Ecclesiae
844 1551 917 1586 621
957 1549 1046 1595 de3

341 1617 409 1652 Dei
438 1615 663 1664 Unigenitus
689 1621 745 1650 est
775 1614 888 1650 Filius
915 1615 990 1650 760
1012 1613 1045 1648 b.

344 1678 457 1731 [Vide
478 1677 681 1730 Christus]

286 1746 451 1781 Verbum
479 1745 560 1785 Dei,
589 1757 657 1793 pro
686 1744 927 1780 Revelatione
955 1744 1044 1779 Pro-

339 1811 461 1858 phetis
500 1811 586 1846 data
625 1810 764 1845 dictum
804 1812 850 1844 10
885 1821 924 1853 c;
970 1821 1043 1844 non

339 1875 455 1911 cuivis
516 1875 800 1922 intelligendum
863 1876 934 1909 196
995 1873 1042 1918 b,

340 1940 509 1987 superbis
538 1940 702 1975 clausum
735 1939 912 1974 modestis
942 1944 1044 1986 patet

344 2006 416 2040 196
444 2018 489 2049 c3
524 2004 664 2040 bellicis
692 2004 865 2052 operibus
892 2016 1040 2050 compa-

339 2076 442 2104 ratur
472 2071 547 2105 217
571 2069 607 2110 d,
638 2068 715 2116 igni
747 2071 822 2104 217
854 2080 885 2109 e,
908 2068 1043 2104 malleo

339 2136 415 2170 218
455 2146 500 2178 a;
558 2134 760 2169 Adamanti
807 2140 1043 2181 comparatur

340 2200 415 2234 325
438 2198 481 2243 d;
519 2198 676 2234 Gladius
706 2198 944 2241 Sanctorum,
976 2200 1043 2234 As-

339 2264 457 2311 syrios
509 2268 768 2310 superaturum
820 2263 1042 2299 describitur

340 2331 415 2364 439
437 2341 478 2371 e;
510 2331 587 2364 440
608 2328 652 2373 1);
689 2328 761 2362 rori
782 2334 1041 2375 comparatum

339 2396 411 2429 441
446 2393 490 2437 b;
531 2393 659 2440 gregis
692 2391 832 2428 Christi
866 2393 1042 2440 pabulum

339 2460 411 2493 441
437 2470 477 2502 c;
514 2458 706 2504 scriptum,
735 2457 813 2505 igni
841 2457 1041 2505 gladioque

336 2529 574 2569 comparatur
591 2524 663 2558 778
682 2521 744 2556 cd.
787 2518 900 2571 [Vide
917 2523 1039 2571 Scrip-

335 2583 470 2636 turae]

283 2650 444 2691 Veritas,
483 2651 641 2687 tacendo
680 2650 839 2687 violatur
881 2654 954 2688 154
993 2664 1039 2698 ος

335 2715 542 2763 Evangelii,
579 2715 733 2751 Graecis
765 2715 900 2751 fabulis
933 2728 1039 2763 prae-

335 2779 492 2815 stantior
527 2782 602 2816 313
635 2780 658 2815 d
675 2792 685 2825 3
724 2779 924 2827 discipulos
954 2793 1039 2816 suos

333 2843 516 2880 illuminat
548 2847 622 2880 314
645 2857 691 2890 a3
725 2845 761 2880 in
790 2844 884 2886 Deo,
911 2851 947 2881 et
973 2857 1038 2892 per

334 2908 453 2944 Deum
480 2909 727 2956 loquentibus,
749 2911 868 2947 solum
894 2911 1034 2947 inveni-

335 2979 392 3008 tur
425 2977 499 3011 420
531 2988 574 3020 c3
620 2989 728 3023 quam
769 2977 815 3012 sit
854 2977 1036 3025 religiosis

828 201 1039 236 INDEX
1099 201 1343 237 RERUM.

1752 215 1884 238 VENTI.

1183 321 1392 357 necessaria
1438 323 1513 358 724
1553 335 1598 367 c3
1653 322 1690 357 in
1736 321 1888 358 Christo

1183 384 1304 421 solum
1326 390 1382 421 est
1406 388 1481 422 725
1499 398 1545 431 a3
1576 385 1613 421 in
1634 386 1737 435 Lege
1758 386 1887 422 adum-

1180 450 1298 491 brata,
1365 450 1402 485 in
1470 449 1624 486 Christo
1690 450 1889 487 Incarnata

1182 517 1257 551 837
1279 527 1300 550 c
1317 514 1353 549 d.

1124 578 1390 628 VespasianuS,
1404 579 1479 615 irae
1496 579 1653 615 Divinae
1668 580 1706 614 in
1723 579 1746 615 J
1751 579 1887 616 udaeos

1177 644 1249 680 fuit
1285 644 1455 681 minister
1493 647 1570 681 416
1608 645 1656 690 b3
1703 644 1886 681 Judaeam

1177 713 1354 753 vastator,
1376 708 1587 756 praedictus
1610 711 1685 745 703
1707 721 1737 744 c.

1125 772 1373 815 Vestibulum,
1413 785 1479 821 pro
1524 778 1678 821 peccato
1722 772 1883 821 publico,

1175 849 1296 885 poena
1319 837 1480 885 publica,
1502 837 1756 886 metaphorice
1777 850 1883 873 usur-

1175 909 1285 950 patur
1319 905 1395 939 586
1429 916 1478 949 a3
1527 904 1566 939 in
1604 904 1885 952 expugnatione

1175 968 1335 1010 urbium,
1402 969 1627 1005 clamoribus
1690 982 1885 1006 caesorum

1176 1038 1284 1069 sonat
1323 1035 1398 1070 587
1435 1045 1456 1069 a
1491 1030 1617 1084 [Virg.
1653 1033 1741 1069 AEn.
1778 1032 1883 1085 11.];

1175 1111 1287 1146 quare
1335 1099 1383 1134 sit
1433 1105 1561 1146 aptum
1612 1100 1884 1146 persecutionis

1175 1163 1385 1211 symbolum
1409 1166 1484 1200 773
1506 1176 1552 1209 c3
1584 1167 1659 1200 774
1680 1164 1750 1200 bc.

1119 1226 1368 1268 Vestimenta,
1422 1240 1494 1274 quo
1545 1239 1656 1263 sensu
1705 1234 1726 1247 ‘¹
1743 1228 1880 1265 discin-

1173 1292 1326 1328 denda”
1345 1295 1421 1329 219
1439 1305 1480 1338 c3
1512 1293 1767 1336 sacerdotalia,
1788 1306 1880 1343 neg-

1172 1358 1269 1393 lecta
1297 1370 1318 1393 a
1346 1357 1501 1393 Judaeis
1532 1360 1609 1395 584
1637 1358 1687 1404 d3
1724 1360 1802 1395 609
1831 1359 1880 1406 d3

1172 1420 1428 1457 ministrorum
1478 1421 1688 1470 Evangelii,
1734 1435 1880 1459 morum

1172 1487 1360 1531 sanctitas,
1375 1493 1412 1523 et
1426 1487 1501 1523 vita
1514 1487 1742 1535 Evangelica
1756 1489 1832 1524 586
1843 1500 1879 1533 c;

1173 1552 1433 1594 Sacerdotum,
1451 1554 1619 1601 quamvis
1641 1559 1782 1594 sancta,
1804 1566 1880 1589 non

1171 1624 1274 1653 tactu
1296 1629 1364 1653 suo
1390 1630 1449 1652 res
1477 1618 1566 1653 alias
1594 1618 1876 1654 sanctificabant

1172 1682 1248 1716 644
1280 1693 1324 1727 e3
1365 1683 1441 1717 645
1475 1694 1496 1716 a
1519 1682 1569 1726 b;
1613 1682 1772 1723 sordida,
1807 1682 1875 1717 im-

1170 1746 1373 1782 munditiae
1397 1752 1519 1793 typus,
1544 1758 1647 1793 pura,
1669 1746 1877 1782 sanctitatis

1171 1811 1245 1844 674
1278 1821 1296 1844 c
1318 1821 1362 1854 e3
1409 1808 1675 1851 sacerdotalia,
1707 1821 1799 1856 quos
1829 1809 1876 1845 ad

1169 1886 1261 1909 usus
1282 1874 1445 1909 serviant
1467 1875 1542 1909 837
1565 1886 1586 1909 a
1602 1873 1636 1909 b.

1115 1939 1220 1979 Viae,
1252 1938 1483 1974 Judaeorum
1517 1938 1696 1983 desertae,
1730 1937 1872 1974 desola-

1167 2005 1307 2040 tionem
1329 2004 1454 2052 populi
1474 2003 1687 2039 indicabant
1709 2005 1781 2040 611
1807 2004 1843 2040 d.

1114 2068 1249 2109 Vicini,
1281 2068 1470 2104 Samariae
1501 2073 1631 2115 captae
1663 2067 1873 2108 irridentes.

1167 2135 1366 2170 irridentur
1386 2133 1490 2181 quasi
1514 2133 1677 2168 vicissim
1704 2133 1875 2181 capiendi

1168 2202 1244 2235 400
1265 2199 1309 2243 b3
1347 2201 1418 2234 401
1445 2210 1485 2243 a3
1524 2197 1770 2240 Judaeorum,
1802 2198 1871 2235 im-

1166 2263 1329 2298 minente
1363 2263 1538 2310 periculo,
1575 2275 1724 2310 semper
1761 2262 1873 2298 fidem

1164 2329 1342 2365 fallebant
1370 2331 1445 2365 459
1468 2342 1508 2370 e;
1543 2329 1699 2365 Judaeis
1725 2328 1872 2365 afflictis

1165 2393 1441 2429 crudelissimos
1462 2406 1500 2429 se
1520 2393 1699 2429 exhibent
1728 2395 1804 2430 594
1826 2405 1869 2435 e;

1167 2462 1242 2495 595
1274 2470 1354 2504 ae3
1396 2460 1471 2494 597
1503 2471 1546 2503 ος
1587 2460 1663 2494 598
1694 2471 1737 2503 c;
1785 2463 1870 2506 post

1165 2524 1325 2560 reditum
1364 2536 1506 2566 eorum,
1545 2529 1688 2559 mutata
1729 2523 1868 2571 lingua,

1164 2589 1286 2624 Deum
1321 2587 1474 2624 laudant
1505 2590 1581 2624 616
1612 2600 1656 2633 c,
1697 2587 1869 2623 aedifica-

1163 2653 1302 2689 tionem
1327 2652 1427 2688 urbis
1454 2652 1664 2700 impediunt
1687 2653 1763 2688 729
1784 2651 1867 2696 be3

1162 2718 1289 2754 audito
1331 2717 1419 2766 Tyri
1467 2717 1582 2753 exitio
1624 2715 1868 2766 trepidabunt

1164 2785 1238 2820 732
1269 2795 1313 2827 ος
1357 2781 1525 2818 conversi
1556 2781 1602 2816 ad
1632 2779 1742 2815 fidem
1776 2779 1867 2816 fient

1160 2846 1298 2883 tribuni
1319 2846 1550 2882 Judaeorum
1575 2847 1650 2881 733
1667 2843 1710 2889 b;
1738 2846 1812 2879 734
1831 2857 1861 2881 a.

1106 2913 1141 2947 V
1144 2913 1261 2953 idens,
1291 2911 1334 2948 dc
1362 2908 1695 2959 pseudoprophetis
1723 2908 1863 2946 dictum

1162 2979 1236 3013 327
1260 2988 1290 3012 e.
