2033 3381
112 1137 125 1176 ἰ
150 1128 181 1157 S.
202 1127 268 1158 Pet.

112 1182 144 1201 11.
161 1182 191 1212 9.

110 1391 194 1425 563
213 1390 263 1424 A.

109 1442 141 1470 S.
160 1441 258 1471 .‹;.l›m

110 1486 129 1515 i.
149 1486 198 1524 48.

115 2293 277 2324 ssl's.l.x·xiii.

293 1398 315 1422 a

289 2045 314 2085 b

344 197 424 237 142
739 200 787 241 Β.
827 200 1101 241 CYRILLI
1152 202 1534 244 ALEXANDR.
1801 203 1858 243 iii.
1880 215 1916 256 7.

340 330 561 373 κουστον,
606 312 681 360 καὶ
722 312 996 377 ἀπροσκορῆ
1038 311 1123 376 τὴν
1165 314 1470 379 ἐπαγγελίαν,
1515 312 1601 364 κᾶν
1642 318 1677 364 εὶ
1717 313 1791 365 διὰ
1825 318 1921 365 τῶν

339 390 492 440 αὐτῶν
516 414 585 444 τις
616 391 673 442 ’ίοι
707 392 942 458 ῥημάτων.
1009 394 1473 462 προαφηγησοὶμενος
1498 396 1650 446 τοίνυν
1676 400 1770 446 τῶν
1795 398 1916 446 ἀντι·

339 470 559 533 κειμένων
585 474 823 535 δυνάμεων
849 473 934 538 τὴν
960 479 1022 529 εἰς
1055 473 1109 525 τὸ
1142 475 1312 527 ἅναλκι
1338 477 1507 545 φορὰν,
1537 480 1610 528 καὶ
1638 478 1921 546 παραδείξας

340 551 482 606 αὐτὰς
521 555 581 607 ὡς
621 556 668 605 ἐν
701 556 956 619 ὁμοιώματι
988 561 1081 608 τῶν
1116 559 1262 608 ἐθνῶν
1296 560 1564 622 τηκομὲνας,
1603 562 1677 610 καὶ
1715 559 1807 623 μὴν
1846 563 1920 610 καὶ

340 636 401 686 ὡς
440 633 524 701 ὅρη
563 638 950 704 συντριβομὲνας,
979 639 1239 706 παρεικάζει
1277 641 1422 692 πάλιν
1456 640 1598 695 αὑτὰς
1635 647 1728 696 τοῖς
1763 643 1913 692 ἀλλο·
1939 659 1960 697 5

341 715 521 782 φύλοις,
569 717 611 768 οἳ
661 722 742 783 τῆς
781 721 1018 771 Ἰουδαίων
1061 723 1483 789 κατεστρατεύοντο
1527 727 1627 788 γῆς.
1703 724 1827 775 οῦτοι
1870 723 1919 774 δὲ

338 796 464 860 ἦσαν
490 800 537 850 οἵ
558 823 607 850 τε
642 800 759 866 πρὸς
795 803 861 866 ἠῶ
897 805 971 853 καὶ
998 803 1132 854 νότον
1158 804 1362 858 Αἰθίοπες
1392 804 1477 868 τὴν
1503 805 1700 869 Ἰνδικὴν
1723 829 1919 872 προσοι-

337 886 522 935 κοῦντες
550 881 821 947 θάλασσαν,
850 887 924 935 καὶ
958 886 1115 948 μέντοι
1151 889 1225 937 καὶ
1253 891 1548 951 Μαδιηναῖοι,
1576 890 1649 938 καὶ
1683 889 1809 938 αὐτοὶ
1835 887 1920 951 τὴν

335 964 509 1030 ὅμορον
560 969 790 1021 οἰκοῦντες
841 967 1025 1033 ἔρημον.
1100 968 1406 1029 πτοηθήσ-οντειι
1455 971 1625 1032 τοίνυν,
1672 972 1835 1038 φησὶν,
1877 973 1919 1020 οὶ

334 1050 391 1114 τῇ
419 1048 532 1115 ἁγίᾳ
563 1047 817 1116 μαχόμενοι
851 1048 1001 1112 πόλει,
1029 1050 1103 1101 ἵνα
1136 1056 1311 1113 νοῶμεν
1343 1051 1427 1115 τὴν
1463 1052 1632 1116 νοητὴν
1660 1052 1794 1113 Σιὼν,
1823 1052 1920 1116 ἥτις

334 1131 464 1180 ἐστὶν
489 1130 755 1195 Ἐκκλησία
782 1135 1012 1198 Χριστοῦ,
1039 1132 1096 1197 ἢν
1131 1137 1338 1184 οἰκοῦσιν
1373 1137 1414 1184 οἱ
1454 1133 1590 1199 ἅγιοι,
1623 1136 1696 1185 καὶ
1723 1134 1776 1185 τὸ
1804 1134 1920 1185 ἀπό-

334 1219 502 1263 λεκτον
547 1213 693 1278 γένος,
740 1216 801 1267 ὡς
851 1217 898 1264 ἐν
943 1215 1073 1285 τύπῳ
1116 1214 1266 1266 πάλαι
1313 1220 1378 1284 τῷ
1421 1216 1635 1282 Ἰσραὴλ,
1679 1215 1794 1268 καθὸ
1845 1221 1920 1268 καὶ

333 1295 625 1360 ἑρμηνεύεται
672 1300 799 1350 Νοῦς
839 1298 960 1362 ὁρῶν
1000 1296 1123 1348 Θεὸν
1166 1299 1190 1348 ὁ
1229 1297 1446 1364 Ἰσραήλ.
1511 1298 1831 1361 τεθαύμασται
1871 1298 1919 1350 δὲ

334 1380 409 1428 καὶ
447 1379 472 1428 ὁ
500 1377 780 1442 Ναθαναὴλ,
808 1380 869 1431 ὡς
906 1381 1141 1443 ίίάληθῶς
1179 1379 1242 1429 ὧν
1268 1381 1583 1446 Ἰσραηλίτης,
1619 1383 1666 1431 ἐν
1705 1378 1741 1449 ᾧ
1780 1380 1919 1435 δόλος

336 1467 361 1489 “
390 1461 472 1510 οὐκ
507 1460 677 1512 gorm?
744 1462 910 1511 οὐκοῦν
949 1464 1010 1514 ὡς
1049 1464 1097 1511 ἐν
1135 1461 1271 1512 εἰκόνι
1311 1467 1384 1512 καὶ
1423 1463 1584 1516 τύποις
1619 1468 1713 1516 τοῖς
1744 1462 1917 1531 Αἰθιοψι

336 1545 410 1592 καὶ
440 1539 760 1606 Μαδιηναίοις,
791 1543 832 1593 οἳ
866 1542 919 1594 τὸ
955 1544 1219 1594 ἀπόλεκτον
1257 1547 1323 1595 ἀεὶ
1363 1551 1534 1595 κακοῦν
1569 1546 1739 1609 ἤθελον
1770 1545 1915 1610 γένος,

340 1626 554 1676 τουτέστι
589 1625 670 1675 τὸν
693 1625 908 1691 Ἰσραὴλ,
936 1626 994 1676 τὰ
1025 1632 1120 1676 τῶν
1159 1629 1407 1690 δαιμονίων
1441 1627 1714 1691 συνήσομεν
1746 1627 1914 1695 στίφη,

340 1707 399 1758 τὰ
441 1713 536 1761 τοῖς
582 1709 731 1772 ἁγίοις
773 1708 1111 1772 ἀνθεστηκότα.
1181 1711 1297 1776 φαίη
1343 1711 1384 1760 δ’
1429 1710 1486 1760 ἄν
1530 1733 1597 1763 τις
1636 1712 1711 1760 καὶ
1755 1711 1918 1775 ἑτέρως

342 1791 573 1843 Αἰθίοπας
618 1789 928 1856 ὀνομάζεσθαι
965 1791 1072 1845 τοὺς
1116 1792 1473 1858 εἰδωλολάτρας,
1507 1792 1574 1846 οἷς
1613 1794 1637 1842 ὁ
1675 1793 1777 1853 βίος
1816 1792 1917 1843 ἐστὶ

341 1873 576 1939 σαρκικὸς,
622 1873 799 1938 γεώδης
842 1896 891 1924 τε
936 1877 1010 1924 καὶ
1054 1876 1102 1925 ἐν
1142 1876 1463 1939 ἀκαθαρσίαις·
1520 1875 1736 1928 Αἰθίοπες
1780 1874 1827 1925 δὲ
1875 1878 1915 1925 οἱ

338 1961 552 2006 τοιοῦτοι·
605 1956 659 2006 τὸ
691 1956 782 2022 γάρ
817 1979 888 2007 τοι
928 1961 1049 2006 θεῖον
1089 1960 1149 2010 εἰς
1186 1962 1294 2007 νοῦν
1332 1958 1414 2007 οὐκ
1453 1957 1615 2024 ἔχουσι
1654 1961 1769 2024 φῶς,
1805 1956 1915 2007 ἀλλ’

338 2040 431 2088 εἰσὶ
472 2043 720 2106 μονονουχὶ
764 2037 963 2100 μέλανες
1013 2038 1098 2102 τὴν
1140 2039 1331 2103 καρδίαν
1378 2042 1451 2089 καὶ
1505 2039 1917 2101 κατεσκοτισμένοι

337 2120 421 2174 τὰς
467 2121 654 2188 φρένας,
701 2120 767 2175 οἷς
817 2124 891 2172 καὶ
934 2123 958 2171 ὁ
1009 2121 1192 2188 δράκων
1242 2126 1303 2174 εὶς
1354 2122 1656 2186 κατάβρωσιν
1696 2120 1917 2171 δεδόσθαι

337 2203 536 2268 λέγεται.
600 2203 783 2271 ψάλλει
826 2204 918 2269 γάρ
960 2227 1051 2255 που
1096 2205 1175 2254 καί
1212 2212 1361 2269 φησιν
1401 2206 1425 2254 ὁ
1471 2206 1644 2254 Δαυεὶδ
1680 2202 1797 2268 πρὸς
1835 2201 1917 2253 τὸν

335 2290 430 2335 τῶν
472 2286 597 2336 ὅλων
642 2284 766 2336 Θεόν
804 2285 921 2336 ⁶⁶21)
965 2288 1254 2354 συνέτριψας
1297 2286 1381 2349 τὴν
1427 2285 1639 2354 κεφαλὴν
1676 2291 1759 2336 τοῦ
1797 2285 1909 2350 δρά-

336 2377 362 2397 “
387 2391 561 2431 κοντος,
588 2368 761 2422 ἔδωκας
787 2368 928 2419 αὑτὸν
961 2373 1131 2434 βρῶμα
1166 2373 1297 2422 λαοῖς
1323 2373 1418 2421 τοῖς
1445 2369 1713 2435 Αἱθίοψιν.”
1753 2365 1915 2433 ὥσπερ

334 2449 427 2516 γὰρ
468 2451 596 2514 ἡμεῖς
633 2450 715 2501 τὸν
750 2450 974 2517 ζωοποιὸν
1011 2456 1094 2502 τοῦ
1127 2455 1251 2502 Θεοῦ
1291 2449 1449 2515 Λόγον
1486 2449 1802 2512 πνευματικὴν
1839 2452 1915 2500 καὶ

336 2534 475 2599 ἁγίαν
524 2533 815 2597 πεποιήμεθα
863 2533 1063 2602 τροφὴν,
1115 2534 1235 2584 οὕτω
1285 2534 1360 2583 καὶ
1412 2536 1453 2582 οὶ
1502 2531 1914 2599 φιλαμαρτήμονες

388 2697 416 2719 1.
443 2685 651 2730 ἀπροσκορεῖ
668 2686 716 2721 D.
765 2686 794 2720 εἷ
810 2698 879 2720 om.
902 2686 946 2720 D.
1053 2697 1084 2720 2.
1110 2685 1142 2730 ἴῃ
1162 2686 1207 2720 D.
1314 2698 1346 2727 4.
1373 2686 1531 2726 ὁμοιώσει
1551 2683 1596 2717 D.
1704 2693 1734 2741 7.
1763 2682 1796 2716 οἵ
1811 2697 1846 2716 τε
1869 2682 1914 2717 D.

338 2733 367 2764 οἱ
385 2733 465 2766 ποτὲ
487 2733 527 2767 Β.
547 2732 638 2767 Edd.
780 2734 814 2767 8.
833 2734 885 2767 καὶ
904 2732 1098 2767 seeundum
1117 2738 1337 2777 assumptum
1355 2743 1396 2764 ex
1417 2731 1461 2764 D.
1511 2731 1571 2774 τὴν
1587 2729 1641 2771 ὅμ.
1661 2730 1713 2763 καὶ
1731 2730 1824 2763 αὐτοὶ
1843 2730 1913 2764 inv.

338 2778 480 2813 οι(1.1).
837 2791 890 2814 12.
916 2782 962 2826 τῷ
984 2780 1023 2814 Β.
1030 2780 1074 2813 D.
1079 2792 1108 2813 ξι.
1127 2781 1144 2813 ὁ
1163 2778 1385 2814 Edd.1<‹196
1406 2777 1446 2811 Β.
1465 2776 1540 2810 καθ’
1560 2776 1577 2810 ὃ
1598 2777 1642 2810 D.
1647 2788 1675 2810 a.
1697 2777 1803 2811 καθὼς
1821 2776 1914 2834 14],ιέἂᾶ

343 2835 395 2868 13·
422 2825 524 2871 ὁρῶν]
534 2831 581 2884 ”4-
596 2841 654 2860 τον
671 2838 701 2860 a.
750 2842 768 2859 0
786 2834 1006 2871 assumptum
1024 2839 1064 2860 ex
1082 2827 1125 2859 D.
1130 2838 1159 2860 a.
1306 2836 1355 2866 14.
1382 2825 1428 2857 ὢν
1440 2830 1660 2879 assumptn'm
1680 2835 1719 2856 ex
1740 2823 1786 2857 l)
1836 2823 1871 2856 ἐν
1887 2820 1914 2868 ᾧ

339 2871 466 2906 δόλος(
459 2873 515 2905 οἰκ
533 2873 626 2907 ἔστιν
643 2885 712 2907 Om.
734 2873 774 2907 Β.
875 2883 926 2918 15.
953 2873 1068 2909 τύποις
1087 2873 1132 2906 D.
1152 2871 1242 2906 Edd.
1260 2886 1352 2917 τυπῳ
1373 2871 1413 2904 Β.
1527 2871 1579 2903 ῐ().
1598 2869 1751 2903 011).ὅτι
1768 2870 1807 2903 Β.
1822 2869 1912 2904 Edd.

344 2927 381 2960 17
388 2918 589 2961 ,δαιμονίων
609 2920 700 2953 13.l).
720 2921 882 2963 δαιμόνων
900 2919 1248 2953 11(1.20.οἶ
1266 2924 1485 2961 assumptum
1504 2929 1545 2950 ex
1567 2916 1606 2949 ss
1612 2929 1640 2949 1
1646 2916 1679 2949 1).
1700 2916 1778 2950 dee
1771 2923 1794 2949 t
1812 2917 1845 2949 in
1867 2917 1912 2950 D.

342 2974 395 3007 23.
423 2964 468 2998 εἷς
487 2967 700 3009 κατάβρωσιν
721 2967 764 3000 1).
784 2968 1033 3010 xurdsspoemcl
1017 2966 1057 2999 Β.
1077 2966 1122 3001 εἷς
1140 2966 1341 3008 κατάβρωμα
1360 2963 1450 2998 Edd.
1774 2973 1813 2996 2
1795 2989 1826 3006 ,.
1854 2962 1912 3004 τὴν

340 3011 491 3055 κεφιιλην
510 3011 551 3047 Β.
558 3012 603 3047 D.
622 3014 665 3047 cf.
686 3025 790 3057 supra
812 3024 872 3047 121
895 3013 929 3047 b.
948 3028 1005 3048 τας
1024 3013 1174 3057 κεφαλὰς
1193 3009 1708 3053 Ει1(1.28.πεπ(ιι’7μεθ(ι
1729 3009 1760 3043 hi
1764 3009 1829 3043 lbet
1850 3009 1894 3042 D.

1944 1077 1989 1100 10

1938 1899 1987 1924 20

1936 2307 1984 2346 25
