2018 3391
363 177 445 217 182
760 179 809 219 B.
846 178 1122 219 CYRILLI
1168 178 1551 219 ALEXANDR.
1823 175 1850 215 i.
1880 188 1942 217 10.

362 283 526 353 φωνὴν
556 285 787 352 Ἰεᾷκιήλ
850 287 949 337 κατ’
982 288 1125 337 ἐκεῖνο
1160 286 1217 351 δὴ
1243 288 1325 338 οὖν
1358 293 1441 339 τοῦ
1475 290 1636 352 καιροῦ
1667 289 1817 354 φησιν
1850 284 1942 335 ἀπὸ

361 371 469 431 μιᾶς
503 367 587 431 μὲν
619 368 766 427 πύλης
799 372 894 418 τῶν
921 368 1276 428 αἶποκεντοῦντων,
1309 369 1537 431 τουτέστι,
1564 371 1659 418 τῶν
1690 368 1944 432 ἀποσφατ-

362 447 540 500 τόντων
583 448 691 503 τοὺς
729 452 1157 516 παρεμπίπτοντας,
1197 452 1318 516 δεινή
1357 475 1425 505 τις
1463 451 1597 502 ἔσται
1636 451 1710 500 καὶ
1755 447 1944 512 ἀμειδὴς

362 531 681 600 ἀναφώνησις.
749 533 815 582 ἀεὶ
842 531 935 598 γάρ
960 556 1061 586 πως
1086 535 1133 583 ἐν
1159 538 1258 587 ταῖς
1284 533 1614 597 ἁλισκομέναις
1639 536 1733 582 τῶν
1757 530 1943 582 πόλεων

1962 632 1984 667 ἀι

139 627 225 663 587
242 625 293 660 A.
323 613 710 668 οεὶσελαύνοντες
750 619 792 665 οἱ
829 616 1044 677 πολέμιοι
1079 615 1277 685 φρικτόν
1313 639 1358 667 τι
1396 614 1792 681 καταλαλάζουσι,
1827 637 1942 679 προ-

360 700 683 750 κατακλῶντες
736 700 798 750 εἷς
849 698 1005 764 φόβον
1054 697 1162 753 τοῦς
1213 700 1261 749 ἐν
1306 699 1479 761 αὐταῖς,
1523 696 1854 764 προτροπάδην
1893 718 1942 746 τε

359 776 524 844 ὥσπερ
549 779 793 843 ἀλλήλους
819 780 1164 845 καταθήγοντες
1191 785 1251 834 εἷς
1277 779 1509 845 ὠμότητα.
1577 779 1670 832 dm}
1698 780 1752 829 δέ
1781 802 1833 844 γε
1861 781 1943 841 τῆς

360 861 517 927 ἑτέρας
556 861 703 921 πύλης
736 862 884 924 ἔσται,
911 865 1075 930 φησὶν,
1114 862 1307 929 ὀλολυγὴ
1346 866 1421 913 καὶ
1455 862 1667 927 δάκρυον,
1695 865 1940 912 συνωθου-

358 943 510 1005 μένων
538 943 770 1008 ἀλλήλοις
802 949 896 996 τῶν
931 945 1219 1008 ἑαλωκότων,
1247 948 1321 996 καὶ
1352 945 1554 997 ἑκάστου
1581 944 1942 996 διασπεύδοντος

359 1029 441 1089 τῆς
474 1025 655 1080 πόλεως
689 1029 937 1091 ἀποπηδᾶν
967 1030 1028 1082 ὡς
1064 1028 1175 1082 νεὼς
1206 1027 1607 1091 βεβαπτισμένης.
1666 1026 1861 1077 ἔσεσθαι
1895 1026 1941 1076 δὲ
1965 1052 2012 1076 ιο

359 1110 435 1159 καὶ
485 1110 742 1178 συντριμμὶν
792 1110 942 1178 μέγαν
992 1114 1142 1179 φησὶν
1193 1110 1287 1162 ἀπὸ
1341 1110 1419 1161 τῶν
1469 1112 1639 1172 fisum,
1682 1108 1806 1177 τάχα
1851 1131 1943 1159 που

358 1190 542 1250 βουνοὺς
579 1191 664 1255 τὴν
708 1193 1002 1256 καλουμένην
1041 1193 1136 1244 ἅνω
1180 1193 1324 1244 πόλιν
1361 1194 1410 1243 ἐν
1447 1198 1543 1246 τοῖς
1580 1191 1942 1258 Ἱεροσολύμοις,

313 1273 459 1337 1)ἠ’τοι
489 1273 574 1338 τὴν
614 1274 737 1326 Σιὼν
772 1275 1024 1342 ὀνομάζων,
1049 1276 1195 1341 ἤγουν
1226 1276 1382 1341 ἕτερόν
1420 1299 1463 1326 τι
1503 1278 1675 1339 δηλῶν.
1743 1276 1810 1325 ἀεὶ
1850 1273 1942 1339 γάρ

356 1380 457 1411 πως
497 1359 546 1408 ἐν
584 1363 684 1412 ταῖς
719 1363 814 1408 τῶν
853 1357 1075 1422 πολέμων
1118 1363 1431 1424 καταδρομαῖς
1469 1363 1531 1412 εὶς
1567 1357 1650 1411 τὰς
1688 1362 1781 1408 τῶν
1820 1358 1942 1421 ὀρῶν

357 1440 714 1508 καταφεύγουσι
747 1440 956 1509 κορυφὰς
983 1444 1024 1491 οἱ
1051 1442 1229 1503 ἔνοικοι,
1257 1440 1342 1505 τὴν
1367 1446 1462 1492 τῶν
1488 1440 1646 1492 τόπων
1673 1441 1941 1507 δυσχωρίαν
1963 1460 2009 1498 15

357 1521 476 1587 πρὸς
506 1521 721 1586 ἐμποδὼν
756 1522 952 1574 ἔσεσθαι
983 1528 1077 1576 τοῖς
1112 1525 1295 1591 ἐχθροῖς
1327 1523 1588 1589 ἡγούμενοι,
1619 1525 1693 1573 καὶ
1732 1522 1815 1575 τὰς
1846 1527 1940 1573 τῶν

357 1603 618 1655 διωκόντων
661 1604 827 1659 αὐτοὺς
872 1605 1129 1673 ἀνακόψειν
1173 1605 1332 1672 ὁρμάς.
1412 1608 1486 1656 καὶ
1535 1611 1647 1671 γοῦν
1699 1605 1724 1655 ὁ
1768 1603 1941 1670 Κύριος·

355 1687 487 1751 ἡμῶν
513 1688 699 1751 Ἰησοῦς
727 1689 750 1739 ὁ
777 1686 990 1753 Χριστὸς
1015 1689 1400 1757 προσπεφώνηκέ
1434 1712 1546 1739 ποτε
1585 1692 1679 1742 τοῖς
1705 1687 1941 1738 Ἰουδαίων

144 1771 151 1779 “
398 1768 409 1784 Ι
588 1768 609 1785 ΓΙ
817 1769 827 1786 ἱ
867 1770 886 1787 ’l
1256 1771 1267 1787 l
1384 1773 1394 1785 ἶ
1441 1771 1453 1785 Χ
1726 1769 1737 1784 Ι
1892 1769 1903 1785 N

130 1770 174 1843 ᾖ,
179 1770 260 1844 1122
354 1772 517 1833 δήμοις
544 1777 570 1798 “
611 1774 746 1820 Οταν
780 1773 827 1821 δε
868 1773 990 1834 ιδητε
1030 1780 1347 1835 κυκλουμενην
1374 1795 1462 1823 υπο
1493 1773 1827 1834 στρατοπεδων
1853 1793 1939 1833 την

133 1837 163 1842 ..
192 1838 198 1843 .
257 1837 267 1853 ,

134 1865 183 1887 2¹-
354 1858 381 1881 ‘⁶
407 1851 737 1917 Ἰερουσαλὴμ,
779 1853 883 1904 τότε
923 1856 964 1904 οἱ
1002 1854 1050 1903 ἐν
1087 1857 1145 1921 τῇ
1180 1854 1383 1924 Ἰουδαία
1422 1855 1731 1922 φευγέτωσαν
1769 1853 1845 1903 ἐπὶ
1879 1851 1937 1902 τὰ
1958 1871 2007 1895 20

354 1940 382 1963 ‘c
417 1933 438 1950 ³!

409 1935 535 2000 ορη.”

426 2017 614 2067 Οὐκοῦν
642 2020 767 2067 Θεοῦ
802 2016 1112 2082 πλήττοντος,
1143 2020 1217 2068 καὶ
1251 2018 1379 2071 δίκας
1406 2021 1642 2070 αἰτοῦντος
1668 2022 1762 2068 τῶν
1788 2018 1937 2083 ἡμαρ-

312 2097 559 2161 οτημένων
602 2098 710 2152 τοὺς
761 2104 1071 2167 καταφρονεῖν
1122 2099 1392 2168 ᾑρημένους,
1444 2099 1575 2150 οὐδὲν
1628 2099 1788 2164 ὀνήσει
1828 2099 1937 2154 τοὺς

350 2180 641 2248 πάσχοντας,
668 2183 721 2232 οὐ
755 2181 894 2235 πόλις
933 2182 1267 2248 εὐπυργοτάτη,
1304 2184 1357 2233 οὐ
1396 2187 1560 2250 τειχῶν
1598 2183 1935 2234 ἀκατάσειστοι

348 2266 613 2327 περιβολαῖ,
661 2264 742 2314 οὐκ
785 2265 907 2330 ὀρῶν
946 2264 1259 2328 ἀναστήματα
1310 2267 1385 2315 καὶ
1428 2269 1611 2330 πετρῶν
1649 2265 1934 2331 ἀγριότητες,
1954 2284 2003 2324 25

350 2345 432 2394 οὐκ
475 2344 679 2409 ἀστιβὴς
714 2348 974 2413 δυσχωρία·
1019 2346 1157 2413 σώζει
1199 2346 1247 2398 δὲ
1291 2347 1410 2411 μόνη
1449 2345 1763 2412 μετάγνωσις,
1798 2350 1930 2399 ἐκδυ-

349 2433 589 2478 σωποῦσα
625 2427 708 2479 τὸν
739 2428 931 2494 Κριτὴν,
959 2431 1035 2480 καὶ
1072 2429 1419 2496 κατευνάζουσα
1452 2428 1534 2479 τὸν
1572 2428 1732 2493 θυμὸν,
1760 2432 1836 2480 καὶ
1872 2433 1934 2484 εἷς

402 2588 431 2612 1.
456 2579 517 2612 τοῦ
535 2580 649 2622 καιροῦ
666 2579 775 2624 φησιν
791 2578 858 2613 hoc
875 2578 950 2613 ord.
972 2579 1100 2614 B.E.b.
1293 2590 1324 2613 2.
1350 2582 1416 2613 τῶν
1433 2579 1491 2613 alt.
1510 2590 1580 2613 om.
1602 2578 1642 2612 B.
1662 2579 1780 2613 invitis
1800 2579 1932 2615 D.E.b.

350 2633 384 2669 5.
409 2627 708 2669 προκατακλῶντες
727 2625 854 2660 B.E.b.
872 2628 1121 2671 προκαλοῦντες
1140 2625 1231 2660 Edd.
1575 2625 1607 2659 8.
1634 2625 1785 2671 ὀλολυγὴ
1805 2626 1931 2662 B.E.b.

350 2671 544 2716 ὀλολυγμὸς
563 2671 656 2706 Edd.
917 2686 950 2718 9.
977 2672 1183 2708 σπεύδοντος
1204 2673 1243 2706 Β.
1263 2672 1380 2706 invitis
1400 2671 1527 2706 D.E.b.
1799 2684 1810 2706 1
1823 2685 1850 2707 I.
1877 2675 1930 2708 καὶ

350 2718 495 2751 accessit
513 2730 553 2751 ex
574 2719 661 2753 B.l¹].
894 2731 946 2762 14.
972 2718 1059 2765 πως]
1078 2735 1122 2763 πη
1147 2720 1185 2754 Β.
1233 2719 1390 2762 πολέμων
1407 2719 1629 2763 καταδρομαῖς
1650 2718 1741 2752 D.E.
1759 2720 1931 2763 πολεμίων

351 2765 487 2808 καταδρ.
506 2765 598 2799 Edd.
615 2767 749 2799 πόλεων
765 2765 939 2800 ἆλώσεσιν
958 2766 999 2800 Β.
1303 2775 1355 2811 15.
1381 2767 1612 2810 αναφευγουσι
1632 2765 1672 2799 Ε.
1691 2765 1860 2811 φεύγουσι
1880 2767 1926 2801 D.

355 2810 407 2843 16.
434 2810 534 2856 πρὸς]
558 2816 595 2852 -1-
616 2813 654 2845 τὸ
673 2812 763 2846 Edd.
814 2813 966 2854 ἐμπεδὼν
983 2825 1044 2857 pro
1061 2813 1145 2857 πρὸς
1163 2813 1190 2847 ε’.
1210 2813 1251 2846 Β.
1612 2813 1664 2846 18.
1691 2812 1781 2855 ἡμῶν
1796 2813 1929 2857 Ἰησοῦς

350 2862 383 2889 et
401 2858 549 2901 Χριστὸς
565 2865 784 2893 accesserunt
806 2871 847 2893 ex
871 2860 1019 2901 13.1).E.‚
1037 2861 1055 2893 ὁ
1073 2872 1114 2893 ex
1133 2860 1187 2896 Ε.
1206 2873 1288 2893 ποτε
1310 2870 1352 2892 ex
1374 2858 1462 2892 RE.
1516 2857 1685 2893 Ἰουδαίων
1706 2859 1821 2903 δήμοις
1839 2860 1928 2894 Β.Ε.

349 2901 524 2939 Ἰουδαίοις
543 2905 588 2938 D.
609 2905 701 2940 Edd.
1075 2917 1130 2951 23.
1156 2905 1372 2952 αἱρουμένους
1390 2905 1431 2939 Β.
1450 2905 1641 2949 εἷρημενους
1659 2906 1737 2950 (pro
1755 2909 1865 2950 more)
1884 2907 1926 2941 E.

349 2951 641 2994 καταφρονοῦντας
658 2963 720 2996 pro
738 2953 883 2996 καταφρ.
901 2951 1000 2997 ἡρημ.
1019 2953 1066 2986 D.
1445 2963 1501 2994 24.
1527 2952 1566 2986 οὐ
1583 2967 1613 2987 τ.
1631 2953 1663 2987 (ἰ.
1681 2967 1717 2987 π.
1736 2955 1927 2999 assumpsit

349 3006 390 3028 ex
411 2995 451 3029 E.
472 2996 565 3031 Aub.
802 2999 857 3032 26.
882 2999 1090 3034 δυσωποῦσα
1109 2998 1152 3033 Β.
