2018 3387
123 212 164 252 ii.
190 224 229 265 3,
252 225 292 262 4.
499 212 573 252 IN
617 211 1051 253 MALACIHAM.
1112 211 1266 252 TOM.
1300 211 1335 252 I.
1631 211 1713 250 :373

122 319 434 370 ἀνατιθέντων
475 320 664 375 ἑαυτοὺς
709 325 772 375 εὶς
816 321 974 386 ὀσμὴν
1015 322 1204 376 εὐωδίας
1248 325 1314 390 τῷ
1355 324 1478 389 Θεῷ,
1524 318 1621 384 ἱερά
1664 341 1714 369 τε

121 399 236 452 εῖναι
287 401 517 467 προσήκει
566 405 641 453 καὶ
692 403 974 467 ἡγιασμένα.
1054 403 1450 469 προσκομίζονται
1506 400 1598 466 γὰρ
1652 399 1713 450 τὰ

121 481 362 544 ἐντόσθια,
417 486 499 546 τῆς
547 483 743 547 ἐνούσης
795 486 949 538 αὐτοῖς
999 486 1292 549 ἀκαθαρσίας
1340 481 1707 547 ἀπηλλαγμένα.
1732 487 1758 527 b

122 562 335 630 βραχίων
367 563 515 628 γεμὴν
546 565 712 631 ἰσχύος
752 564 809 615 ἂν
842 569 993 616 νοοῖτο
1032 570 1242 630 σημεῖον.
1297 568 1463 632 χρῆναι
1503 564 1558 613 δέ
1591 568 1713 628 φημι

81 656 102 695 5
123 644 242 710 πρὸς
279 649 374 695 πᾶν
409 645 548 710 ἔργον
583 644 765 711 ἀγαθὸν
797 647 1051 713 ἰσχύοντας
1089 648 1208 711 ἡμᾶς
1248 649 1323 697 καὶ
1362 644 1714 711 ἀνδριζομένους

124 727 441 795 ἀναμελωδεῖν
467 728 610 777 ἐκεῖνο
636 731 805 796 σοφῶς
832 727 885 777 τὸ
913 726 987 778 διὰ
1013 731 1096 792 τῆς
1130 733 1212 779 τοῦ
1248 727 1529 795 ψάλλοντος
1564 726 1713 791 λύρας

125 814 152 836 “
180 806 383 872 Εὐλόγει
414 808 442 871 ἡ
478 807 614 876 ψυχή
641 830 732 871 μου
758 807 842 859 τὸν
871 808 1047 875 Κύριον
1074 811 1149 859 καὶ
1182 808 1337 860 πάντα
1369 808 1428 859 τὰ
1458 808 1585 862 ἐντός
1620 830 1711 871 μου
1775 817 1898 849 Ps.eii.

125 895 153 917 ‘⁴
178 887 231 939 τὸ
258 887 406 951 ὄνομα
431 889 485 940 τὸ
511 888 646 954 ἅγιον
673 891 855 942 αὐτοῦ.”
1781 870 1806 892 1⁸

205 971 298 1020 Καὶ
331 972 437 1036 περὶ
472 969 556 1035 μὲν
581 975 676 1022 τῶν
703 972 960 1022 ἐντοσθίων
987 973 1063 1022 καὶ
1097 975 1191 1022 τῶν
1221 970 1512 1035 τελουμένων
1538 973 1716 1021 θυσιῶν
1778 977 1889 1051 Ξῐί-Ιοῇθ

60 1073 109 1099 10
127 1051 245 1103 κατὰ
278 1051 361 1103 τὸν
385 1051 529 1116 νόμον
555 1053 719 1120 ἰσχνὸς
747 1053 856 1116 ἡμῖν
881 1051 1004 1119 ἅγαν
1035 1053 1333 1116 ε’κπεποίηται
1365 1051 1510 1117 λόγος
1542 1053 1590 1102 ἐν
1616 1051 1712 1102 ἑτέ·
1779 1045 1897 1094 unxi.

125 1155 229 1199 ραις
267 1138 590 1201 συγγραφαῖς·
648 1135 815 1185 οὐκοῦν
853 1133 907 1185 τὸ
949 1140 1098 1185 ταῦτα
1139 1134 1296 1199 λέγειν
1334 1133 1528 1200 ἀφέντες
1567 1136 1629 1185 εἷς
1665 1131 1719 1182 τὸ
1780 1115 1920 1190 ἒᾞέ1.394

128 1212 295 1280 παρὸν,
325 1219 420 1265 τῶν
450 1215 764 1281 προκειμένων
800 1215 886 1279 τὴν
920 1215 1234 1283 διασάφησιν,
1272 1217 1333 1269 ὡς
1373 1215 1451 1277 ἔνι,
1484 1217 1723 1265 ποιεῖσθαι

129 1296 484 1359 σπουδάσομεν.
545 1296 929 1364 προστεταχότος
968 1297 1123 1348 τοίνυν
1161 1302 1244 1347 τοῦ
1285 1296 1429 1360 νόμου
1468 1314 1764 1359 μωμοσκο-(ὶ

130 1381 323 1427 πεῖσθαι
351 1380 443 1428 δεῖν
469 1377 529 1428 τὰ
557 1381 707 1443 ἱερεῖα,
736 1380 810 1428 καὶ
837 1378 1169 1438 ἀβασάνιστον
1194 1382 1321 1442 θῦμα
1356 1377 1421 1441 μὴ
1452 1377 1718 1443 προσκομί-

66 1471 112 1510 15
133 1458 294 1524 ζεσθαι
324 1462 390 1527 τῷ
425 1460 767 1528 θυσιαστηρίῳ,
797 1461 873 1510 καὶ
906 1463 1002 1513 τοῖς
1038 1459 1337 1524 τεταγμένοις
1369 1462 1431 1512 εἷς
1460 1459 1724 1524 ἱερουργίαν

131 1539 190 1590 τὰ
222 1541 273 1590 ἐκ
304 1544 397 1590 τῶν
424 1540 645 1603 θυμάτων
672 1541 980 1608 ἀφορίζεσθαι
1010 1540 1142 1607 μέση,
1170 1538 1508 1604 κατημέλησαν
1531 1538 1616 1602 μὲν
1641 1543 1725 1589 τοῦ

131 1623 300 1688 χρῆναι
325 1626 672 1683 μωμοσκοπεῖν,
699 1620 986 1688 τετηρήκασι
1013 1621 1060 1672 δὲ
1090 1619 1176 1685 τὴν
1203 1620 1400 1684 ἐντολὴν
1425 1625 1519 1671 τῶν
1545 1627 1719 1670 καλου-

131 1701 282 1764 μένων
308 1701 656 1770 ἀφαιρεμάτων,
689 1703 743 1753 οὐ
781 1702 835 1753 τὸ
874 1707 940 1771 τῷ
977 1706 1084 1771 Θεῷ
1122 1707 1313 1766 μᾶλλον
1347 1699 1433 1765 ἡδὺ
1471 1706 1565 1751 τῶν
1598 1702 1726 1750 ἰδίων

132 1781 472 1848 προτάττοντες
498 1783 792 1848 θελημάτων,
814 1783 1118 1849 κρατύνοντές
1144 1806 1192 1834 τε
1218 1784 1294 1833 καὶ
1320 1784 1546 1846 ἐμπεδοῦν
1572 1804 1725 1832 σπου-

66 1884 116 1909 20
135 1862 347 1930 δάζοντες
391 1864 506 1931 ὅπερ
555 1865 721 1919 αὐτοὺς
766 1868 968 1934 ὠφελεῖν
1014 1864 1158 1916 ἐδόκει
1203 1863 1262 1915 τὰ
1312 1865 1361 1914 ἐκ
1406 1868 1500 1914 τῶν
1545 1867 1725 1914 θυσιῶν

135 1947 500 2010 συναγείροντας
528 1946 651 2012 κρέα.
695 1951 832 1997 τοῦτο
858 1946 1059 2012 παράγει
1086 1944 1204 2011 πρὸς
1230 1946 1442 2012 ἔλεγχον,
1470 1947 1551 1995 καί
1573 1949 1724 2010 φησιν
1744 1950 1771 1991 d

134 2023 243 2077 ’mab
278 2023 366 2092 ἐγῶ
402 2029 598 2097 ἀφοριζω
633 2031 729 2096 ὑμῖν
754 2029 820 2079 τὶν
848 2026 977 2096 ὦμον·
1022 2026 1075 2078 τὸ
1109 2027 1157 2078 δὲ
1189 2027 1383 2097 ἀφορίζει)
1419 2031 1500 2077 νῦν
1526 2026 1726 2076 τέθεικεν

135 2109 238 2158 ἀντὶ
264 2114 346 2158 τοῦ
373 2107 630 2176 Ἀφώρισά
664 2131 713 2159 τε
748 2109 836 2172 ἤδη
868 2110 944 2159 καὶ
971 2112 1032 2161 εἰς
1059 2110 1194 2174 δεῦρο
1219 2107 1455 2171 ,Βούλομαι
1481 2110 1726 2172 τηρεῖσθαι

136 2188 191 2239 τὸ
236 2189 352 2243 ἔθος.
416 2190 724 2258 προσέῤῥιψα
767 2188 817 2240 δὲ
862 2188 1038 2255 ὥσπερ,
1082 2189 1184 2252 ἤτοι
1226 2189 1508 2255 προσρίπτω
1556 2190 1630 2238 καὶ
1671 2186 1725 2238 τὸ

70 2282 119 2320 25
141 2269 321 2337 ἔνυστρον
349 2275 406 2325 εἷς
442 2269 502 2322 τοὶ
536 2273 759 2340 πρόσωπα
786 2270 917 2339 ὑμῶν.
972 2269 1125 2333 ἐπειδὴ
1161 2269 1253 2335 γὰρ
1288 2270 1416 2320 αὐτοὶ
1451 2267 1726 2333 ἀτιμάζουσι

139 2351 193 2402 τὸ
238 2350 592 2418 θυσιαστήριον,
637 2352 856 2415 ταύτητοι
902 2350 1023 2405 Θεὸς
1067 2351 1121 2402 τό
1169 2349 1377 2420 Σκορπιῶ
1418 2354 1582 2417 φησιν,
1627 2348 1724 2399 οἷον

1787 2438 1806 2478 '1'
1815 2429 1899 2469 Reg.

1784 2483 1818 2504 11.
1839 2481 1889 2512 30.

141 2432 445 2498 ἀνθυβρίζων.
487 2434 593 2483 “‘O
620 2432 712 2498 γὰρ
739 2433 994 2501 ἐξουθενῶν
1017 2455 1088 2495 με,
1107 2433 1243 2500 φησὶ,
1261 2429 1721 2499 ἐξουδενωθήσεται·”

140 2510 360 2582 λήψομαι
401 2513 458 2576 δὴ
498 2514 578 2564 οὖν
617 2516 737 2581 ὐμᾶς
777 2519 836 2569 εἰς
873 2515 919 2565 τὶ
960 2512 1079 2575 αὐτό,
1118 2513 1375 2574 τουτέστιν,
1414 2512 1463 2561 ἐν
1501 2512 1624 2579 αὐτῷ
1668 2510 1724 2575 δὴ

190 2679 221 2702 2.
246 2667 534 2712 προσεκομίζοντο
552 2666 648 2701 Edd.
768 2680 800 2709 4.
826 2665 949 2712 γεμὴν]
969 2681 1004 2700 τε
1021 2666 1086 2710 μὴν
1102 2666 1163 2700 iid.
1285 2677 1317 2710 9.
1342 2668 1408 2699 τῶν
1425 2665 1483 2698 alt.
1503 2671 1726 2708 assumptum

141 2725 184 2748 ex
204 2714 246 2748 B.
438 2724 491 2758 13.
517 2713 768 2755 σπουδάσωμεν
786 2713 877 2747 Edd.
1073 2723 1125 2754 14.
1151 2710 1271 2757 ἱερεῖα]
1293 2712 1363 2756 ἱερὰ
1380 2710 1442 2745 iid.
1610 2711 1663 2744 16.
1691 2711 1726 2744 ἐκ

142 2765 364 2804 assumptum
382 2772 423 2794 ex
443 2760 484 2793 B.
671 2768 724 2803 17.
749 2757 968 2803 τετηρήκασι]
988 2757 1169 2801 ἢτεθὴκασι
1187 2757 1247 2791 iid.
1433 2757 1485 2790 18.
1510 2757 1548 2790 τὸ
1566 2758 1611 2801 τῷ
1632 2756 1724 2802 Θεῷ]

143 2808 203 2840 τοῦ
222 2808 310 2839 Θεοῦ
327 2805 388 2839 iid.
487 2817 540 2850 19.
563 2805 768 2849 πράττοντες
784 2817 847 2849 pro
864 2805 1109 2849 προτάττοντες
1126 2803 1185 2837 iid.
1283 2814 1336 2837 20.
1361 2803 1445 2847 ἅπερ
1463 2802 1523 2836 iid.
1581 2802 1725 2847 θυσιῶν]

143 2852 300 2894 θυμάτων
316 2851 375 2885 iid.
427 2851 553 2885 Statim
572 2850 827 2895 συναγείροντες
843 2850 903 2884 iid.
1050 2862 1103 2891 24.
1131 2851 1247 2894 ὥσπερ
1265 2861 1335 2883 orn.
1356 2849 1398 2883 B.
1551 2858 1605 2893 25.
1631 2849 1727 2882 αὐτοὶ

144 2898 343 2940 ἀτιμάζουσι
359 2897 426 2931 hoc
445 2897 565 2931 ordine
586 2897 628 2930 B.
854 2896 909 2931 26.
937 2897 1023 2931 Θεὸς
1039 2897 1077 2930 τὸ
1097 2901 1277 2940 assumpta
1295 2907 1336 2928 ex
1356 2895 1397 2929 B.
1447 2894 1630 2928 Praemisit
1647 2896 1664 2927 ὁ
1683 2894 1726 2937 Β,

146 2942 250 3023 ἓυῧόῐ
258 2949 378 3022 ρὲεῒθα
395 2943 499 2977 deleri
517 2943 636 2978 vquit.
976 2952 1031 2987 27.
1058 2942 1241 2985 ἐξουδενῶν
1258 2941 1350 2976 Edd.
1421 2940 1727 2984 ἐξουδενωθὴσεται

173 3000 191 3023 a
218 3000 235 3022 e
305 3015 312 3024 ι
