2049 3366
154 197 288 221 OSEAS.

206 308 314 344 dotes
343 314 380 345 ct
408 310 626 357 Prophetas,
657 311 734 346 Deo
764 310 915 351 oblitos,

206 373 480 409 obliviscendos
515 376 565 411 68
597 387 639 420 c;
686 377 735 411 69
771 388 814 419 ο,-
860 388 916 410 se-

207 438 374 473 cundum
399 439 682 475 multitudinem
704 453 811 475 suam
832 452 917 488 pec-

207 514 291 537 care
321 503 502 550 populum
534 505 708 547 affirmat,
729 510 766 540 et
796 517 917 540 sacer-

208 566 314 602 dotes
335 569 461 615 populi
483 570 644 616 peccatis
665 569 761 605 vesci
782 572 830 605 70
846 570 868 604 b
882 582 916 613 e;

208 631 360 667 eosdem
391 634 633 669 comedentes
663 647 739 669 non
774 634 917 682 impleri

211 697 259 732 72
291 709 334 741 e;
378 699 499 733 Deum
531 699 757 740 deserentes,
787 712 808 734 a
839 699 918 734 Deo

209 773 283 795 non
306 761 416 809 dirigi
440 765 488 799 73
510 763 557 807 b;
591 766 637 799 74
661 776 702 809 a3
734 776 798 811 per
819 776 918 812 sym-

208 825 294 861 bola
331 832 368 862 et
407 827 532 875 virgas
576 828 740 864 divinare
786 832 833 864 74
873 840 917 873 e;

208 903 320 937 super
349 891 462 927 colles
496 892 617 929 facere
651 893 759 928 idolis
795 896 842 929 75
873 905 917 938 e3

208 955 292 991 ideo
340 969 406 1003 per
453 956 720 993 fornicationes
764 970 918 993 suarum

211 1020 311 1067 ipsos
359 1021 587 1057 fornicantes
631 1022 834 1070 castigatos
875 1022 919 1057 iri

211 1087 260 1121 76
283 1086 327 1131 εἰς
366 1086 520 1127 Judam,
547 1092 678 1134 utpote
708 1087 918 1134 intelligen-

210 1156 301 1193 tem,
324 1151 370 1186 ab
400 1151 574 1199 exemplo
606 1151 753 1187 Israelis
784 1151 918 1187 dehor-

208 1221 312 1251 tatur
334 1218 381 1251 78
404 1229 424 1251 a
441 1228 483 1261 ος
520 1216 699 1252 Israelem
721 1229 853 1252 vaceae
873 1217 919 1252 ab

210 1286 336 1315 oestro
357 1281 564 1316 concitatae
586 1287 779 1328 comparat
802 1283 850 1317 79
875 1293 917 1326 e;

211 1344 405 1392 Ephraim,
426 1344 534 1380 idolis
559 1345 741 1385 deditum,
762 1358 827 1393 per
854 1358 921 1381 sua

210 1409 390 1445 sacrificia
410 1409 717 1445 confundendum
739 1409 789 1446 ait
811 1411 860 1447 80
877 1423 918 1456 e3

210 1474 468 1510 sacerdotibus
495 1474 633 1510 iterum
654 1474 841 1522 judicium
864 1474 919 1510 in-

210 1544 344 1580 tentat,
375 1539 480 1586 quasi
516 1551 582 1587 pro
617 1539 750 1587 laqueo
784 1545 821 1575 et
850 1539 920 1576 reti

210 1603 369 1639 fuissent
407 1603 547 1652 populo
586 1605 637 1639 82
669 1604 715 1649 b;
759 1604 924 1640 declarat

212 1668 406 1716 Ephraim,
432 1681 454 1703 a
482 1668 562 1704 Deo
592 1669 686 1704 bene
716 1669 923 1716 cognitum,

213 1733 335 1769 Deum
352 1745 427 1768 non
448 1745 678 1781 cognoscere
696 1735 745 1769 83
760 1734 799 1778 b;
822 1735 871 1769 84
887 1745 923 1778 a;

213 1803 251 1832 et
283 1803 362 1832 tum
395 1797 584 1838 Israelem,
615 1803 695 1833 tum
725 1797 875 1841 Judam,
905 1810 926 1832 a

214 1862 296 1897 Deo
329 1861 570 1902 declinantes,
603 1862 726 1897 Deum
760 1875 835 1897 non
870 1862 924 1897 in-

214 1931 394 1961 venturos
417 1927 465 1961 85
488 1938 534 1970 a3
566 1926 788 1974 Benjamino
809 1926 925 1962 solem

215 1990 387 2027 adoranti
414 1990 577 2026 minatur
604 1992 653 2026 86
676 1990 724 2036 b;
759 1996 796 2026 et
822 1991 924 2039 prin·

215 2055 357 2103 cipibus
376 2055 508 2094 Judae,
530 2055 711 2090 terminos
734 2061 924 2102 transgre-

214 2120 402 2156 dientibus
442 2121 490 2155 88
532 2119 580 2164 d,
624 2119 680 2154 his
719 2119 771 2155 ait
803 2120 925 2156 Deum

216 2184 408 2220 stimulum
434 2184 614 2228 futurum,
644 2184 695 2219 illi
722 2185 921 2220 conturba—

215 2249 356 2285 tionem
380 2250 429 2284 89
450 2248 473 2283 b
486 2261 495 2293 ;
527 2248 706 2296 Ephraim
727 2249 773 2284 ad
796 2261 924 2297 regem

215 2313 336 2349 Jarim
364 2313 512 2361 legatos
542 2312 751 2349 mittentem
783 2313 926 2350 deridet

216 2380 263 2414 91
288 2390 330 2422 e;
365 2377 487 2413 Deum
514 2382 551 2413 et
577 2378 622 2418 ei,
645 2383 682 2413 et
700 2377 821 2414 Judae
841 2384 924 2414 tan-

216 2455 327 2490 quam
364 2442 511 2478 leonem
560 2441 725 2478 futurum
764 2442 927 2479 minatur

217 2509 267 2544 93
293 2520 339 2554 a3
379 2506 498 2542 donec
526 2506 564 2542 in
590 2506 741 2542 Christo
771 2507 926 2544 redeant

216 2574 266 2608 94
282 2584 301 2607 c
313 2584 322 2616 ;
344 2571 548 2607 eorundem
569 2571 730 2606 reditum
751 2571 925 2608 describit

217 2638 267 2672 94
299 2648 340 2681 e3
382 2636 472 2671 item
502 2636 623 2671 Deum
655 2635 807 2672 eosdem
841 2649 925 2672 rore

215 2700 492 2736 misericordiae
554 2712 642 2736 suae
706 2700 923 2748 irrigantem

217 2767 267 2801 97
306 2765 355 2810 b3
406 2764 757 2812 Pseudoprophetas
800 2771 925 2801 autem

216 2829 469 2865 demetentem
500 2831 549 2865 97
572 2829 617 2871 d;
651 2834 688 2865 et
717 2829 924 2865 misericor-

218 2893 332 2939 diam,
342 2907 417 2930 non
430 2894 660 2935 holocausta,
672 2893 925 2942 postulantem

218 2959 267 2994 98
293 2970 338 3004 a3
378 2958 557 2995 Israelitis
586 2958 924 3006 transgressionem

699 188 909 223 lNDEX
972 186 1213 223 RERUM.
1676 191 1751 223 723

1042 310 1272 346 Testamenti
1295 311 1497 358 exprobrat
1518 313 1568 347 99
1583 323 1624 355 c;
1649 324 1754 359 prae-

1045 375 1162 423 cipue,
1180 388 1275 423 quae
1297 376 1343 411 ad
1365 375 1508 411 Galaad
1529 376 1648 412 factae
1670 381 1756 412 sunt

1046 440 1344 476 abominationes
1369 443 1439 477 101
1464 441 1512 484 b;
1543 447 1579 476 et
1603 442 1755 477 caedem

1046 504 1299 541 Sicimitarum
1319 507 1392 541 102
1408 518 1442 550 c;
1465 506 1570 553 cujus
1586 513 1757 541 auctores

1046 570 1120 605 irae
1148 583 1234 605 suae
1262 570 1445 617 primitias
1466 576 1687 618 experturos
1707 570 1758 606 ait

1051 636 1123 670 103
1146 635 1190 679 b;
1222 635 1461 683 reprehendit
1484 635 1631 670 Israelis
1651 647 1757 670 men-

1047 698 1162 739 dacia,
1194 704 1230 734 et
1260 699 1455 735 latrocinia
1486 702 1560 736 105
1583 712 1624 744 e;
1665 712 1757 747 quae¹

1046 764 1174 799 omnia
1198 777 1218 799 a
1246 764 1327 799 Deo
1357 765 1552 800 recordata
1581 777 1662 800 esse
1692 764 1755 800 de-

1046 828 1161 864 clarat
1200 831 1273 865 106
1309 829 1352 874 d;
1396 829 1432 864 in
1468 829 1659 865 maleficiis
1693 841 1758 865 eos

1046 893 1156 928 ctiam
1187 893 1317 929 laetari
1347 894 1515 942 queritur
1544 896 1618 930 107
1640 906 1681 938 c;
1717 899 1757 930 ut

1046 958 1231 994 clibanum
1261 959 1447 1000 ardentes,
1470 964 1510 994 ut
1530 958 1756 994 fermentum

1045 1023 1291 1058 fermentatos
1325 1025 1399 1059 108
1427 1023 1474 1068 b;
1519 1023 1705 1071 principes
1738 1035 1759 1059 a

1048 1087 1133 1122 vino
1162 1088 1284 1123 furere
1315 1088 1365 1123 ait
1396 1090 1470 1124 109
1493 1100 1534 1133 e;
1575 1093 1613 1124 et
1638 1093 1757 1123 totam

1047 1152 1209 1188 dormire
1239 1158 1402 1194 noctem,
1429 1159 1465 1188 et
1495 1165 1605 1200 reges
1634 1159 1672 1188 et
1696 1153 1757 1201 ju-

1048 1216 1148 1252 dices
1173 1219 1247 1253 110
1266 1217 1310 1261 b3
1337 1219 1408 1252 111
1431 1229 1471 1262 a;
1500 1217 1651 1253 eosdem
1673 1216 1759 1265 pani

1047 1287 1180 1316 exusto
1224 1286 1417 1329 comparat
1460 1284 1529 1317 111
1573 1281 1620 1326 b;
1668 1282 1758 1317 item

1048 1346 1242 1382 columbae
1263 1346 1452 1393 insipienti
1474 1348 1548 1382 112
1566 1358 1607 1391 e;
1629 1359 1754 1394 quam—

1048 1410 1104 1445 vis
1125 1416 1250 1445 essent
1270 1410 1466 1458 redempti,
1483 1411 1545 1453 ait,
1560 1411 1759 1446 mendaces

1050 1480 1167 1516 erant,
1182 1474 1381 1516 libidinosi,
1396 1475 1487 1510 ebrii
1507 1478 1580 1511 114
1595 1475 1639 1520 b3
1662 1474 1761 1510 idola

1049 1552 1190 1580 versus,
1221 1540 1317 1575 sieut
1351 1552 1470 1581 arcus,
1504 1540 1646 1576 extenti
1685 1541 1758 1576 116

1048 1617 1069 1640 a
1088 1605 1134 1649 b;
1175 1604 1211 1639 in
1243 1604 1368 1652 gladio
1403 1604 1550 1645 cadent,
1581 1605 1759 1652 Aegypto

1049 1669 1207 1704 fidentes
1232 1670 1305 1704 116
1328 1681 1368 1714 e;
1404 1671 1477 1705 117
1502 1669 1545 1713 b3
1581 1669 1777 1716 pietatem.

1049 1733 1278 1775 simulantes,
1306 1733 1374 1768 sibi
1404 1733 1492 1780 ipsis
1520 1741 1645 1769 tamen
1673 1746 1757 1781 reg-

1048 1803 1180 1833 nantes
1214 1799 1287 1833 118
1311 1798 1392 1843 adg
1424 1797 1539 1834 vitulo
1569 1798 1759 1835 Samariae

1049 1862 1225 1909 populum
1241 1862 1433 1898 seducenti
1449 1863 1611 1899 minatur
1628 1865 1702 1900 119
1718 1863 1758 1909 d;

1049 1926 1127 1962 vasi
1170 1927 1292 1962 inutili
1338 1933 1530 1975 comparat
1569 1928 1759 1974 Israelem,

1050 1996 1178 2038 utpote
1227 1991 1323 2027 inter
1370 1997 1504 2039 gentes
1550 1993 1759 2040 projectum

1053 2057 1126 2091 120
1149 2068 1189 2101 e;
1222 2057 1293 2091 121
1319 2068 1359 2101 c;
1391 2056 1550 2092 eundem
1572 2057 1623 2092 ait
1644 2057 1759 2093 susci-

1048 2119 1227 2167 piendum
1261 2120 1308 2156 ad
1342 2133 1500 2167 poenam
1536 2126 1574 2156 et
1607 2122 1759 2170 regibus

1048 2184 1269 2232 privandum
1300 2185 1374 2220 122
1397 2197 1438 2230 03
1469 2185 1759 2234 multiplicantes

1049 2248 1179 2284 altaria
1227 2254 1264 2284 et
1316 2261 1466 2285 carnem
1518 2250 1759 2287 comedentes

1049 2313 1163 2354 Deus,
1178 2313 1240 2354 ait,
1258 2313 1459 2350 ulciscetur
1478 2316 1551 2351 123
1566 2315 1607 2361 b;
1634 2317 1707 2351 124
1723 2328 1758 2361 ος

1048 2377 1139 2414 item
1163 2378 1353 2426 Aegypto,
1375 2378 1551 2426 Assyriis,
1572 2385 1610 2415 et
1636 2380 1758 2415 muni-

1048 2442 1212 2478 tionibus
1242 2443 1405 2478 confisos
1438 2445 1511 2479 125
1534 2456 1575 2489 a3
1614 2446 1689 2480 126
1711 2456 1757 2490 a;

1050 2507 1227 2543 Israelem
1271 2507 1456 2549 hortatur,
1495 2520 1542 2544 ne
1581 2509 1757 2557 gaudeat,

1048 2571 1130 2607 Deo
1179 2571 1408 2608 idololatrias
1460 2572 1540 2620 ejus
1590 2574 1758 2620 pestibus

1048 2635 1158 2671 variis
1181 2636 1380 2672 ulciscente
1404 2638 1479 2672 126
1501 2649 1520 2672 e
1533 2650 1542 2683 3
1563 2637 1611 2672 ad
1632 2637 1755 2673 Mem-

1047 2700 1150 2748 phim
1185 2700 1457 2748 confugientes,
1487 2706 1525 2737 et
1557 2701 1758 2750 Aegyptiis

1047 2765 1176 2809 fretos,
1202 2777 1286 2800 cum
1314 2764 1358 2800 iis
1387 2765 1573 2812 perituros
1601 2766 1755 2802 demon-

1049 2835 1142 2865 strat
1167 2830 1240 2865 129
1262 2841 1304 2875 ος
1340 2829 1437 2866 diem
1465 2830 1645 2879 praedicit
1672 2831 1756 2866 ulti-

1049 2893 1144 2935 onis,
1184 2893 1394 2930 insaniente
1432 2900 1513 2930 tum
1552 2894 1755 2943 Propheta,

1049 2965 1127 2995 tum
1147 2958 1284 3006 populo
1308 2961 1378 2996 131
1404 2972 1425 2996 a
1440 2971 1460 2996 e
1473 2971 1482 3006 ;
1512 2959 1550 2996 in
1570 2959 1754 3008 principes

1185 3033 1213 3071 4
1232 3033 1253 3060 z
1276 3033 1300 3063 2
