2007 3387
86 1029 166 1061 Lev.
180 1028 246 1059 xxi.

92 1082 160 1112 1-4.

87 1122 208 1156 lb.10,1
220 1128 246 1150 1.

310 170 396 210 272
702 170 748 209 Β.
794 167 1075 209 CYRILLI
1127 167 1511 208 ALEXANDR.
1679 166 1720 206 ii.
1744 177 1892 215 10—14.

377 277 492 329 “Orc
528 277 588 340 δὲ,
616 280 678 331 ὡς
716 277 849 344 ἔφην,
877 281 972 327 τῶν
1009 278 1244 343 ε’μποριῶν
1282 276 1428 339 ἕνεκα,
1455 278 1531 327 καὶ
1570 279 1664 326 τῶν
1699 277 1748 326 ἐκ
1785 273 1894 325 ταύ-

310 383 393 424 της
419 359 693 424 λημμάτων,
719 359 947 423 βεβήλοις
980 358 1211 426 ἀνδράσιν
1245 358 1606 425 ἀναμιγνύμενοι
1635 358 1683 408 ἐν
1713 356 1895 425 μεθέξει

309 442 496 495 ποίντως
536 443 612 492 καὶ
651 442 782 492 αὐτοὶ
827 444 910 506 τῆς
950 443 1133 493 ἐκείνων
1171 442 1359 492 ε”σονται
1397 442 1659 507 βδελυρίας,
1700 439 1775 492 διὰ
1812 442 1895 503 τῆς

308 524 465 589 ἑτέρας
508 522 838 590 ἐπερωτήσεως
882 525 1167 589 καθίστησιν
1217 524 1417 590 ἐναργές·
1469 523 1559 591 ε”φη
1603 522 1696 590 γὰρ
1747 522 1894 574 πάλιν

306 606 411 657 Ἐἒιν
450 602 636 676 ἅψηται
677 606 986 675 μεμιασμεβνος
1023 608 1095 659 ἐπὶ
1137 606 1273 682 ’ψυχῇ
1313 607 1406 658 ἀπὶ
1449 606 1615 661 παντὶς
1655 606 1818 667 τούτων,
1859 610 1935 656 εἶ5

306 687 619 756 μιανθήσεταις
675 695 752 741 καὶ
797 689 1093 757 απεκριθησοιν
1144 696 1176 741 οἱ
1224 693 1341 759 ἱερεῖς
1396 695 1471 741 καὶ
1526 688 1643 741 εἶπον
1694 686 1890 748 Μιανθή-

269 794 450 825 efferat.
523 770 818 840 προστέταχε
869 772 952 835 μὲν
1001 772 1095 839 γὰρ
1140 774 1164 823 ὁ
1210 771 1284 823 διὰ
1328 772 1576 826 Μωυσέως
1617 770 1757 833 νόμος
1798 775 1894 824 τοῖς

308 853 608 919 ἡγιασμένοις
651 861 812 921 νεκροῦ
855 855 1078 918 σώματος
1118 854 1182 920 μὴ
1226 857 1479 921 ἀποθίγειν,
1524 853 1639 919 μήτε
1679 852 1773 918 μὴν
1813 855 1894 903 ἀν-

308 937 512 1002 θρώποις
564 942 816 989 τεθνεῶσιν
872 940 1135 1007 ἐπιφοιτᾶν.
1229 941 1303 989 καὶ
1360 944 1473 1004 γοῦν
1530 937 1621 1006 ἔφη
1678 941 1771 988 δεῖν
1827 934 1892 1000 μὴ

308 1021 697 1084 καταμιαίνεσθαι
745 1020 853 1075 τοὺς
904 1021 1169 1088 ἱερουργοὺς
1220 1025 1256 1072 εἰ
1308 1020 1372 1084 μὴ
1418 1021 1492 1071 ἐπὶ
1541 1019 1700 1082 μόνοις
1749 1020 1892 1085 πατρὶ
1915 1038 1962 1063 10

307 1104 382 1153 καὶ
421 1106 561 1169 μητρὶ
607 1107 682 1154 καὶ
726 1105 970 1170 ἀδελφοῖς,
1015 1103 1097 1155 τὸν
1138 1104 1192 1155 δέ
1230 1127 1283 1170 γε
1329 1108 1423 1154 τῶν
1467 1106 1600 1169 ἱερῶν
1639 1101 1893 1168 ταγμάτων

305 1186 634 1252 προεστηκότα
684 1209 733 1237 τε
785 1189 859 1238 καὶ
907 1188 1177 1254 προῦχοντα
1227 1187 1341 1251 μηδὲ
1393 1189 1466 1237 ἐπὶ
1516 1185 1697 1240 τούτοις
1747 1185 1886 1238 ὅλως.

307 1268 500 1334 αἴνιγμα
547 1267 595 1320 δὲ
641 1268 695 1320 τὸ
740 1270 1105 1333 κεκελευσμένον
1152 1268 1225 1334 ἧν·
1283 1269 1397 1321 σκιὰ
1447 1268 1540 1335 γὰρ
1586 1270 1610 1320 ὁ
1656 1268 1811 1332 νόμος·
1866 1268 1891 1318 ὁ

307 1350 400 1417 γάρ
451 1375 522 1403 τοι
572 1351 729 1418 νεκρὸς
779 1357 953 1419 νεκρῶν
995 1353 1145 1419 ἔργων
1195 1354 1269 1403 καὶ
1319 1352 1612 1418 ἀκαθαρσίας
1663 1353 1892 1415 κοσμικῆς

263 1444 290 1484 d
307 1433 451 1488 τύπος
477 1433 534 1485 ἂν
561 1435 627 1499 εἰἠ
653 1434 820 1486 πάλιν.
876 1440 946 1487 δεῖ
968 1435 1015 1487 δὲ
1041 1433 1165 1498 οἶμαι
1190 1435 1297 1489 τοὺς
1324 1435 1448 1500 ἱεράν
1473 1458 1522 1485 τε
1549 1436 1624 1485 καὶ
1649 1433 1892 1499 πάναγνον
1914 1447 1959 1487 15

305 1517 630 1582 ε’πησκηκότας
667 1518 800 1584 ζωὴν,
837 1523 1010 1585 νεκρῶν
1050 1518 1201 1583 ε”ργων
1243 1517 1649 1585 ἀπονοσφίζεσθαι
1688 1519 1762 1567 καὶ
1801 1539 1891 1566 σα-

305 1601 445 1666 πρίας
485 1604 714 1665 κοσμικῆς
756 1602 1111 1653 ἀπανίστασθαι
1151 1605 1321 1670 φιλεῖν.
1386 1599 1495 1650 ἀλλ’
1539 1604 1575 1650 εὶ
1617 1599 1796 1663 συνέβη
1835 1598 1889 1650 τὸ

305 1682 519 1747 τηνικάδε
569 1683 943 1752 ἐπιφοιτήσαντα
1004 1688 1148 1754 νεκρῷ
1197 1707 1320 1737 τινος
1371 1687 1463 1734 τῶν
1508 1683 1672 1733 ἄλλων
1722 1681 1886 1733 ἀποθί-

306 1788 418 1831 γειν,
462 1765 489 1831 ἢ
535 1766 786 1834 ἀνθρώπου
824 1766 985 1834 τυχὸν,
1031 1766 1176 1833 ἤγουν
1215 1767 1484 1829 ἐδέσματος,
1524 1771 1662 1816 τοῦτο
1703 1765 1890 1819 πάντως

306 1849 363 1914 ἧν
405 1851 524 1902 κατὰ
560 1851 702 1916 νόμον
741 1854 789 1903 ἐν
826 1856 1081 1922 μολυσμῴ.
1150 1854 1298 1921 ε’ρωτᾷ
1333 1849 1389 1915 δὴ
1430 1852 1510 1902 οὖν
1546 1852 1570 1901 ὁ
1615 1850 1889 1919 Προφήτης,
1912 1877 1960 1902 20

306 1937 343 1984 εὶ
394 1933 506 1985 ὅταν
554 1959 622 1990 τις
678 1941 841 2002 νεκροῦ
894 1936 1118 1999 σώματος
1168 1934 1427 2003 ἁψάμενος,
1478 1932 1575 1985 εἶτα
1624 1931 1891 1998 μεμενηκῶς

306 2016 621 2071 ἀναπόνιπτος
662 2017 819 2084 ἑτέρου
865 2018 990 2072 τινὸς
1031 2016 1209 2086 ἅψαιτο
1253 2016 1410 2086 τυχὸν,
1452 2020 1488 2067 εἰ
1528 2015 1682 2080 πάντη
1726 2039 1775 2066 τε
1814 2019 1889 2066 καὶ

305 2098 494 2153 πάντως
535 2099 676 2151 αὐτὸν
718 2102 1010 2169 καταμιαίνῃ.
1076 2105 1170 2151 τῶν
1213 2101 1260 2152 δὲ
1312 2098 1560 2166 εἰρηκότων
1600 2098 1654 2150 τό
1701 2102 1886 2149 Μιανεῖ·

268 2180 476 2233 Ολοιπὸν
513 2183 720 2252 ἐπιφέρει
747 2182 866 2237 Θεός
890 2184 1046 2239 Οὕτως
1082 2190 1099 2235 o‘
1135 2183 1249 2239 λαὶς
1282 2183 1398 2238 οὗτος
1434 2189 1510 2234 καὶ
1545 2182 1674 2238 οὕτως
1700 2182 1745 2233 τὶ
1782 2180 1888 2237 ἔθνος

306 2267 424 2318 τοῦτο
451 2267 620 2320 ἐνώπιόν
644 2293 730 2336 μου
755 2268 879 2334 λέγει
921 2268 1083 2337 Κύριος,
1116 2274 1192 2320 καὶ
1234 2268 1338 2320 οὕτω
1376 2269 1529 2320 πάντα
1567 2266 1626 2319 τὰ
1665 2270 1774 2336 ἔργα
1807 2267 1886 2318 τῶν
1909 2288 1956 2327 25

305 2350 454 2420 χειρῶν
479 2350 616 2402 αὐτῶν
637 2349 761 2417 λε’γει
786 2350 947 2421 Κύριος,
989 2356 1066 2403 καὶ
1102 2353 1148 2406 ὂς
1181 2350 1232 2404 ὁὲν
1268 2352 1427 2426 {ysso-35
1461 2352 1561 2413 ἐκεῖ,
1587 2349 1884 2419 μιανθήσετοιι.

305 2432 461 2498 ἐπειδὴ
502 2433 596 2500 γὰρ
634 2438 809 2500 νεκρῶν
849 2434 999 2500 ε”ργων
1043 2434 1250 2497 ἅπτεται,
1292 2436 1455 2503 φησὶν,
1496 2434 1597 2501 οὐχὶ
1641 2435 1886 2497 μεμίανται

356 2632 385 2653 1.
412 2619 447 2653 ἐκ
465 2619 591 2654 τούτων
609 2619 657 2654 D.
1177 2620 1209 2655 6.
1236 2620 1288 2654 καὶ
1306 2619 1536 2665 ἀπεκρίθησαν
1553 2620 1583 2653 οἶ
1600 2619 1697 2663 ἱερεῖς
1714 2619 1766 2652 καὶ
1789 2618 1882 2652 B.D.

303 2667 334 2699 οἱ
352 2666 387 2700 δὲ
408 2666 498 2701 Edd.
856 2678 889 2711 9.
915 2667 959 2711 μὴ
977 2679 1047 2701 om.
1066 2667 1159 2701 Aub.
1519 2677 1570 2700 10.
1596 2667 1698 2709 πατρὶ
1715 2666 1768 2699 καὶ
1784 2666 1884 2710 μητρὶ

304 2713 371 2747 hoc
389 2713 510 2748 ordine
529 2713 622 2748 B.D.
1032 2725 1084 2748 11.
1110 2715 1274 2759 ἀδελφοῖς
1294 2713 1386 2748 B.D.
1405 2714 1546 2760 ἀδελφῷ
1566 2713 1618 2746 καὶ
1636 2712 1770 2757 ἀδελφῇ
1792 2712 1883 2746 Edd.

308 2771 362 2794 12.
387 2775 423 2794 τε
451 2767 672 2805 assumptum
699 2772 740 2794 ex
768 2760 814 2794 D.
885 2761 930 2805 μὴ
956 2773 1018 2806 pro
1043 2761 1126 2805 μηδὲ
1148 2761 1194 2795 D.
1262 2760 1358 2795 Haec
1385 2767 1558 2805 postrema
1583 2760 1802 2793 conferebam
1829 2758 1884 2793 die

303 2806 381 2850 ipso
399 2819 469 2853 quo
487 2820 507 2841 a
526 2808 647 2842 Monte
667 2807 796 2841 Sancto
815 2807 968 2850 discessi,
987 2820 1050 2842 nec
1077 2808 1174 2842 finire
1198 2808 1317 2852 potui:
1345 2813 1556 2852 quapropter
1572 2818 1684 2852 usque
1708 2805 1751 2840 ad
1779 2806 1883 2840 finem

305 2852 499 2898 Prophetae
517 2854 633 2900 hujus,
652 2866 722 2888 non
741 2860 793 2888 est
810 2854 988 2889 adhibitus
1008 2855 1054 2889 D.
1073 2855 1140 2889 nisi
1158 2854 1200 2888 ad
1218 2855 1293 2888 loca
1310 2853 1492 2900 quaedam.
1702 2863 1754 2898 15.
1780 2854 1884 2887 πάλιν

304 2907 527 2945 assumptum
545 2914 586 2935 ex
607 2901 648 2935 B.
795 2902 847 2936 18.
873 2901 1141 2947 ἐπιφοιτήσαντα
1157 2907 1377 2946 assumptum
1395 2913 1436 2934 ex
1455 2900 1497 2935 B.
1642 2911 1696 2934 22.
1722 2901 1828 2943 πάντη
1846 2914 1883 2934 τε

304 2946 357 2979 καὶ
376 2955 555 2992 assumpta
573 2960 614 2981 ex
635 2947 713 2983 B.b.
1093 2959 1147 2993 23.
1175 2949 1378 2992 καταμιαινεῖ
1394 2947 1428 2982 b.
1493 2948 1531 2981 τό
1548 2953 1769 2992 assumptum
1787 2958 1828 2981 ex
1847 2946 1881 2981 b.

306 3002 361 3034 25.
387 2994 494 3027 πάντα
511 3006 581 3028 om.
599 2995 634 3029 b.
781 2995 834 3029 26.
865 2995 960 3030 Haec
978 2995 1070 3042 λέγει
1089 2995 1211 3039 Κύριος
1228 3000 1406 3040 assumpta
1423 3006 1463 3028 ex
1485 2994 1526 3028 B.
1546 2994 1672 3028 desunt
1691 2994 1725 3028 in
1743 2994 1777 3028 b.
