<?xml version="1.0" encoding="UTF-8"?>
<!DOCTYPE html PUBLIC "-//W3C//DTD XHTML 1.0 Transitional//EN"
    "http://www.w3.org/TR/xhtml1/DTD/xhtml1-transitional.dtd">
<html xmlns="http://www.w3.org/1999/xhtml" xml:lang="en" lang="en">
 <head>
  <title>
</title>
<meta http-equiv="Content-Type" content="text/html;charset=utf-8" />
  <meta name='ocr-system' content='tesseract 3.04.00' />
  <meta name='ocr-capabilities' content='ocr_page ocr_carea ocr_par ocr_line ocrx_word'/>
</head>
<body>
  <div class='ocr_page' id='page_1' title='image "./operacyrilli02cyriuoft/operacyrilli02cyriuoft_0203.png"; bbox 0 0 1997 3361; ppageno 0'>
   <div class='ocr_carea' id='block_1_1' title="bbox 87 166 1657 219">
    <p class='ocr_par' dir='ltr' id='par_1_1' title="bbox 87 166 1657 219">
     <span class='ocr_line' id='line_1_1' title="bbox 87 166 1657 219; baseline 0.005 -13"><span class='ocrx_word' id='word_1_1' title='bbox 87 166 126 207; x_wconf 89' lang='lat' dir='ltr'>ii.</span> <span class='ocrx_word' id='word_1_2' title='bbox 149 182 188 219; x_wconf 78' lang='lat'>4.</span> <span class='ocrx_word' id='word_1_3' title='bbox 461 174 534 215; x_wconf 90' lang='lat' dir='ltr'>IN</span> <span class='ocrx_word' id='word_1_4' title='bbox 581 176 995 217; x_wconf 74' lang='lat' dir='ltr'>SOPHONIAM.</span> <span class='ocrx_word' id='word_1_5' title='bbox 1058 178 1278 219; x_wconf 85' lang='lat' dir='ltr'>TOM.1.</span> <span class='ocrx_word' id='word_1_6' title='bbox 1584 178 1657 215; x_wconf 71' lang='grc'>195</span> 
     </span>
    </p>
   </div>
   <div class='ocr_carea' id='block_1_2' title="bbox 83 279 1661 516">
    <p class='ocr_par' dir='ltr' id='par_1_2' title="bbox 83 279 1661 516">
     <span class='ocr_line' id='line_1_2' title="bbox 86 279 1661 352; baseline 0.007 -25"><span class='ocrx_word' id='word_1_7' title='bbox 86 283 169 328; x_wconf 85' lang='grc' dir='ltr'>τοῦ</span> <span class='ocrx_word' id='word_1_8' title='bbox 204 282 326 331; x_wconf 78' lang='grc' dir='ltr'>Θεοῦ</span> <span class='ocrx_word' id='word_1_9' title='bbox 361 279 502 350; x_wconf 74' lang='grc' dir='ltr'>δόξης</span> <span class='ocrx_word' id='word_1_10' title='bbox 544 287 585 334; x_wconf 79' lang='grc' dir='ltr'>οἱ</span> <span class='ocrx_word' id='word_1_11' title='bbox 621 283 831 347; x_wconf 80' lang='grc' dir='ltr'>τάλανες,</span> <span class='ocrx_word' id='word_1_12' title='bbox 873 287 1080 352; x_wconf 88' lang='grc' dir='ltr'>σκληροί</span> <span class='ocrx_word' id='word_1_13' title='bbox 1113 310 1161 336; x_wconf 87' lang='grc' dir='ltr'>τε</span> <span class='ocrx_word' id='word_1_14' title='bbox 1200 289 1275 337; x_wconf 86' lang='grc' dir='ltr'>καὶ</span> <span class='ocrx_word' id='word_1_15' title='bbox 1315 284 1526 350; x_wconf 78' lang='grc' dir='ltr'>ἄτεγκτοι</span> <span class='ocrx_word' id='word_1_16' title='bbox 1566 289 1661 339; x_wconf 87' lang='grc' dir='ltr'>τοῖς</span> 
     </span>
     <span class='ocr_line' id='line_1_3' title="bbox 85 362 1656 434; baseline 0.004 -24"><span class='ocrx_word' id='word_1_17' title='bbox 85 362 383 429; x_wconf 86' lang='grc' dir='ltr'>πεπραχόσιν</span> <span class='ocrx_word' id='word_1_18' title='bbox 418 365 594 418; x_wconf 84' lang='grc' dir='ltr'>ἀθλίως</span> <span class='ocrx_word' id='word_1_19' title='bbox 635 366 866 430; x_wconf 78' lang='grc' dir='ltr'>ἀπήντων,</span> <span class='ocrx_word' id='word_1_20' title='bbox 901 368 954 418; x_wconf 85' lang='grc' dir='ltr'>τὸ</span> <span class='ocrx_word' id='word_1_21' title='bbox 993 374 1249 434; x_wconf 82' lang='grc' dir='ltr'>συναλγεῖν</span> <span class='ocrx_word' id='word_1_22' title='bbox 1286 366 1656 432; x_wconf 86' lang='grc' dir='ltr'>παραιτούμενοι·</span> 
     </span>
     <span class='ocr_line' id='line_1_4' title="bbox 83 443 1660 516; baseline 0.004 -24"><span class='ocrx_word' id='word_1_23' title='bbox 83 447 273 505; x_wconf 84' lang='grc' dir='ltr'>μᾶλλον</span> <span class='ocrx_word' id='word_1_24' title='bbox 298 443 345 495; x_wconf 78' lang='grc' dir='ltr'>δὲ</span> <span class='ocrx_word' id='word_1_25' title='bbox 383 448 457 496; x_wconf 80' lang='grc' dir='ltr'>καὶ</span> <span class='ocrx_word' id='word_1_26' title='bbox 492 447 662 513; x_wconf 78' lang='grc' dir='ltr'>ἀγρίως</span> <span class='ocrx_word' id='word_1_27' title='bbox 691 453 749 516; x_wconf 85' lang='grc' dir='ltr'>τῇ</span> <span class='ocrx_word' id='word_1_28' title='bbox 782 451 889 515; x_wconf 81' lang='grc' dir='ltr'>παρ’</span> <span class='ocrx_word' id='word_1_29' title='bbox 918 451 1092 501; x_wconf 84' lang='grc' dir='ltr'>ἑαυτῶν</span> <span class='ocrx_word' id='word_1_30' title='bbox 1116 449 1357 514; x_wconf 85' lang='grc' dir='ltr'>σκαιότητι</span> <span class='ocrx_word' id='word_1_31' title='bbox 1385 448 1491 503; x_wconf 79' lang='grc' dir='ltr'>τοὺς</span> <span class='ocrx_word' id='word_1_32' title='bbox 1519 449 1660 500; x_wconf 86' lang='grc' dir='ltr'>ἁλόν-</span> 
     </span>
    </p>
   </div>
   <div class='ocr_carea' id='block_1_3' title="bbox 83 527 1661 597">
    <p class='ocr_par' dir='ltr' id='par_1_3' title="bbox 83 527 1661 597">
     <span class='ocr_line' id='line_1_5' title="bbox 83 527 1661 597; baseline 0.005 -23"><span class='ocrx_word' id='word_1_33' title='bbox 83 547 167 578; x_wconf 92' lang='grc' dir='ltr'>τας</span> <span class='ocrx_word' id='word_1_34' title='bbox 192 527 572 595; x_wconf 74' lang='grc' dir='ltr'>ἐπιφορτίζοντες.</span> <span class='ocrx_word' id='word_1_35' title='bbox 637 531 686 580; x_wconf 85' lang='grc' dir='ltr'>τί</span> <span class='ocrx_word' id='word_1_36' title='bbox 716 531 827 592; x_wconf 74' lang='grc' dir='ltr'>οὖνς</span> <span class='ocrx_word' id='word_1_37' title='bbox 867 531 984 597; x_wconf 77' lang='grc' dir='ltr'>μετὰ</span> <span class='ocrx_word' id='word_1_38' title='bbox 1016 538 1152 583; x_wconf 83' lang='grc' dir='ltr'>τοῦτο</span> <span class='ocrx_word' id='word_1_39' title='bbox 1178 534 1407 595; x_wconf 80' lang='grc' dir='ltr'>ἐπανῆκον</span> <span class='ocrx_word' id='word_1_40' title='bbox 1433 532 1517 596; x_wconf 72' lang='grc' dir='ltr'>μὲν</span> <span class='ocrx_word' id='word_1_41' title='bbox 1543 531 1661 582; x_wconf 76' lang='grc' dir='ltr'>κατὰ</span> 
     </span>
    </p>
   </div>
   <div class='ocr_carea' id='block_1_4' title="bbox 43 606 1698 683">
    <p class='ocr_par' dir='ltr' id='par_1_4' title="bbox 43 606 1698 683">
     <span class='ocr_line' id='line_1_6' title="bbox 43 606 1698 683; baseline 0.007 -27"><span class='ocrx_word' id='word_1_42' title='bbox 43 606 268 673; x_wconf 73' lang='grc' dir='ltr'>5καιροὺς</span> <span class='ocrx_word' id='word_1_43' title='bbox 309 610 359 660; x_wconf 79' lang='grc' dir='ltr'>ἐκ</span> <span class='ocrx_word' id='word_1_44' title='bbox 400 613 481 674; x_wconf 81' lang='grc' dir='ltr'>τῆς</span> <span class='ocrx_word' id='word_1_45' title='bbox 522 613 850 679; x_wconf 82' lang='grc' dir='ltr'>αἰχμαλωσίας</span> <span class='ocrx_word' id='word_1_46' title='bbox 896 618 936 664; x_wconf 78' lang='grc' dir='ltr'>οἱ</span> <span class='ocrx_word' id='word_1_47' title='bbox 976 615 1032 683; x_wconf 74' lang='grc' dir='ltr'>ἐξ</span> <span class='ocrx_word' id='word_1_48' title='bbox 1070 616 1284 680; x_wconf 88' lang='grc' dir='ltr'>Ἰσραὴλ,</span> <span class='ocrx_word' id='word_1_49' title='bbox 1328 615 1485 681; x_wconf 83' lang='grc' dir='ltr'>Κύρου</span> <span class='ocrx_word' id='word_1_50' title='bbox 1523 615 1698 677; x_wconf 71' lang='grc' dir='ltr'>μόλιςῡ</span> 
     </span>
    </p>
   </div>
   <div class='ocr_carea' id='block_1_5' title="bbox 17 690 1661 1339">
    <p class='ocr_par' dir='ltr' id='par_1_5' title="bbox 17 690 1661 1339">
     <span class='ocr_line' id='line_1_7' title="bbox 84 690 1661 764; baseline 0.006 -27"><span class='ocrx_word' id='word_1_51' title='bbox 84 690 282 753; x_wconf 73' lang='grc' dir='ltr'>ἀνέντος,</span> <span class='ocrx_word' id='word_1_52' title='bbox 310 693 383 741; x_wconf 72' lang='grc' dir='ltr'>καὶ</span> <span class='ocrx_word' id='word_1_53' title='bbox 423 692 478 756; x_wconf 82' lang='grc' dir='ltr'>δὴ</span> <span class='ocrx_word' id='word_1_54' title='bbox 518 695 565 744; x_wconf 82' lang='grc' dir='ltr'>ἐν</span> <span class='ocrx_word' id='word_1_55' title='bbox 598 699 693 748; x_wconf 88' lang='grc' dir='ltr'>τοῖς</span> <span class='ocrx_word' id='word_1_56' title='bbox 719 695 1065 760; x_wconf 87' lang='grc' dir='ltr'>Ἱεροσολύμοις</span> <span class='ocrx_word' id='word_1_57' title='bbox 1104 696 1347 762; x_wconf 82' lang='grc' dir='ltr'>γεγονότες</span> <span class='ocrx_word' id='word_1_58' title='bbox 1385 696 1661 764; x_wconf 72' lang='grc' dir='ltr'>ἀνετείχιζον</span> 
     </span>
     <span class='ocr_line' id='line_1_8' title="bbox 83 770 1661 842; baseline 0.006 -22"><span class='ocrx_word' id='word_1_59' title='bbox 83 770 168 834; x_wconf 87' lang='grc' dir='ltr'>τὴν</span> <span class='ocrx_word' id='word_1_60' title='bbox 206 772 362 836; x_wconf 87' lang='grc' dir='ltr'>πόλιν,</span> <span class='ocrx_word' id='word_1_61' title='bbox 405 777 477 825; x_wconf 73' lang='grc' dir='ltr'>καὶ</span> <span class='ocrx_word' id='word_1_62' title='bbox 525 776 665 826; x_wconf 82' lang='grc' dir='ltr'>αὐτὸν</span> <span class='ocrx_word' id='word_1_63' title='bbox 709 776 756 827; x_wconf 77' lang='grc' dir='ltr'>δὲ</span> <span class='ocrx_word' id='word_1_64' title='bbox 796 776 878 827; x_wconf 82' lang='grc' dir='ltr'>τὸν</span> <span class='ocrx_word' id='word_1_65' title='bbox 918 782 1040 829; x_wconf 91' lang='grc' dir='ltr'>θεῖον</span> <span class='ocrx_word' id='word_1_66' title='bbox 1082 779 1377 842; x_wconf 82' lang='grc' dir='ltr'>ἀνεδείμαντο</span> <span class='ocrx_word' id='word_1_67' title='bbox 1416 778 1540 840; x_wconf 78' lang='grc' dir='ltr'>ναὸν,</span> <span class='ocrx_word' id='word_1_68' title='bbox 1585 781 1661 829; x_wconf 83' lang='grc' dir='ltr'>καὶ</span> 
     </span>
     <span class='ocr_line' id='line_1_9' title="bbox 83 852 1660 927; baseline 0.007 -23"><span class='ocrx_word' id='word_1_69' title='bbox 83 852 208 918; x_wconf 76' lang='grc' dir='ltr'>ἦσαν</span> <span class='ocrx_word' id='word_1_70' title='bbox 226 854 313 920; x_wconf 69' lang='grc' dir='ltr'>ἤδη</span> <span class='ocrx_word' id='word_1_71' title='bbox 333 880 432 911; x_wconf 90' lang='grc' dir='ltr'>πως</span> <span class='ocrx_word' id='word_1_72' title='bbox 458 859 506 912; x_wconf 78' lang='grc' dir='ltr'>ε’ν,</span> <span class='ocrx_word' id='word_1_73' title='bbox 529 860 690 909; x_wconf 79' lang='grc' dir='ltr'>ἐλπίσι</span> <span class='ocrx_word' id='word_1_74' title='bbox 718 859 885 909; x_wconf 78' lang='grc' dir='ltr'>λοιπὸν</span> <span class='ocrx_word' id='word_1_75' title='bbox 911 865 992 910; x_wconf 83' lang='grc' dir='ltr'>τοῦ</span> <span class='ocrx_word' id='word_1_76' title='bbox 1018 862 1265 927; x_wconf 77' lang='grc' dir='ltr'>εὐημερεῖν,</span> <span class='ocrx_word' id='word_1_77' title='bbox 1286 860 1660 927; x_wconf 74' lang='grc' dir='ltr'>προασπίζοντος</span> 
     </span>
     <span class='ocr_line' id='line_1_10' title="bbox 22 938 1658 1007; baseline 0.006 -22"><span class='ocrx_word' id='word_1_78' title='bbox 22 1004 24 1006; x_wconf 16' lang='lat' dir='ltr'>v</span> <span class='ocrx_word' id='word_1_79' title='bbox 82 941 164 986; x_wconf 83' lang='grc' dir='ltr'>τοῦ</span> <span class='ocrx_word' id='word_1_80' title='bbox 198 940 334 990; x_wconf 77' lang='grc' dir='ltr'>Θεοῦ.</span> <span class='ocrx_word' id='word_1_81' title='bbox 399 938 551 1003; x_wconf 81' lang='grc' dir='ltr'>ἐπειδὴ</span> <span class='ocrx_word' id='word_1_82' title='bbox 591 940 638 990; x_wconf 74' lang='grc' dir='ltr'>δὲ</span> <span class='ocrx_word' id='word_1_83' title='bbox 669 943 802 992; x_wconf 80' lang='grc' dir='ltr'>ταῦθ’</span> <span class='ocrx_word' id='word_1_84' title='bbox 839 943 983 995; x_wconf 78' lang='grc' dir='ltr'>οὕτως</span> <span class='ocrx_word' id='word_1_85' title='bbox 1018 942 1311 1006; x_wconf 81' lang='grc' dir='ltr'>πράττεσθαι</span> <span class='ocrx_word' id='word_1_86' title='bbox 1343 943 1658 1007; x_wconf 85' lang='grc' dir='ltr'>μεμαθήκασι,</span> 
     </span>
     <span class='ocr_line' id='line_1_11' title="bbox 17 1019 1657 1094; baseline 0.004 -26"><span class='ocrx_word' id='word_1_87' title='bbox 17 1035 62 1059; x_wconf 92' lang='lat'>10</span> <span class='ocrx_word' id='word_1_88' title='bbox 84 1019 273 1089; x_wconf 75' lang='grc' dir='ltr'>Γαζαῖοί</span> <span class='ocrx_word' id='word_1_89' title='bbox 310 1043 358 1071; x_wconf 92' lang='grc' dir='ltr'>τε</span> <span class='ocrx_word' id='word_1_90' title='bbox 399 1024 471 1072; x_wconf 75' lang='grc' dir='ltr'>καὶ</span> <span class='ocrx_word' id='word_1_91' title='bbox 511 1028 855 1081; x_wconf 75' lang='grc' dir='ltr'>Ἀσκαλωνῖται,</span> <span class='ocrx_word' id='word_1_92' title='bbox 893 1026 968 1074; x_wconf 77' lang='grc' dir='ltr'>καὶ</span> <span class='ocrx_word' id='word_1_93' title='bbox 1006 1024 1099 1087; x_wconf 88' lang='grc' dir='ltr'>μὴν</span> <span class='ocrx_word' id='word_1_94' title='bbox 1138 1028 1212 1075; x_wconf 82' lang='grc' dir='ltr'>καὶ</span> <span class='ocrx_word' id='word_1_95' title='bbox 1254 1026 1469 1094; x_wconf 68' lang='grc' dir='ltr'>Ἀζώτιοι,</span> <span class='ocrx_word' id='word_1_96' title='bbox 1504 1027 1577 1076; x_wconf 79' lang='grc' dir='ltr'>καὶ</span> <span class='ocrx_word' id='word_1_97' title='bbox 1617 1028 1657 1075; x_wconf 80' lang='grc' dir='ltr'>οἱ</span> 
     </span>
     <span class='ocr_line' id='line_1_12' title="bbox 81 1101 1658 1173; baseline 0.005 -23"><span class='ocrx_word' id='word_1_98' title='bbox 81 1101 129 1150; x_wconf 83' lang='grc' dir='ltr'>ἐκ</span> <span class='ocrx_word' id='word_1_99' title='bbox 174 1104 256 1165; x_wconf 84' lang='grc' dir='ltr'>τῆς</span> <span class='ocrx_word' id='word_1_100' title='bbox 300 1103 586 1169; x_wconf 76' lang='grc' dir='ltr'>καλουμένης</span> <span class='ocrx_word' id='word_1_101' title='bbox 622 1104 831 1173; x_wconf 64' lang='grc' dir='ltr'>Ἀκαρῶν,</span> <span class='ocrx_word' id='word_1_102' title='bbox 878 1109 1129 1165; x_wconf 78' lang='grc' dir='ltr'>Μωαβῖται</span> <span class='ocrx_word' id='word_1_103' title='bbox 1176 1108 1250 1157; x_wconf 74' lang='grc' dir='ltr'>καὶ</span> <span class='ocrx_word' id='word_1_104' title='bbox 1288 1106 1536 1170; x_wconf 86' lang='grc' dir='ltr'>Ἰδουμαῖοι</span> <span class='ocrx_word' id='word_1_105' title='bbox 1583 1110 1658 1158; x_wconf 83' lang='grc' dir='ltr'>καὶ</span> 
     </span>
     <span class='ocr_line' id='line_1_13' title="bbox 81 1183 1659 1259; baseline 0.005 -26"><span class='ocrx_word' id='word_1_106' title='bbox 81 1183 378 1247; x_wconf 83' lang='grc' dir='ltr'>Ἀμμανῖται,</span> <span class='ocrx_word' id='word_1_107' title='bbox 406 1185 536 1252; x_wconf 78' lang='grc' dir='ltr'>ἕτερά</span> <span class='ocrx_word' id='word_1_108' title='bbox 570 1209 620 1236; x_wconf 91' lang='grc' dir='ltr'>τε</span> <span class='ocrx_word' id='word_1_109' title='bbox 645 1185 763 1237; x_wconf 80' lang='grc' dir='ltr'>ἅττα</span> <span class='ocrx_word' id='word_1_110' title='bbox 789 1187 907 1253; x_wconf 84' lang='grc' dir='ltr'>πρὸς</span> <span class='ocrx_word' id='word_1_111' title='bbox 932 1188 1110 1241; x_wconf 79' lang='grc' dir='ltr'>τούτοις</span> <span class='ocrx_word' id='word_1_112' title='bbox 1135 1187 1258 1252; x_wconf 73' lang='grc' dir='ltr'>ἔθνη,</span> <span class='ocrx_word' id='word_1_113' title='bbox 1285 1192 1343 1257; x_wconf 83' lang='grc' dir='ltr'>τῇ</span> <span class='ocrx_word' id='word_1_114' title='bbox 1368 1195 1451 1239; x_wconf 84' lang='grc' dir='ltr'>τοῦ</span> <span class='ocrx_word' id='word_1_115' title='bbox 1478 1189 1659 1259; x_wconf 85' lang='grc' dir='ltr'>φθόνου</span> 
     </span>
     <span class='ocr_line' id='line_1_14' title="bbox 80 1264 1657 1339; baseline 0.007 -25"><span class='ocrx_word' id='word_1_116' title='bbox 80 1264 385 1330; x_wconf 91' lang='grc' dir='ltr'>κατετήκοντο</span> <span class='ocrx_word' id='word_1_117' title='bbox 421 1271 581 1336; x_wconf 72' lang='grc' dir='ltr'>φλογὶ,</span> <span class='ocrx_word' id='word_1_118' title='bbox 622 1270 695 1319; x_wconf 75' lang='grc' dir='ltr'>καὶ</span> <span class='ocrx_word' id='word_1_119' title='bbox 738 1269 1009 1320; x_wconf 82' lang='grc' dir='ltr'>διακωλύειν</span> <span class='ocrx_word' id='word_1_120' title='bbox 1047 1271 1219 1335; x_wconf 78' lang='grc' dir='ltr'>ἤθελον</span> <span class='ocrx_word' id='word_1_121' title='bbox 1256 1270 1657 1339; x_wconf 80' lang='grc' dir='ltr'>περιφράττοντας</span> 
     </span>
    </p>
   </div>
   <div class='ocr_carea' id='block_1_6' title="bbox 80 1348 1699 1418">
    <p class='ocr_par' dir='ltr' id='par_1_6' title="bbox 80 1348 1699 1418">
     <span class='ocr_line' id='line_1_15' title="bbox 80 1348 1699 1418; baseline 0.006 -21"><span class='ocrx_word' id='word_1_122' title='bbox 80 1351 146 1414; x_wconf 77' lang='grc' dir='ltr'>τῷ</span> <span class='ocrx_word' id='word_1_123' title='bbox 189 1349 324 1416; x_wconf 85' lang='grc' dir='ltr'>τείχει</span> <span class='ocrx_word' id='word_1_124' title='bbox 366 1348 450 1412; x_wconf 86' lang='grc' dir='ltr'>τὴν</span> <span class='ocrx_word' id='word_1_125' title='bbox 490 1350 645 1412; x_wconf 90' lang='grc' dir='ltr'>πόλιν,</span> <span class='ocrx_word' id='word_1_126' title='bbox 690 1353 764 1401; x_wconf 77' lang='grc' dir='ltr'>καὶ</span> <span class='ocrx_word' id='word_1_127' title='bbox 806 1351 862 1415; x_wconf 84' lang='grc' dir='ltr'>δὴ</span> <span class='ocrx_word' id='word_1_128' title='bbox 907 1353 1307 1418; x_wconf 77' lang='grc' dir='ltr'>συναγηγερμένοι</span> <span class='ocrx_word' id='word_1_129' title='bbox 1345 1358 1438 1404; x_wconf 84' lang='grc' dir='ltr'>τῶν</span> <span class='ocrx_word' id='word_1_130' title='bbox 1484 1355 1533 1404; x_wconf 82' lang='grc' dir='ltr'>ἐκ</span> <span class='ocrx_word' id='word_1_131' title='bbox 1574 1357 1655 1418; x_wconf 80' lang='grc' dir='ltr'>τῆς</span> <span class='ocrx_word' id='word_1_132' title='bbox 1674 1367 1699 1407; x_wconf 87' lang='lat' dir='ltr'>d</span> 
     </span>
    </p>
   </div>
   <div class='ocr_carea' id='block_1_7' title="bbox 16 1432 1655 1502">
    <p class='ocr_par' dir='ltr' id='par_1_7' title="bbox 16 1432 1655 1502">
     <span class='ocr_line' id='line_1_16' title="bbox 16 1432 1655 1502; baseline 0.004 -20"><span class='ocrx_word' id='word_1_133' title='bbox 16 1445 60 1482; x_wconf 80' lang='lat'>15</span> <span class='ocrx_word' id='word_1_134' title='bbox 82 1432 409 1497; x_wconf 74' lang='grc' dir='ltr'>αἰχμαλωσίας</span> <span class='ocrx_word' id='word_1_135' title='bbox 444 1433 826 1498; x_wconf 78' lang='grc' dir='ltr'>ἀνακεκλημένων</span> <span class='ocrx_word' id='word_1_136' title='bbox 867 1435 1304 1501; x_wconf 88' lang='grc' dir='ltr'>κατεστρατεύοντο.</span> <span class='ocrx_word' id='word_1_137' title='bbox 1375 1437 1450 1486; x_wconf 79' lang='grc' dir='ltr'>καὶ</span> <span class='ocrx_word' id='word_1_138' title='bbox 1485 1459 1655 1502; x_wconf 87' lang='grc' dir='ltr'>συγκε-</span> 
     </span>
    </p>
   </div>
   <div class='ocr_carea' id='block_1_8' title="bbox 81 1512 1852 1587">
    <p class='ocr_par' dir='ltr' id='par_1_8' title="bbox 81 1512 1852 1587">
     <span class='ocr_line' id='line_1_17' title="bbox 81 1512 1852 1587; baseline 0.004 -25"><span class='ocrx_word' id='word_1_139' title='bbox 81 1512 298 1577; x_wconf 87' lang='grc' dir='ltr'>κρότηται</span> <span class='ocrx_word' id='word_1_140' title='bbox 347 1513 431 1576; x_wconf 74' lang='grc' dir='ltr'>μὲν</span> <span class='ocrx_word' id='word_1_141' title='bbox 480 1515 506 1579; x_wconf 87' lang='grc' dir='ltr'>ἡ</span> <span class='ocrx_word' id='word_1_142' title='bbox 555 1514 682 1583; x_wconf 79' lang='grc' dir='ltr'>μάχη</span> <span class='ocrx_word' id='word_1_143' title='bbox 725 1515 842 1567; x_wconf 76' lang='grc' dir='ltr'>κατὰ</span> <span class='ocrx_word' id='word_1_144' title='bbox 886 1515 970 1580; x_wconf 85' lang='grc' dir='ltr'>τὴν</span> <span class='ocrx_word' id='word_1_145' title='bbox 1021 1517 1218 1568; x_wconf 82' lang='grc' dir='ltr'>κοιλάδα</span> <span class='ocrx_word' id='word_1_146' title='bbox 1269 1523 1351 1568; x_wconf 84' lang='grc' dir='ltr'>τοῦ</span> <span class='ocrx_word' id='word_1_147' title='bbox 1394 1517 1652 1587; x_wconf 80' lang='grc' dir='ltr'>Ἰωσαφάτ·</span> <span class='ocrx_word' id='word_1_148' title='bbox 1714 1528 1852 1559; x_wconf 76' lang='lat' dir='ltr'>Joeliii.</span> 
     </span>
    </p>
   </div>
   <div class='ocr_carea' id='block_1_9' title="bbox 13 1595 1689 2654">
    <p class='ocr_par' dir='ltr' id='par_1_9' title="bbox 13 1595 1689 2654">
     <span class='ocr_line' id='line_1_18' title="bbox 79 1595 1652 1667; baseline 0.006 -23"><span class='ocrx_word' id='word_1_149' title='bbox 79 1595 355 1646; x_wconf 84' lang='grc' dir='ltr'>πεπτώκασι</span> <span class='ocrx_word' id='word_1_150' title='bbox 389 1596 437 1648; x_wconf 79' lang='grc' dir='ltr'>δὲ</span> <span class='ocrx_word' id='word_1_151' title='bbox 471 1599 546 1648; x_wconf 81' lang='grc' dir='ltr'>καὶ</span> <span class='ocrx_word' id='word_1_152' title='bbox 581 1598 846 1666; x_wconf 86' lang='grc' dir='ltr'>ἀνῄρηνται,</span> <span class='ocrx_word' id='word_1_153' title='bbox 872 1603 996 1650; x_wconf 78' lang='grc' dir='ltr'>Θεοῦ</span> <span class='ocrx_word' id='word_1_154' title='bbox 1024 1605 1292 1666; x_wconf 86' lang='grc' dir='ltr'>νευροῦντος</span> <span class='ocrx_word' id='word_1_155' title='bbox 1322 1599 1404 1651; x_wconf 83' lang='grc' dir='ltr'>τὸν</span> <span class='ocrx_word' id='word_1_156' title='bbox 1438 1600 1652 1667; x_wconf 89' lang='grc' dir='ltr'>Ἰσραήλ.</span> 
     </span>
     <span class='ocr_line' id='line_1_19' title="bbox 79 1675 1654 1746; baseline 0.006 -21"><span class='ocrx_word' id='word_1_157' title='bbox 79 1675 206 1727; x_wconf 71' lang='grc' dir='ltr'>εἷλον</span> <span class='ocrx_word' id='word_1_158' title='bbox 240 1676 286 1728; x_wconf 74' lang='grc' dir='ltr'>δὲ</span> <span class='ocrx_word' id='word_1_159' title='bbox 324 1680 443 1729; x_wconf 78' lang='grc' dir='ltr'>οὕτω</span> <span class='ocrx_word' id='word_1_160' title='bbox 478 1679 595 1731; x_wconf 81' lang='grc' dir='ltr'>κατὰ</span> <span class='ocrx_word' id='word_1_161' title='bbox 632 1680 799 1746; x_wconf 77' lang='grc' dir='ltr'>κράτος</span> <span class='ocrx_word' id='word_1_162' title='bbox 835 1680 918 1736; x_wconf 77' lang='grc' dir='ltr'>τὰς</span> <span class='ocrx_word' id='word_1_163' title='bbox 950 1685 1044 1732; x_wconf 81' lang='grc' dir='ltr'>τῶν</span> <span class='ocrx_word' id='word_1_164' title='bbox 1083 1683 1229 1733; x_wconf 81' lang='grc' dir='ltr'>ἐθνῶν</span> <span class='ocrx_word' id='word_1_165' title='bbox 1266 1683 1440 1746; x_wconf 88' lang='grc' dir='ltr'>πόλεις,</span> <span class='ocrx_word' id='word_1_166' title='bbox 1479 1685 1541 1737; x_wconf 84' lang='grc' dir='ltr'>ὡς</span> <span class='ocrx_word' id='word_1_167' title='bbox 1579 1687 1654 1735; x_wconf 81' lang='grc' dir='ltr'>καὶ</span> 
     </span>
     <span class='ocr_line' id='line_1_20' title="bbox 79 1759 1653 1828; baseline 0.008 -20"><span class='ocrx_word' id='word_1_168' title='bbox 79 1761 142 1811; x_wconf 81' lang='grc' dir='ltr'>εἷς</span> <span class='ocrx_word' id='word_1_169' title='bbox 165 1760 355 1825; x_wconf 83' lang='grc' dir='ltr'>ἐρημίαν</span> <span class='ocrx_word' id='word_1_170' title='bbox 382 1759 523 1816; x_wconf 76' lang='grc' dir='ltr'>αὐτὰς</span> <span class='ocrx_word' id='word_1_171' title='bbox 554 1766 851 1827; x_wconf 82' lang='grc' dir='ltr'>καταστῆσαι</span> <span class='ocrx_word' id='word_1_172' title='bbox 877 1767 1101 1828; x_wconf 82' lang='grc' dir='ltr'>παντελῆ,</span> <span class='ocrx_word' id='word_1_173' title='bbox 1130 1766 1205 1815; x_wconf 78' lang='grc' dir='ltr'>καὶ</span> <span class='ocrx_word' id='word_1_174' title='bbox 1231 1765 1457 1828; x_wconf 86' lang='grc' dir='ltr'>ποιμνίων</span> <span class='ocrx_word' id='word_1_175' title='bbox 1482 1767 1653 1821; x_wconf 87' lang='grc' dir='ltr'>ταύτας</span> 
     </span>
     <span class='ocr_line' id='line_1_21' title="bbox 13 1843 1653 1913; baseline 0.007 -24"><span class='ocrx_word' id='word_1_176' title='bbox 13 1862 60 1887; x_wconf 92' lang='lat'>20</span> <span class='ocrx_word' id='word_1_177' title='bbox 80 1843 318 1910; x_wconf 84' lang='grc' dir='ltr'>ἀποφῆναι</span> <span class='ocrx_word' id='word_1_178' title='bbox 352 1844 539 1908; x_wconf 87' lang='grc' dir='ltr'>σηκούς.</span> <span class='ocrx_word' id='word_1_179' title='bbox 603 1844 773 1909; x_wconf 84' lang='grc' dir='ltr'>ταύτης</span> <span class='ocrx_word' id='word_1_180' title='bbox 812 1846 1113 1910; x_wconf 77' lang='grc' dir='ltr'>διαμέμνηται</span> <span class='ocrx_word' id='word_1_181' title='bbox 1151 1849 1232 1911; x_wconf 83' lang='grc' dir='ltr'>τῆς</span> <span class='ocrx_word' id='word_1_182' title='bbox 1271 1848 1480 1913; x_wconf 76' lang='grc' dir='ltr'>ἱστορίας</span> <span class='ocrx_word' id='word_1_183' title='bbox 1511 1851 1573 1902; x_wconf 87' lang='grc' dir='ltr'>εἱς</span> <span class='ocrx_word' id='word_1_184' title='bbox 1599 1849 1653 1900; x_wconf 87' lang='grc' dir='ltr'>τὸ</span> 
     </span>
     <span class='ocr_line' id='line_1_22' title="bbox 78 1923 1652 1995; baseline 0.006 -22"><span class='ocrx_word' id='word_1_185' title='bbox 78 1923 242 1988; x_wconf 83' lang='grc' dir='ltr'>παρὸν,</span> <span class='ocrx_word' id='word_1_186' title='bbox 278 1927 563 1991; x_wconf 84' lang='grc' dir='ltr'>ἐπαγγελίαν</span> <span class='ocrx_word' id='word_1_187' title='bbox 595 1928 807 1994; x_wconf 86' lang='grc' dir='ltr'>ἐχούσης,</span> <span class='ocrx_word' id='word_1_188' title='bbox 842 1933 1030 1993; x_wconf 81' lang='grc' dir='ltr'>πρῶτον</span> <span class='ocrx_word' id='word_1_189' title='bbox 1067 1928 1151 1990; x_wconf 76' lang='grc' dir='ltr'>μὲν</span> <span class='ocrx_word' id='word_1_190' title='bbox 1191 1932 1273 1993; x_wconf 84' lang='grc' dir='ltr'>τῆς</span> <span class='ocrx_word' id='word_1_191' title='bbox 1310 1929 1536 1981; x_wconf 87' lang='grc' dir='ltr'>ἐπανόδου</span> <span class='ocrx_word' id='word_1_192' title='bbox 1570 1934 1652 1995; x_wconf 79' lang='grc' dir='ltr'>τῆς</span> 
     </span>
     <span class='ocr_line' id='line_1_23' title="bbox 78 2007 1689 2077; baseline 0.004 -21"><span class='ocrx_word' id='word_1_193' title='bbox 78 2007 127 2056; x_wconf 85' lang='grc' dir='ltr'>ἐκ</span> <span class='ocrx_word' id='word_1_194' title='bbox 173 2009 254 2069; x_wconf 84' lang='grc' dir='ltr'>τῆς</span> <span class='ocrx_word' id='word_1_195' title='bbox 293 2010 635 2074; x_wconf 80' lang='grc' dir='ltr'>αἰχμαλωσίας,</span> <span class='ocrx_word' id='word_1_196' title='bbox 673 2007 770 2060; x_wconf 78' lang='grc' dir='ltr'>εἶτα</span> <span class='ocrx_word' id='word_1_197' title='bbox 815 2013 897 2075; x_wconf 84' lang='grc' dir='ltr'>τῆς</span> <span class='ocrx_word' id='word_1_198' title='bbox 938 2009 1159 2074; x_wconf 75' lang='grc' dir='ltr'>ἐσομένης</span> <span class='ocrx_word' id='word_1_199' title='bbox 1205 2012 1410 2065; x_wconf 79' lang='grc' dir='ltr'>εὐκλείας</span> <span class='ocrx_word' id='word_1_200' title='bbox 1455 2014 1529 2063; x_wconf 73' lang='grc' dir='ltr'>καὶ</span> <span class='ocrx_word' id='word_1_201' title='bbox 1570 2016 1689 2077; x_wconf 75' lang='grc' dir='ltr'>τῆςο</span> 
     </span>
     <span class='ocr_line' id='line_1_24' title="bbox 78 2087 1652 2165; baseline 0.006 -28"><span class='ocrx_word' id='word_1_202' title='bbox 78 2087 195 2138; x_wconf 77' lang='grc' dir='ltr'>κατὰ</span> <span class='ocrx_word' id='word_1_203' title='bbox 231 2088 419 2140; x_wconf 83' lang='grc' dir='ltr'>πάντων</span> <span class='ocrx_word' id='word_1_204' title='bbox 455 2091 595 2154; x_wconf 88' lang='grc' dir='ltr'>νίκης.</span> <span class='ocrx_word' id='word_1_205' title='bbox 665 2088 1103 2159; x_wconf 55' lang='grc' dir='ltr'>ὃιοιρποισθήσεσθαι</span> <span class='ocrx_word' id='word_1_206' title='bbox 1141 2092 1224 2154; x_wconf 74' lang='grc' dir='ltr'>μὲν</span> <span class='ocrx_word' id='word_1_207' title='bbox 1255 2093 1347 2159; x_wconf 80' lang='grc' dir='ltr'>γὰρ</span> <span class='ocrx_word' id='word_1_208' title='bbox 1385 2093 1468 2157; x_wconf 86' lang='grc' dir='ltr'>τὴν</span> <span class='ocrx_word' id='word_1_209' title='bbox 1502 2094 1652 2165; x_wconf 62' lang='grc' dir='ltr'>Γάζαν</span> 
     </span>
     <span class='ocr_line' id='line_1_25' title="bbox 79 2171 1648 2243; baseline 0.004 -24"><span class='ocrx_word' id='word_1_210' title='bbox 79 2171 241 2236; x_wconf 74' lang='grc' dir='ltr'>φησὶν,</span> <span class='ocrx_word' id='word_1_211' title='bbox 277 2171 557 2238; x_wconf 79' lang='grc' dir='ltr'>οἰχήσεσθαι</span> <span class='ocrx_word' id='word_1_212' title='bbox 596 2172 643 2223; x_wconf 75' lang='grc' dir='ltr'>δὲ</span> <span class='ocrx_word' id='word_1_213' title='bbox 681 2172 766 2237; x_wconf 86' lang='grc' dir='ltr'>τὴν</span> <span class='ocrx_word' id='word_1_214' title='bbox 795 2174 1071 2225; x_wconf 60' lang='grc' dir='ltr'>Ἀσκάλωνα</span> <span class='ocrx_word' id='word_1_215' title='bbox 1106 2174 1223 2240; x_wconf 83' lang='grc' dir='ltr'>πρὸς</span> <span class='ocrx_word' id='word_1_216' title='bbox 1265 2174 1532 2243; x_wconf 61' lang='grc' dir='ltr'>ἀφανισμόν,</span> <span class='ocrx_word' id='word_1_217' title='bbox 1569 2180 1648 2228; x_wconf 62' lang='grc' dir='ltr'>καὶ</span> 
     </span>
     <span class='ocr_line' id='line_1_26' title="bbox 13 2251 1650 2326; baseline 0.004 -24"><span class='ocrx_word' id='word_1_218' title='bbox 13 2251 259 2323; x_wconf 59' lang='lat' dir='ltr'>²5&#39;‘A{aer0v</span> <span class='ocrx_word' id='word_1_219' title='bbox 300 2257 586 2323; x_wconf 66' lang='grc' dir='ltr'>μεσημβρίαις</span> <span class='ocrx_word' id='word_1_220' title='bbox 633 2257 972 2325; x_wconf 73' lang='grc' dir='ltr'>ἐκριφήσεσθαι·</span> <span class='ocrx_word' id='word_1_221' title='bbox 1029 2257 1082 2307; x_wconf 84' lang='grc' dir='ltr'>τὸ</span> <span class='ocrx_word' id='word_1_222' title='bbox 1128 2256 1176 2307; x_wconf 78' lang='grc' dir='ltr'>δὲ</span> <span class='ocrx_word' id='word_1_223' title='bbox 1218 2260 1503 2326; x_wconf 69' lang='grc' dir='ltr'>μεσημβριας</span> <span class='ocrx_word' id='word_1_224' title='bbox 1548 2260 1650 2310; x_wconf 83' lang='grc' dir='ltr'>ἀντὶ</span> 
     </span>
     <span class='ocr_line' id='line_1_27' title="bbox 77 2336 1648 2408; baseline 0.004 -23"><span class='ocrx_word' id='word_1_225' title='bbox 77 2340 159 2385; x_wconf 85' lang='grc' dir='ltr'>τοῦ</span> <span class='ocrx_word' id='word_1_226' title='bbox 208 2340 420 2403; x_wconf 82' lang='grc' dir='ltr'>φανερῶς</span> <span class='ocrx_word' id='word_1_227' title='bbox 464 2339 537 2387; x_wconf 74' lang='grc' dir='ltr'>καὶ</span> <span class='ocrx_word' id='word_1_228' title='bbox 577 2338 629 2388; x_wconf 82' lang='grc' dir='ltr'>οὐ</span> <span class='ocrx_word' id='word_1_229' title='bbox 671 2336 830 2407; x_wconf 74' lang='grc' dir='ltr'>τρόπῳ</span> <span class='ocrx_word' id='word_1_230' title='bbox 872 2343 1127 2408; x_wconf 74' lang='grc' dir='ltr'>λῃστρικῷ,</span> <span class='ocrx_word' id='word_1_231' title='bbox 1171 2340 1282 2389; x_wconf 82' lang='grc' dir='ltr'>ἀλλ’</span> <span class='ocrx_word' id='word_1_232' title='bbox 1323 2341 1527 2404; x_wconf 80' lang='grc' dir='ltr'>ἐναργῶς</span> <span class='ocrx_word' id='word_1_233' title='bbox 1573 2342 1648 2391; x_wconf 80' lang='grc' dir='ltr'>καὶ</span> 
     </span>
     <span class='ocr_line' id='line_1_28' title="bbox 75 2417 1647 2490; baseline 0.004 -23"><span class='ocrx_word' id='word_1_234' title='bbox 75 2417 284 2480; x_wconf 81' lang='grc' dir='ltr'>πολέμου</span> <span class='ocrx_word' id='word_1_235' title='bbox 322 2417 460 2487; x_wconf 76' lang='grc' dir='ltr'>νόμῳ·</span> <span class='ocrx_word' id='word_1_236' title='bbox 507 2418 591 2483; x_wconf 88' lang='grc' dir='ltr'>τὴν</span> <span class='ocrx_word' id='word_1_237' title='bbox 620 2419 768 2484; x_wconf 87' lang='grc' dir='ltr'>γεμὴν</span> <span class='ocrx_word' id='word_1_238' title='bbox 792 2418 988 2489; x_wconf 66' lang='grc' dir='ltr'>Ἀκαρῶν</span> <span class='ocrx_word' id='word_1_239' title='bbox 1020 2420 1397 2490; x_wconf 64' lang='grc' dir='ltr'>ἑκριζωθήσ-εσθαι.</span> <span class='ocrx_word' id='word_1_240' title='bbox 1466 2422 1647 2488; x_wconf 81' lang='grc' dir='ltr'>εὐφυῶς</span> 
     </span>
     <span class='ocr_line' id='line_1_29' title="bbox 77 2497 1647 2567; baseline 0.003 -18"><span class='ocrx_word' id='word_1_241' title='bbox 77 2497 125 2549; x_wconf 75' lang='grc' dir='ltr'>δὲ</span> <span class='ocrx_word' id='word_1_242' title='bbox 167 2498 359 2567; x_wconf 86' lang='grc' dir='ltr'>σφόδρα</span> <span class='ocrx_word' id='word_1_243' title='bbox 401 2500 518 2567; x_wconf 82' lang='grc' dir='ltr'>πρὸς</span> <span class='ocrx_word' id='word_1_244' title='bbox 562 2503 646 2565; x_wconf 82' lang='grc' dir='ltr'>τὴν</span> <span class='ocrx_word' id='word_1_245' title='bbox 684 2507 766 2552; x_wconf 83' lang='grc' dir='ltr'>τοῦ</span> <span class='ocrx_word' id='word_1_246' title='bbox 811 2501 1035 2564; x_wconf 87' lang='grc' dir='ltr'>ὀνόματος</span> <span class='ocrx_word' id='word_1_247' title='bbox 1075 2502 1287 2566; x_wconf 81' lang='grc' dir='ltr'>δήλωσιν</span> <span class='ocrx_word' id='word_1_248' title='bbox 1330 2508 1524 2554; x_wconf 89' lang='grc' dir='ltr'>ποιεῖται</span> <span class='ocrx_word' id='word_1_249' title='bbox 1562 2503 1647 2567; x_wconf 82' lang='grc' dir='ltr'>τὴν</span> 
     </span>
     <span class='ocr_line' id='line_1_30' title="bbox 77 2580 1646 2654; baseline 0.003 -23"><span class='ocrx_word' id='word_1_250' title='bbox 77 2580 286 2645; x_wconf 85' lang='grc' dir='ltr'>ἀπειλήν·</span> <span class='ocrx_word' id='word_1_251' title='bbox 329 2583 620 2647; x_wconf 87' lang='grc' dir='ltr'>ἑρμηνεύεται</span> <span class='ocrx_word' id='word_1_252' title='bbox 655 2583 747 2651; x_wconf 80' lang='grc' dir='ltr'>γὰρ</span> <span class='ocrx_word' id='word_1_253' title='bbox 774 2583 966 2652; x_wconf 65' lang='grc' dir='ltr'>Ἀκαρων</span> <span class='ocrx_word' id='word_1_254' title='bbox 995 2585 1229 2654; x_wconf 72' lang='grc' dir='ltr'>ἑκριζωσ-ις.</span> <span class='ocrx_word' id='word_1_255' title='bbox 1297 2591 1434 2635; x_wconf 80' lang='grc' dir='ltr'>τοῦτο</span> <span class='ocrx_word' id='word_1_256' title='bbox 1460 2584 1507 2636; x_wconf 79' lang='grc' dir='ltr'>δὲ</span> <span class='ocrx_word' id='word_1_257' title='bbox 1535 2585 1646 2636; x_wconf 82' lang='grc' dir='ltr'>αὐτὸ</span> 
     </span>
    </p>
   </div>
   <div class='ocr_carea' id='block_1_10' title="bbox 77 2800 1643 3034">
    <p class='ocr_par' dir='ltr' id='par_1_10' title="bbox 77 2800 1643 3034">
     <span class='ocr_line' id='line_1_31' title="bbox 124 2800 1643 2846; baseline 0.002 -11"><span class='ocrx_word' id='word_1_258' title='bbox 124 2811 154 2834; x_wconf 87' lang='grc'>2.</span> <span class='ocrx_word' id='word_1_259' title='bbox 181 2800 349 2845; x_wconf 85' lang='grc' dir='ltr'>συνήντων</span> <span class='ocrx_word' id='word_1_260' title='bbox 367 2801 458 2836; x_wconf 84' lang='lat' dir='ltr'><strong>Edd.</strong></span> <span class='ocrx_word' id='word_1_261' title='bbox 738 2811 770 2845; x_wconf 88' lang='lat'>5.</span> <span class='ocrx_word' id='word_1_262' title='bbox 799 2803 911 2846; x_wconf 81' lang='grc' dir='ltr'>καιρὸν</span> <span class='ocrx_word' id='word_1_263' title='bbox 928 2802 986 2836; x_wconf 86' lang='lat' dir='ltr'><strong>iid.</strong></span> <span class='ocrx_word' id='word_1_264' title='bbox 1278 2812 1307 2846; x_wconf 85' lang='lat'>7.</span> <span class='ocrx_word' id='word_1_265' title='bbox 1333 2803 1434 2836; x_wconf 77' lang='grc' dir='ltr'>αὐτὸν</span> <span class='ocrx_word' id='word_1_266' title='bbox 1450 2803 1485 2837; x_wconf 82' lang='grc' dir='ltr'>δέ</span> <span class='ocrx_word' id='word_1_267' title='bbox 1503 2806 1537 2838; x_wconf 73' lang='lat' dir='ltr'>et</span> <span class='ocrx_word' id='word_1_268' title='bbox 1554 2804 1643 2838; x_wconf 88' lang='grc' dir='ltr'>θεῖον</span> 
     </span>
     <span class='ocr_line' id='line_1_32' title="bbox 77 2848 1641 2894; baseline 0.004 -14"><span class='ocrx_word' id='word_1_269' title='bbox 77 2853 254 2892; x_wconf 79' lang='lat' dir='ltr'><strong>assumpta</strong></span> <span class='ocrx_word' id='word_1_270' title='bbox 270 2860 311 2882; x_wconf 88' lang='lat' dir='ltr'>ex</span> <span class='ocrx_word' id='word_1_271' title='bbox 330 2848 372 2882; x_wconf 92' lang='lat' dir='ltr'>B.</span> <span class='ocrx_word' id='word_1_272' title='bbox 437 2849 579 2893; x_wconf 81' lang='grc' dir='ltr'>ἀνεδείμ.</span> <span class='ocrx_word' id='word_1_273' title='bbox 598 2850 675 2884; x_wconf 84' lang='grc' dir='ltr'>ναὸν</span> <span class='ocrx_word' id='word_1_274' title='bbox 692 2848 758 2883; x_wconf 78' lang='lat' dir='ltr'>hoe</span> <span class='ocrx_word' id='word_1_275' title='bbox 775 2849 850 2883; x_wconf 89' lang='lat' dir='ltr'><strong>ord.</strong></span> <span class='ocrx_word' id='word_1_276' title='bbox 871 2849 911 2882; x_wconf 93' lang='lat' dir='ltr'>B.</span> <span class='ocrx_word' id='word_1_277' title='bbox 1305 2849 1336 2883; x_wconf 89' lang='grc'>8.</span> <span class='ocrx_word' id='word_1_278' title='bbox 1362 2848 1448 2894; x_wconf 79' lang='grc' dir='ltr'>πως]</span> <span class='ocrx_word' id='word_1_279' title='bbox 1467 2864 1530 2893; x_wconf 86' lang='grc' dir='ltr'>περ</span> <span class='ocrx_word' id='word_1_280' title='bbox 1549 2851 1641 2886; x_wconf 93' lang='lat' dir='ltr'>Edd.</span> 
     </span>
     <span class='ocr_line' id='line_1_33' title="bbox 81 2893 1642 2942; baseline 0.004 -17"><span class='ocrx_word' id='word_1_281' title='bbox 81 2903 133 2926; x_wconf 88' lang='lat'>11.</span> <span class='ocrx_word' id='word_1_282' title='bbox 158 2893 308 2938; x_wconf 82' lang='grc' dir='ltr'>ἀκκαρὼν</span> <span class='ocrx_word' id='word_1_283' title='bbox 326 2894 417 2929; x_wconf 90' lang='lat' dir='ltr'>Edd.</span> <span class='ocrx_word' id='word_1_284' title='bbox 617 2907 669 2938; x_wconf 83' lang='lat'>14.</span> <span class='ocrx_word' id='word_1_285' title='bbox 695 2898 741 2942; x_wconf 77' lang='grc' dir='ltr'>τῷ</span> <span class='ocrx_word' id='word_1_286' title='bbox 759 2901 981 2939; x_wconf 83' lang='lat' dir='ltr'>assumptum</span> <span class='ocrx_word' id='word_1_287' title='bbox 999 2907 1038 2929; x_wconf 81' lang='lat' dir='ltr'>ex</span> <span class='ocrx_word' id='word_1_288' title='bbox 1061 2895 1100 2929; x_wconf 88' lang='grc' dir='ltr'>Β.</span> <span class='ocrx_word' id='word_1_289' title='bbox 1297 2896 1348 2929; x_wconf 87' lang='lat'>18.</span> <span class='ocrx_word' id='word_1_290' title='bbox 1376 2897 1428 2929; x_wconf 82' lang='grc' dir='ltr'>καὶ</span> <span class='ocrx_word' id='word_1_291' title='bbox 1446 2903 1478 2930; x_wconf 88' lang='lat' dir='ltr'>et</span> <span class='ocrx_word' id='word_1_292' title='bbox 1495 2900 1642 2941; x_wconf 81' lang='grc' dir='ltr'>παντελῆ</span> 
     </span>
     <span class='ocr_line' id='line_1_34' title="bbox 78 2941 1640 2988; baseline 0.005 -16"><span class='ocrx_word' id='word_1_293' title='bbox 78 2946 255 2984; x_wconf 84' lang='lat' dir='ltr'>assumpta</span> <span class='ocrx_word' id='word_1_294' title='bbox 271 2952 312 2974; x_wconf 81' lang='lat' dir='ltr'>ex</span> <span class='ocrx_word' id='word_1_295' title='bbox 331 2941 372 2975; x_wconf 92' lang='lat' dir='ltr'>B.</span> <span class='ocrx_word' id='word_1_296' title='bbox 716 2952 771 2987; x_wconf 86' lang='lat'>25.</span> <span class='ocrx_word' id='word_1_297' title='bbox 797 2941 950 2976; x_wconf 84' lang='grc' dir='ltr'>τουτέστι</span> <span class='ocrx_word' id='word_1_298' title='bbox 968 2954 1029 2987; x_wconf 84' lang='lat' dir='ltr'>pro</span> <span class='ocrx_word' id='word_1_299' title='bbox 1047 2944 1085 2976; x_wconf 85' lang='grc' dir='ltr'>τὸ</span> <span class='ocrx_word' id='word_1_300' title='bbox 1103 2942 1139 2976; x_wconf 83' lang='grc' dir='ltr'>δέ</span> <span class='ocrx_word' id='word_1_301' title='bbox 1156 2943 1367 2988; x_wconf 80' lang='grc' dir='ltr'>μεσημβριάς</span> <span class='ocrx_word' id='word_1_302' title='bbox 1384 2942 1455 2978; x_wconf 85' lang='grc' dir='ltr'>ἀντὶ</span> <span class='ocrx_word' id='word_1_303' title='bbox 1473 2946 1532 2979; x_wconf 86' lang='grc' dir='ltr'>τοῦ</span> <span class='ocrx_word' id='word_1_304' title='bbox 1550 2944 1640 2980; x_wconf 84' lang='lat' dir='ltr'><strong>Edd.</strong></span> 
     </span>
     <span class='ocr_line' id='line_1_35' title="bbox 80 2986 1104 3034; baseline 0.005 -16"><span class='ocrx_word' id='word_1_305' title='bbox 80 2993 134 3029; x_wconf 85' lang='lat'>27.</span> <span class='ocrx_word' id='word_1_306' title='bbox 159 2986 308 3030; x_wconf 85' lang='grc' dir='ltr'>ἀκκαρὼν</span> <span class='ocrx_word' id='word_1_307' title='bbox 324 2987 382 3022; x_wconf 87' lang='lat' dir='ltr'>iid.</span> <span class='ocrx_word' id='word_1_308' title='bbox 621 2989 673 3023; x_wconf 79' lang='lat'>28.</span> <span class='ocrx_word' id='word_1_309' title='bbox 701 2989 840 3034; x_wconf 83' lang='grc' dir='ltr'>σφόδρα</span> <span class='ocrx_word' id='word_1_310' title='bbox 860 2988 900 3023; x_wconf 90' lang='grc' dir='ltr'>Β.</span> <span class='ocrx_word' id='word_1_311' title='bbox 919 2989 995 3023; x_wconf 83' lang='grc' dir='ltr'>λίαν</span> <span class='ocrx_word' id='word_1_312' title='bbox 1013 2988 1104 3023; x_wconf 85' lang='lat' dir='ltr'><strong>Edd.</strong></span> 
     </span>
    </p>
   </div>
   <div class='ocr_carea' id='block_1_11' title="bbox 818 3056 923 3086">
    <p class='ocr_par' dir='ltr' id='par_1_11' title="bbox 818 3056 923 3086">
     <span class='ocr_line' id='line_1_36' title="bbox 818 3056 923 3086; baseline 0.029 -3"><span class='ocrx_word' id='word_1_313' title='bbox 818 3056 923 3086; x_wconf 62' lang='lat'>[¹02</span> 
     </span>
    </p>
   </div>
   <div class='ocr_carea' id='block_1_12' title="bbox 1716 1582 1745 1603">
    <p class='ocr_par' dir='ltr' id='par_1_12' title="bbox 1716 1582 1745 1603">
     <span class='ocr_line' id='line_1_37' title="bbox 1716 1582 1745 1603; baseline 0.034 -1"><span class='ocrx_word' id='word_1_314' title='bbox 1716 1582 1745 1603; x_wconf 77' lang='lat'>2.</span> 
     </span>
    </p>
   </div>
  </div>
 </body>
</html>
