2053 3382
108 534 129 575 ἦ
143 526 254 556 Thess.

108 580 141 600 n.
158 579 188 610 9.

109 673 267 723 S.Matth.

108 727 197 748 xxlv.
220 726 268 755 24.

329 167 413 208 472
725 169 775 208 B.
820 167 1097 208 CYRILLI
1139 167 1521 208 ALEXANDR.
1762 166 1816 206 xi.
1845 174 1908 216 17.

329 274 489 339 ὀργὴν,
526 279 774 342 μονονουχὶ
814 278 887 326 καὶ
927 276 1234 341 κρεανομήσει
1273 278 1349 326 καὶ
1390 275 1724 345 καταφαγεται
1769 275 1911 341 θηρὸς

330 356 494 420 ἀγρίου
533 357 679 418 δίκην.
743 353 977 425 ἐκστρέψει
1018 356 1066 407 δὲ
1109 364 1185 407 καὶ
1225 355 1320 411 τοὺς
1358 357 1695 425 ἀστραγάλους,
1734 357 1809 407 ἵνα
1846 356 1910 420 μή

329 457 399 488 τις
437 436 519 502 ε”χῃ
559 436 613 486 τὸ
652 437 924 502 ὀρθοποδεῖν
956 437 1203 488 δύνασθαι·
1251 437 1589 499 καταβιάσεται
1627 436 1720 503 γὰρ
1757 459 1912 502 προσ-

331 521 478 565 κυνεῖν
517 518 654 585 αὐτῷ,
694 518 1039 582 καταπλήττων
1077 525 1172 572 τοῖς
1211 519 1465 582 θαύμασιν.
1530 519 1622 585 ε”χει
1656 518 1749 584 γὰρ
1783 525 1812 547 “
1827 517 1912 582 τὴν

583 599 593 615 t
766 599 776 614 9
818 601 827 614 ³
868 599 881 615 r
1121 607 1140 615 Α
1336 605 1355 613 Α
1382 601 1407 616 ,ς
1495 603 1509 619 χ
1560 603 1570 616 ,
1860 599 1872 615 x

331 603 358 624 ‘⁶
381 619 647 662 παρουσιαν
679 621 766 649 κατ
805 622 1034 666 ενεργειαν
1059 624 1141 651 του
1172 623 1377 662 σατανα,
1436 623 1511 651 και
1547 624 1596 651 εν
1622 599 1912 665 Βεελζεβουλ
1931 616 1953 654 5

330 677 518 742 ποιήσει
563 680 793 745 “τε’ρατα,
843 679 967 732 ὥστε
1016 686 1295 733 πλανᾶσθαι
1345 685 1382 732 εἰ
1431 681 1629 732 δυνατὸν
1681 685 1757 732 καὶ
1806 680 1913 734 τοὺς

296 761 406 801 14ε’
581 760 831 781 *”*‘‹“
977 764 1074 780 Χ(
1240 761 1678 792 ἰι”“”
1823 767 1842 776 ’“

108 776 159 806 Ib.
183 784 230 806 22.
286 776 299 801 ί
383 767 636 823 εκλεκτους,
695 785 770 812 και
803 786 832 829 ῃ
871 767 1020 831 φησιν
1055 786 1080 813 ο
1116 767 1284 828 Σωτηρ
1355 766 1459 814 Ουκ
1494 786 1552 813 αν
1585 767 1742 827 εσωθη
1776 785 1914 814 πασα

110 1026 127 1046 2
146 1016 257 1047 Thess.

109 1060 141 1090 ii.
160 1061 190 1091 8.

331 840 499 910 σὰρξ,”
545 843 823 906 μαινομένης
867 842 986 894 κατὰ
1035 844 1226 894 πάντων
1269 847 1352 907 τῆς
1403 845 1573 894 ἐκείνου
1620 844 1909 912 πλεονεξίας·

332 929 358 952 “
386 922 461 973 διὰ
492 922 541 974 δὲ
566 923 672 977 τοὺς
705 925 948 978 ἐκλεκτοὺς
980 925 1402 988 κολοβωθήσονται
1433 928 1479 976 αἱ
1511 926 1674 991 ἡμέραι
1705 925 1910 976 ἐκεῖναι.”

331 1010 360 1033 “
386 1006 546 1055 ἀνελεῖ
575 1004 668 1070 γὰρ
703 1005 844 1055 αὐτὸν
875 1007 899 1055 ὁ
938 1006 1110 1070 Κύριος
1141 1010 1208 1075 τῷ
1240 1005 1483 1070 πνεύματι,
1517 1009 1592 1057 καὶ
1627 1006 1912 1072 καταργήσει

331 1093 360 1115 “
385 1090 442 1154 τῇ
470 1087 715 1155 ἐπιφανείᾳ
741 1090 824 1151 τῆς
849 1089 1112 1154 παρουσίας
1139 1087 1322 1140 αὐτοῦ.”

266 1366 383 1412 17³9
411 1365 449 1408 οἰ
476 1367 774 1416 Ποιμαίνοντεο
802 1369 851 1410 τὰ
879 1370 1053 1421 μάταια,
1076 1371 1143 1411 καὶ
1170 1369 1207 1412 οἱ
1237 1372 1599 1414 καταλελοιπότεε
1626 1372 1676 1413 τὰ
1705 1374 1911 1428 Πρόβατα,

111 2365 186 2400 771
203 2364 253 2399 A.

397 1451 584 1506 μάχαιρα
620 1451 690 1491 ἐπὶ
724 1454 796 1492 τοῦ
834 1452 1054 1508 βραχίονος
1090 1454 1219 1494 αὐτοῦ
1260 1455 1328 1494 καὶ
1365 1454 1434 1495 ἐπὶ
1472 1454 1544 1496 τὸν
1580 1454 1805 1509 ὀφθαλμὸν
1838 1455 1910 1496 τὸν

400 1533 540 1575 δεξιὸν
589 1534 725 1574 αὐτοῦ·
781 1534 804 1576 ὁ
850 1535 1033 1591 βραχίων
1077 1536 1205 1576 αὐτοῦ
1248 1538 1553 1592 ΕΗραινόμενοο
1599 1537 1912 1593 ΕΗρανθήσε-ῑται

402 1614 469 1655 καὶ
518 1616 540 1658 ὁ
590 1616 815 1670 ὀφθαλμὸς
864 1618 886 1660 ὁ
936 1617 1075 1660 δεξιὸς
1125 1618 1253 1659 αὐτοῦ
1298 1620 1642 1675 ἐκτυφλούμενοο
1689 1620 1912 1675 ἐκτυφλω-

400 1698 585 1743 θήσεται.

406 1862 664 1927 Γεγονότος
690 1863 823 1933 ἅπαξ
845 1872 927 1917 τοῦ
959 1865 1107 1932 λόγου
1133 1869 1236 1932 περὶ
1261 1868 1477 1926 ποιμένος
1504 1868 1707 1933 ἀπείρου,
1739 1890 1908 1930 μονον-

331 1946 434 2010 ουχὶ
468 1948 542 1995 καὶ
577 1947 901 2013 ἐπιστυγνοὶζει
936 1948 1107 1998 λοιπὸν
1141 1954 1236 2001 τοῖς
1271 1948 1335 2012 μὴ
1370 1951 1564 2013 ἀγαθοῖς
1596 1949 1808 2012 ποιμέσι,
1839 1952 1914 2000 καὶ

331 2025 625 2095 γενικωτάτῳ
659 2027 836 2092 τρόπον
865 2028 969 2078 τινὰ
1004 2032 1173 2095 χρῆται
1208 2029 1353 2099 λόγῳ,
1385 2029 1445 2079 τὰ
1475 2035 1570 2083 τοῖς
1603 2028 1691 2080 ὧδε
1723 2031 1914 2095 γνώμης

330 2106 492 2173 ἔχουσι
536 2107 883 2172 συμβησόμενα
926 2115 1299 2178 προαναφωνῶν.
1369 2111 1497 2176 ἄθρει
1542 2109 1635 2176 γὰρ
1679 2111 1805 2165 ὅπως
1850 2114 1912 2165 ὡς

331 2187 420 2250 ἤδη
461 2187 545 2242 τὰς
585 2192 667 2251 τῆς
711 2191 941 2257 ῥᾳθυμίας
986 2192 1316 2242 ἀποτιννύουσι
1361 2193 1490 2245 δίκας
1537 2191 1660 2258 τάχα
1703 2215 1794 2243 που
1838 2194 1914 2243 καὶ

332 2275 568 2334 συναλγεῖ
601 2271 656 2321 δι’
696 2270 904 2339 ἔμφυτον
941 2272 1215 2336 ἡμερότητα,
1255 2275 1329 2323 καὶ
1375 2278 1663 2324 καταιτιᾶται
1706 2273 1803 2337 μὲν,
1843 2273 1914 2324 ὅτι

293 2373 315 2397 a
333 2351 544 2414 ποιμένες
583 2351 808 2416 γεγόνασι
845 2358 939 2402 τῶν
973 2356 1192 2421 ματαίων,
1232 2353 1443 2405 τουτέστι
1481 2359 1575 2405 τῶν
1611 2355 1914 2420 προσκαίρων

333 2433 621 2495 ἐπιμεληταὶ,
654 2432 853 2500 ῥᾴθυμοι
888 2433 935 2484 δὲ
975 2436 1134 2496 οὕτως,
1166 2437 1227 2488 ὡς
1265 2434 1575 2500 ἐπιγάνυσθαι
1608 2440 1702 2488 τοῖς
1731 2435 1913 2500 προβά-

332 2535 428 2566 τοις
474 2515 648 2567 ἀθλίως
701 2514 1003 2565 διολωλόσιν.
1078 2519 1118 2566 οἱ
1170 2516 1254 2578 μὲν
1297 2516 1390 2581 γὰρ
1438 2522 1706 2570 πωλοῦντες
1749 2516 1913 2582 ε”λεγον

385 2719 413 2742 1.
441 2708 661 2753 κρεανομὴσει
681 2708 721 2743 C.
740 2710 819 2754 κρέα
837 2710 975 2755 νομὴσει
993 2711 1026 2746 b.
1046 2711 1270 2755 κρεωνομήσει
1289 2711 1381 2745 Edd.
1635 2721 1665 2743 2.
1693 2710 1851 2756 ἐκτρέψει
1870 2712 1912 2747 C.

334 2765 366 2798 3.
393 2755 454 2799 ἕχῃ
474 2755 564 2788 C.D.
582 2756 654 2799 ἔχοι
673 2755 707 2789 b.
727 2755 817 2789 Edd.
1263 2758 1295 2791 6.
1321 2756 1514 2792 πλανᾶσθαι
1534 2756 1611 2790 C.b.
1627 2758 1799 2799 πλανῆσαι
1819 2758 1912 2793 Edd.

334 2812 367 2844 9.
394 2800 685 2844 κολιβωθήσονται
705 2802 747 2835 Β.
766 2802 1057 2846 κολοβοθήσονται
1077 2803 1116 2837 C.
1414 2814 1465 2836 10.
1491 2802 1692 2846 καταρθὴσει
1711 2803 1800 2847 (sic)
1819 2804 1911 2838 Edd.

333 2852 412 2880 ante
431 2847 565 2891 Migne.
992 2860 1043 2894 15.
1070 2849 1341 2894 ἐκτυφλούμενος
1359 2860 1427 2882 om.
1447 2848 1487 2881 C.
1506 2848 1605 2892 (130,
1624 2849 1724 2893 311.)
1742 2849 1845 2883 habet
1864 2851 1911 2884 D.

338 2903 390 2934 19.
407 2894 615 2938 γενικωτάτῳ
633 2895 760 2937 τρόπον
772 2895 845 2928 τινὰ
862 2897 983 2939 χρῆται
1001 2898 1034 2930 λ.
1051 2896 1091 2930 C.
1110 2897 1328 2941 γενικώτατόν
1342 2909 1413 2929 τινα
1430 2896 1555 2938 τρόπον
1570 2908 1626 2939 χρ.
1644 2897 1689 2940 τῷ
1708 2897 1800 2941 λόγῳ
1820 2896 1910 2931 Edd.

335 2947 390 2970 20.
415 2938 504 2973 ὅπως
520 2946 742 2984 assumptum
761 2952 802 2974 ex
823 2941 909 2976 B.C.

1936 1025 1983 1049 10

1935 2133 1984 2158 20

1934 2538 1981 2576 25
