2028 3356
275 168 355 206 “1524
662 166 708 205 B.
754 164 1034 204 CYRILLI
1086 165 1470 206 ALEXANDR.
1737 163 1795 204 iii.
1817 176 1853 206 2.

271 278 488 337 σκεσθαι,
516 277 590 325 καὶ
617 279 711 327 τοῖς
738 274 825 338 ἤδη
851 274 1196 339 προειρημένοις
1222 275 1308 338 τὴν
1332 279 1427 326 τῶν
1452 272 1855 336 ἀποτελεσμάτων

270 357 600 424 συμφέροντας
651 357 862 417 ἑκβασιν,
915 355 1158 421 ἐνδοιάζειν
1205 358 1419 420 οὐδαμῶς
1475 360 1537 410 ὡς
1593 354 1732 410 αὐτὸς
1788 356 1856 420 εἵη

271 439 452 501 λοιπὸν,
484 440 508 488 ὁ
544 438 619 489 διὰ
655 438 798 501 νόμου
834 442 908 488 καὶ
941 443 1201 505 προφητῶν
1234 438 1681 506 προκεκηρυγμένος.
1742 437 1856 502 ἧκον

51 540 136 574 552
157 539 205 573 Α.
233 550 253 573 a
272 522 355 584 μὲν
390 521 483 586 γὰρ
513 519 632 585 πρὸς
670 519 810 570 αὐτόν
842 543 960 573 τινες
991 525 1085 570 τῶν
1107 519 1327 572 Ἰωάννου
1365 525 1600 585 μαθητῶν,
1628 524 1857 588 φιλοπευ-

51 629 181 678 ³-.¹⁴¹¹‘⁷-
272 609 493 656 στοῦντες
533 605 608 653 καὶ
646 601 864 668 λε’γοντες
903 610 929 631 ‘⁶
949 603 1169 667 Ἰωάννης
1203 604 1227 653 ὁ
1264 603 1539 666 Βαπτιστὴς
1578 604 1899 660 ἀπέστειλεν5

50 683 103 702 ω’
127 683 176 703 ²0'
272 696 297 715 “
325 686 444 749 ἡμᾶς
484 685 638 750 λέγων
665 684 734 736 Συ
773 682 814 735 εἶ
846 686 870 735 ὁ
906 686 1152 753 ἐρχόμενος
1190 683 1219 749 ἦ
1260 686 1414 751 ἕτερον
1445 688 1786 749 προσδοκῶμεν
1808 685 1854 745 ;”

273 770 297 818 ὁ
324 767 387 830 δὲ,
415 768 563 818 καίτοι
589 767 744 833 λέγειν
771 767 878 836 ἐξόν
896 768 1026 834 Ἐγὼ
1055 770 1129 818 καὶ
1157 770 1243 835 οὐχ
1268 769 1432 832 ἕτερος,
1451 769 1524 819 ἐπὶ
1549 767 1635 831 τὴν
1660 766 1859 834 ἀρχαίαν

52 867 99 931 [b.
122 875 168 902 κ,
272 850 438 904 αὐτοὺς
470 852 706 902 ἀναπείθει
730 851 1064 916 προάγγελσιν
1091 853 1408 918 ἀναφοιτῆσαι
1440 850 1596 915 λέγων
1632 856 1658 878 “
1682 853 1859 915 Πορευ-

274 941 300 962 “
327 931 481 987 θέντες
507 934 828 999 ἀπαγγείλατε
854 933 1049 1002 Ἰωάννῃ
1077 931 1106 984 ἃ
1132 933 1318 984 ἀκούετε
1340 935 1414 983 καὶ
1434 933 1648 993 βλέπετε·
1683 932 1859 1000 τυφλοὶ

274 1024 300 1044 “
326 1015 668 1079 ἀναβλέπουσι,
695 1018 844 1084 χωλοὶ
876 1022 1205 1081 περιπατοῦσι,
1235 1018 1402 1080 λεπροὶ
1429 1015 1752 1081 καθαρίζονται
1784 1015 1859 1064 καὶ
1884 1042 1930 1067 ιο

274 1106 300 1127 “
328 1104 478 1166 κωφοὶ
517 1099 754 1160 ἀκούουσι,
786 1101 935 1163 νεκροὶ
969 1100 1241 1164 ἐγείρονται,
1277 1100 1352 1148 καὶ
1390 1100 1570 1164 πτωχοὶ
1609 1095 1854 1162 εὐαγγελί-

273 1190 300 1210 “
326 1182 493 1248 ζονται,
535 1183 609 1232 καὶ
654 1181 880 1246 μακάριός
921 1183 1052 1232 ἐστιν
1093 1180 1143 1235 ὃς
1183 1180 1263 1231 ἐὰν
1312 1180 1376 1244 μὴ
1428 1182 1763 1246 σκανδαλισθῇ
1811 1180 1860 1228 ἐν

231 1270 300 1307 ¹›“
325 1264 472 1328 ἐμοί.”
539 1264 725 1329 ἀτρεκὲς
769 1265 850 1315 οὖν
886 1263 971 1326 ὅτι,
1004 1263 1126 1315 καθά
1161 1269 1312 1331 φησιν
1347 1264 1371 1313 ὁ
1408 1261 1686 1330 Προφήτης,
1724 1263 1761 1313 ἐν
1802 1285 1862 1312 τω

273 1348 464 1417 ἐγγίζειν
495 1345 555 1398 τα,
587 1347 655 1407 ἔτη
682 1346 996 1420 ἑπιγνωσ-θησῃ,
1024 1349 1099 1397 καὶ
1127 1346 1197 1397 ὅτι
1225 1346 1343 1396 κατὰ
1370 1345 1553 1411 καιροὺς
1578 1343 1685 1398 τοὺς
1709 1343 1861 1395 πάλαι

271 1430 652 1495 προωρισμένους
693 1432 754 1483 ὡς
793 1431 841 1479 ἐν
880 1429 1073 1493 θελήσει
1113 1451 1160 1479 τε
1204 1431 1277 1479 καὶ
1319 1432 1474 1495 βουλῇ
1511 1433 1594 1478 τοῦ
1627 1431 1751 1478 Θεοῦ
1786 1428 1860 1476 καὶ
1885 1453 1930 1488 15

275 1512 480 1578 Πατρὸς,
521 1513 762 1579 ἀνεδείχθη
805 1513 1032 1578 Χριστός,
1092 1513 1140 1561 ἐν
1177 1509 1395 1578 ἐσχάτοις
1436 1510 1530 1575 γὰρ
1572 1515 1655 1560 τοῦ
1697 1513 1862 1562 αἰῶνος

274 1601 446 1661 καιροῖς
481 1595 710 1663 ε’πέφανεν
742 1596 868 1657 ἡμῖν,
899 1593 1144 1660 ἐπεγνώσθη
1179 1617 1228 1644 τε
1260 1595 1334 1643 καὶ
1367 1591 1683 1658 ὡμολόγηται,
1709 1591 1855 1642 καθά-

274 1701 362 1743 περ
389 1677 552 1742 ἀμὲλει
586 1679 661 1728 καὶ
696 1677 788 1744 προ
821 1700 873 1742 γε
900 1681 994 1727 τῶν
1019 1677 1186 1727 ἀλλων
1212 1677 1236 1726 ὁ
1265 1674 1531 1740 Ναθαναὴλ
1558 1674 1859 1740 ἀνακεκράγει

54 1776 84 1821 ³1³-
102 1773 201 1835 ?²‡''¹¹¹·
276 1761 431 1825 λέγων
458 1768 484 1789 “
504 1762 679 1822 “Ραββὶ
707 1760 771 1810 σὺ
798 1758 839 1810 εἶ
862 1761 886 1810 ὁ
920 1758 1014 1812 υἱὸς
1038 1764 1121 1809 τοῦ
1148 1762 1290 1817 Θεοῦ,
1317 1756 1381 1808 σὺ
1408 1756 1449 1808 εἶ
1473 1759 1497 1808 ὁ
1522 1756 1752 1818 βασιλεὺς
1777 1763 1861 1809 τοῦ

55 1828 71 1846 ¹⁸
277 1851 303 1872 ‘⁶
333 1843 564 1910 Ισραήλ.”
631 1842 876 1909 ἐπεγνώσθη
920 1841 977 1905 δὴ
1012 1842 1093 1892 οὖν
1133 1843 1170 1892 ἐν
1204 1847 1264 1910 τῷ
1303 1841 1492 1910 ἑγγιζειν
1534 1839 1592 1891 rb.
1633 1840 1718 1901 ἔτη,
1755 1863 1860 1891 του-
1883 1867 1932 1891 20

276 1926 449 1989 τέστιν,
476 1927 538 1979 ὡς
563 1927 611 1976 ἐν
638 1927 704 1995 τῷ
731 1928 874 1994 καιρῷ
905 1927 988 1988 τῆς
1013 1923 1131 1987 μετὰ
1169 1922 1348 1988 σαρκὸς
1385 1923 1663 1985 οἰκονομίας.
1715 1923 1856 1989 ἐπεγ-

239 2007 408 2068 ονώσθη
447 2032 495 2059 τε
534 2007 664 2074 παρά
702 2030 751 2058 τε
791 2008 936 2073 ἁγίων
976 2010 1052 2057 καὶ
1091 2005 1282 2070 ἁπάσης
1320 2006 1408 2070 ἤδη
1452 2004 1621 2056 λοιπὸν
1658 2007 1741 2068 τῆς
1785 2006 1859 2056 ὑπ’

277 2089 490 2158 οὐρανόν.
550 2091 816 2158 ἐγνώκαμεν
855 2088 948 2155 γὰρ
985 2089 1068 2139 τὸν
1109 2091 1156 2138 ἐν
1194 2088 1325 2157 με’σῳ
1361 2087 1443 2138 δύο
1484 2087 1627 2156 ζῴων,
1662 2088 1862 2151 ἱλαστή-

276 2199 376 2240 ριον
408 2177 470 2228 ὡς
507 2175 556 2225 ἐν
586 2174 833 2239 αἰνίγμασι
874 2175 1076 2235 νομικοῖς
1115 2170 1605 2238 προανατυπούμενον,
1631 2170 1861 2232 τουτέστι,

278 2256 508 2324 Χριστόν.
1883 2256 1931 2292 ²5

327 2450 403 2491 Ἐν
432 2452 491 2504 τῷ
517 2454 776 2505 ταραχθῆναι
804 2448 881 2489 τήν
908 2449 1046 2503 ψυχήν
1073 2462 1152 2497 μου
1179 2448 1223 2488 ὲν
1250 2447 1353 2503 &pl-*3
1380 2446 1529 2487 ἐλέους
1556 2446 1791 2503 μνΗσθύσῌ.

330 2595 359 2617 2.
385 2582 501 2628 αὐτὸς]
521 2582 617 2618 οὗτος
636 2582 682 2616 D.
843 2593 874 2626 7.
902 2582 954 2615 καὶ
972 2587 1194 2625 assumptum
1211 2591 1253 2613 ex
1273 2579 1318 2613 D.
1485 2579 1517 2612 8.
1544 2579 1795 2623 προαγόρευσιν
1813 2578 1861 2612 Ι).

284 2641 335 2665 10.
363 2631 416 2663 καὶ
433 2642 503 2664 om.
525 2630 566 2663 B.
770 2640 821 2662 11.
848 2629 902 2662 καὶ
920 2629 1028 2673 νεκροὶ
1048 2627 1140 2662 Edd.
1158 2627 1229 2661 inv.
1250 2626 1343 2660 B.D.
1537 2636 1591 2660 12.
1617 2625 1712 2659 ἐστιν
1728 2636 1798 2658 om.
1815 2625 1862 2660 D.

284 2709 336 2743 13.
355 2699 490 2743 ἀτρεκὲς
509 2698 554 2733 D.
567 2710 597 2732 a.
616 2697 739 2741 ἀληθὲς
758 2697 849 2732 Edd.
972 2708 1024 2740 14.
1051 2684 1280 2743 ἐπεγνώσθη..
1299 2708 1339 2730 ex
1358 2707 1445 2730 corr.
1466 2694 1506 2729 B.
1556 2698 1622 2729 τῶν
1639 2706 1702 2739 pro
1719 2695 1796 2730 τοὺς
1815 2695 1862 2729 D.

286 2767 337 2797 15.
364 2757 399 2790 ἐν
416 2756 572 2800 ἐθελήσει
591 2768 622 2790 a.
672 2758 760 2789 Θεοῦ
778 2770 813 2790 τε
833 2756 879 2791 D.
996 2756 1047 2788 18.
1065 2770 1103 2799 γε
1122 2766 1192 2788 om.
1214 2753 1306 2787 B.D.
1325 2752 1429 2786 habet
1446 2752 1482 2786 b.
1530 2751 1747 2797 ἀνακεκράγει
1766 2752 1812 2785 D.
1825 2752 1862 2786 b.

279 2803 435 2845 ιὶνέκραζε
457 2803 496 2836 B.
514 2803 675 2848 ἀνέκραγε
695 2803 785 2836 Edd.
933 2813 986 2847 19.
1009 2800 1042 2836 εἶ
1055 2803 1072 2835 ὁ
1089 2803 1173 2843 fiacr.
1195 2800 1287 2834 B.D.
1305 2802 1390 2837 Βασ.
1408 2796 1441 2833 εἶ
1455 2799 1489 2832 b.
1512 2798 1602 2833 Edd.
1747 2809 1801 2832 20.
1821 2799 1862 2842 δὴ

280 2856 501 2893 assumptum
519 2862 559 2883 ex
582 2850 673 2884 B.D.
687 2850 754 2883 a.b.
1068 2859 1123 2882 21.
1150 2848 1194 2883 ὡς
1210 2847 1336 2880 retinui
1354 2857 1434 2880 cum
1452 2858 1482 2879 a.
1501 2845 1598 2879 deest
1615 2846 1650 2878 in
1670 2844 1764 2879 B.D.
1814 2848 1860 2891 τῷ

280 2902 501 2939 assumptum
520 2908 561 2930 ex
582 2897 673 2930 B.D.
692 2897 808 2931 invitis
827 2896 895 2929 a.b.
956 2896 1038 2939 μετὰ
1064 2895 1191 2939 σαρκὸς
1209 2893 1327 2928 D.a.b.
1355 2893 1519 2936 ἐνσάρκου
1540 2892 1581 2925 Β.
1603 2891 1696 2926 Edd.
1761 2892 1861 2937 ἐπεγ-

281 2942 394 2984 νώσθη
412 2954 482 2976 om.
504 2943 544 2976 B.
783 2954 837 2976 22.
863 2957 898 2976 τε
917 2943 1012 2987 prius
1030 2947 1251 2986 assumptum
1269 2952 1309 2973 ex
1325 2952 1354 2973 a.
1375 2939 1470 2972 deest
1487 2940 1522 2972 in
1545 2939 1636 2973 B.D.
1686 2939 1798 2983 πάσης
1820 2940 1861 2974 B.

282 2990 342 3033 ἤδη
361 3001 430 3022 om.
453 2989 496 3023 D.
642 3000 695 3033 23.
723 2990 780 3023 τὸν
800 2990 891 3024 B.D.
910 2991 948 3024 τὸ
968 2989 1059 3022 Edd.
1205 2998 1260 3029 24.
1286 2988 1435 3020 τοπικοῖς
1454 2997 1515 3030 pro
1533 2987 1678 3029 νομικοῖς
1697 2986 1742 3019 D.
