1997 3361
111 183 221 234 iii.4.
544 184 611 222 IN
656 184 929 223 ABACUC.
991 182 1138 223 TUM.
1179 183 1233 222 ΙΙ.
1599 182 1667 219 131

107 290 135 355 ἢ
163 296 224 345 εἰς
250 293 500 353 βασιλείαν
525 295 599 343 καὶ
627 292 833 355 δύναμιν,
854 293 997 357 ἤγουν
1025 296 1086 344 εἰς
1112 291 1385 357 ὑπεροψίαν.
1438 291 1512 339 καὶ
1538 294 1674 338 τοῦτο

107 373 314 425 διδάσκει
340 377 365 425 ὁ
391 373 613 441 μακάριος
640 377 813 425 Δαυεὶδ
846 376 1000 439 λέγων
1030 382 1056 402 “
1075 371 1200 424 Εἶπα
1226 377 1321 426 τοῖς
1346 377 1673 437 παρανομοῦσι
1737 387 1788 417 Μ.

107 463 133 485 “
162 456 246 519 Μὴ
276 462 598 523 παρανομεῖτε,
628 459 702 507 καὶ
728 462 822 509 τοῖς
850 455 1171 522 ἁμαρτάνουσι
1202 453 1286 518 Μὴ
1315 455 1490 522 ὑψοῦτε
1519 453 1668 518 κέρας·
1736 431 1836 512 ἷχὸη

108 544 133 566 “
159 539 222 601 μὴ
250 539 453 605 ἐπαίρετε
493 544 554 592 εἷς
594 540 716 606 ὕψος
742 538 795 589 τὸ
816 539 950 604 κε’ρας
977 540 1121 600 ὑμῶν,
1151 539 1226 587 καὶ
1252 535 1315 599 μὴ
1343 540 1528 586 λαλεῖτε
1556 534 1674 585 κατὰ

65 631 87 667 5
107 626 133 647 “
159 626 241 670 τοῦ
268 624 390 672 Θεοῦ
417 622 637 672 ἀδικίαν.”
699 629 724 650 “
747 621 979 686 ὑπέρογκα
1018 619 1109 685 γὰρ
1147 618 1453 682 ματαιότητος
1490 617 1676 684 ῥήματα
1738 628 1891 700 {Sl-8124-

106 708 132 730 ‘⁶
159 701 511 770 φθεγγόμενοί”
552 727 683 765 τινες,
719 702 835 753 κατὰ
873 703 926 752 τὸ
965 701 1298 767 γεγραμμένον,
1340 699 1518 750 ἀδικίαν
1557 699 1675 750 κατὰ
1735 715 1800 787 lm·
1847 757 1862 783 Γ

1749 769 1834 788 XXIV.
1858 770 1875 788 ).

103 789 186 834 τοῦ
225 787 349 835 Θεοῦ
379 791 598 848 λαλοῦσι,
632 790 724 835 τῶν
762 787 866 850 περὶ
901 786 1040 835 αὑτοῦ
1076 782 1325 848 δογμάτων
1363 775 1671 847 παρασημαί-

104 888 258 919 νοντες
278 866 362 931 τὴν
378 866 667 933 ὁρθότητα,ἢ
689 870 762 918 καὶ
782 866 890 918 καθ’
908 867 1063 932 ἕτερον
1081 867 1289 916 ὁντινοῦν
1308 863 1675 931 περιυβρίζοντες

102 948 293 1014 τρόπον.

38 1050 86 1074 10
176 1030 429 1094 Δυνάμεως
461 1032 509 1082 δὲ
539 1029 828 1095 σημαντικὸν
853 1028 906 1080 τὸ
936 1030 1079 1098 κέρας,
1108 1029 1219 1080 ὅταν
1244 1029 1437 1094 λέγηται
1461 1030 1564 1094 περὶ
1590 1033 1674 1078 τοῦ

103 1115 227 1162 Θεοῦ
251 1115 325 1164 καὶ
344 1112 532 1179 Πατρὸς
559 1113 884 1181 ἀναδείξαντος
909 1112 1018 1175 ἡμῖν
1044 1110 1124 1162 τὸν
1141 1111 1272 1161 Υἱόν·
1315 1118 1341 1139 “
1358 1110 1511 1175 ἤγειρε
1538 1109 1672 1175 κε’ρας
1690 1142 1711 1168 0
1731 1125 1860 1197 S.(L110.

102 1201 129 1222 ‘⁶
152 1195 386 1261 σωτηρίας
411 1196 558 1259 ἡμῖν,”
587 1197 663 1246 καὶ
688 1194 834 1246 πάλιν
871 1201 897 1223 “
918 1193 989 1245 Τὸ
1021 1194 1155 1259 κε’ρας
1189 1195 1331 1243 αὐτοῦ
1367 1192 1673 1260 ὑψωθήσεται
1732 1180 1868 1254 lf’s).9ssxi.

102 1283 129 1304 ‘⁶
153 1278 201 1326 ἐν
237 1277 396 1345 δόξῃ.”
462 1279 509 1327 ἐν
547 1278 730 1345 εὐκλείᾳ
770 1275 819 1326 δὲ
856 1275 1011 1327 πάντα
1051 1276 1110 1326 τά
1152 1277 1200 1326 ἐν
1238 1275 1426 1338 δυνάμει
1457 1278 1674 1340 Χριστοῦ
1732 1278 1762 1308 9·

100 1359 378 1428 παραδόξως
415 1361 768 1426 κατωρθωμένα.
835 1360 1026 1426 ἀφῖκται
1065 1355 1121 1421 δὴ
1155 1358 1236 1408 οὖν
1270 1359 1294 1407 ὁ
1323 1355 1599 1421 Μονογενὴς
1626 1358 1674 1406 ἐν

36 1456 82 1493 15
101 1441 204 1491 ε’ίδει
234 1439 319 1505 μὲν
342 1445 408 1511 τῷ
436 1443 543 1493 καθ’
572 1442 704 1506 ἡμᾶς,
732 1443 806 1492 καὶ
842 1440 959 1491 ὅσον
985 1440 1092 1504 ἧκεν
1119 1444 1180 1493 εἰς
1204 1438 1362 1505 σάρκα
1388 1441 1463 1489 καὶ
1489 1438 1671 1504 ἀνθρω-

99 1524 293 1588 πότητα,
318 1526 399 1587 τῆς
432 1524 480 1574 ἐν
504 1524 613 1587 ἡμῖν
641 1523 881 1576 ἀσθενείας
913 1523 1154 1586 ὑπομένων
1181 1520 1265 1585 τὴν
1292 1521 1502 1585 δόκησιν·
1544 1519 1673 1584 πλὴν

100 1608 136 1657 ἐν
169 1613 311 1675 χερσὶν
350 1608 411 1660 ὡς
437 1605 558 1660 Θεὸς
595 1606 713 1673 ε”χων
751 1604 906 1656 πάντα
942 1603 1001 1656 τὰ
1042 1603 1219 1674 κέρατά,
1250 1604 1475 1666 τουτέστι,
1511 1602 1671 1656 πάσας

100 1688 183 1742 τὰς
219 1687 480 1751 βασιλείας,
517 1688 635 1739 κατὰ
672 1692 835 1739 πᾶσαν
873 1686 958 1751 τὴν
990 1685 1184 1750 δύναμιν
1217 1690 1311 1737 τῶν
1349 1685 1671 1748 ἀντικειμένων

100 1772 351 1836 ἐνεργειῶν.
415 1770 468 1821 τὸ
512 1770 560 1821 δὲ
603 1772 640 1822 ἐν
682 1776 826 1837 χερσὶν
868 1769 981 1820 ὅταν
1025 1769 1248 1835 λέγωμεν,
1289 1766 1343 1819 τὸ
1392 1769 1440 1818 ἐν
1478 1766 1713 1836 ἐξουσίᾳᾶ

33 1871 82 1896 20
102 1851 313 1917 λέγομεν.
359 1855 434 1903 καὶ
460 1858 573 1918 γοῦν
597 1851 715 1919 πρὸς
735 1850 857 1903 Θεὸν
883 1850 1190 1916 δεδιδάγμεθα
1215 1858 1370 1916 λεγειν
1396 1850 1444 1899 ἐν
1467 1871 1672 1915 προσευ-

165 1938 184 1948 Α

101 1957 217 2000 χαις,
244 1941 271 1963 “
289 1935 374 1985 Ἐν
400 1940 499 1987 ταῖς
532 1935 671 2001 χερσί
693 1957 783 1984 σου
809 1936 851 1984 οἱ
878 1933 1048 1999 κλῆροί
1068 1934 1203 1995 μου.”
1245 1931 1316 1983 ὅτι
1342 1932 1389 1982 δὲ
1416 1932 1668 1995 ὑπενήνεκ-
1732 1941 1785 2015 ἴδε
1802 1951 1880 1971 xxx.

100 2039 175 2066 ται
201 2019 267 2085 τῷ
294 2020 492 2086 Χριστῷ
526 2021 661 2067 πᾶσα
696 2016 887 2079 δύναμις
913 2014 1174 2078 διαβολικὴ,
1205 2016 1278 2065 καὶ
1311 2013 1370 2065 τὰ
1405 2013 1672 2078 καλούμενα

103 2099 278 2168 κέρατά,
303 2098 557 2161 τουτέστιν,
585 2102 631 2149 αἱ
656 2096 774 2148 κατὰ
799 2096 960 2150 πόλεις
986 2120 1035 2148 τε
1061 2099 1134 2147 καὶ
1159 2097 1314 2164 χώρας
1340 2101 1434 2147 τῶν
1459 2095 1665 2162 ἀκαθάρ-

99 2203 193 2230 των
235 2179 510 2244 πνευμάτων
559 2180 836 2245 τυραννίδες·
899 2178 1220 2245 διεμερίσαντο
1270 2177 1364 2244 γὰρ
1406 2176 1493 2242 τὴν
1538 2177 1665 2241 σύμ-

151 2356 180 2378 1.
206 2343 252 2379 εἷς·
269 2344 327 2378 alt.
345 2350 565 2389 assumptum
582 2356 623 2378 ex
643 2343 735 2377 B.D.
749 2355 780 2377 a.
829 2345 929 2377 τοῦτο
947 2348 1168 2387 assumptum
1186 2354 1228 2376 ex
1246 2341 1289 2376 B.
1417 2351 1449 2376 2.
1475 2340 1603 2384 διδάξει
1622 2340 1667 2374 D.

103 2391 227 2424 Statim
244 2391 342 2426 αὐτὸς
359 2391 439 2426 add.
458 2390 550 2425 Edd.
568 2391 683 2425 invitis
703 2390 795 2425 B.D.
837 2390 947 2435 λέγων
964 2396 1043 2423 ante
1060 2392 1078 2423 ὁ
1094 2403 1172 2434 μακ.
1189 2395 1233 2423 tr.
1253 2389 1299 2422 D.
1503 2399 1535 2432 3.
1561 2401 1669 2432 παρα-

101 2439 212 2480 νομεῖν
229 2449 258 2470 a.
275 2438 386 2483 (Vat.)
435 2436 548 2483 κέρας]
573 2442 609 2478 -Ι-
630 2438 684 2471 καὶ
701 2449 730 2471 a.
749 2438 861 2479 (141.)
1127 2448 1158 2478 4.
1185 2435 1276 2478 ἡμῶν
1294 2433 1385 2469 Edd.
1433 2434 1516 2478 μηδὲ
1534 2445 1598 2478 pro
1615 2435 1670 2467 καὶ

99 2486 144 2528 μὴ
163 2485 208 2518 D.
228 2483 331 2529 (sol.)
541 2494 574 2527 5.
599 2483 681 2529 γὰρ]
704 2489 741 2524 -†-
762 2485 815 2517 καὶ
833 2483 879 2517 D.
928 2482 1059 2527 ῥήματα
1076 2483 1219 2516 accessit
1236 2494 1277 2515 ex
1297 2481 1339 2515 B.
1553 2489 1583 2525 7.
1609 2483 1669 2514 τοῦ

99 2536 319 2575 assumptum
332 2543 373 2566 ex
388 2531 481 2566 B.D.
530 2533 678 2564 λαλοῦσι
690 2536 768 2564 ante
780 2530 861 2563 κατὰ
873 2535 916 2563 tr.
929 2530 975 2563 D.
1024 2529 1334 2574 παρασημαίνοντες
1345 2528 1392 2562 D.
1407 2526 1498 2561 Edd.
1510 2527 1668 2570 διαστρέ-

99 2580 222 2622 φοντες
240 2577 282 2610 Β.
501 2579 533 2612 8.
559 2577 577 2620 ἢ
596 2590 666 2612 οῐη.
686 2577 731 2610 D.
782 2577 835 2610 καὶ
852 2582 1070 2620 assumptum
1089 2588 1130 2609 ex
1150 2575 1243 2609 B.D.
1460 2586 1512 2607 11.
1538 2574 1667 2607 ἀναδεί-

99 2625 217 2667 ξαντος
236 2623 329 2659 B-D.
341 2636 371 2658 a.
395 2625 722 2669 προσαναδείξαντος
738 2623 832 2657 Aub.
858 2624 942 2667 πρὸς
959 2623 1191 2665 ἀναδείξαντος
1202 2622 1281 2664 (Sic)
1295 2621 1396 2655 Pont.
1409 2620 1470 2654 ubi
1483 2621 1567 2663 πρὸς
1580 2620 1668 2653 forte

100 2677 171 2705 erat
187 2672 272 2716 πῶς
290 2672 491 2716 (Ξπατρὸς)
510 2683 570 2716 per
587 2670 838 2716 repetitionem.
1101 2680 1153 2713 13.
1181 2669 1216 2702 δὲ
1236 2668 1276 2701 B.
1295 2669 1360 2713 γὰρ
1380 2667 1470 2700 Edd.
1490 2667 1667 2700 Neutrum

99 2717 203 2752 habet
222 2719 267 2753 D.
368 2727 420 2760 15.
451 2718 526 2762 ἧκεν
543 2724 764 2762 assumptum
782 2728 823 2750 ex
842 2716 936 2750 B.D.
1048 2714 1099 2749 16.
1126 2716 1265 2757 δόκησιν
1284 2715 1325 2748 B.
1346 2713 1434 2747 Edd.
1455 2714 1600 2746 κάκωσιν
1618 2713 1666 2747 D.

104 2773 156 2808 17.
181 2765 251 2810 ἔχει
271 2764 311 2799 Β.
330 2765 415 2810 ἔχων
429 2765 472 2800 ὣς
489 2765 573 2800 Θεὸς
589 2765 659 2798 inv.
678 2763 752 2798 ord.
775 2764 820 2797 D.
1012 2762 1063 2795 18.
1091 2762 1171 2795 κατὰ
1192 2761 1233 2794 Β.
1254 2760 1343 2794 Edd.
1361 2761 1414 2793 καὶ
1434 2760 1479 2793 D.
1528 2760 1587 2803 τὴν
1611 2771 1666 2793 as-

101 2817 281 2855 sumptum
298 2823 339 2845 ex
358 2812 403 2846 D.
661 2823 712 2855 19.
740 2811 912 2854 ἐνεργειῶν
930 2808 972 2842 Β.
992 2807 1083 2842 Edd.
1102 2808 1233 2853 ἐχθρῶν
1251 2807 1297 2841 D.
1364 2807 1398 2840 ἐν
1415 2807 1510 2852 prius
1528 2818 1597 2841 om.
1618 2806 1665 2840 D.

104 2867 156 2891 20.
182 2857 340 2903 λέγομεν]
359 2858 471 2902 φαμὲν
490 2858 535 2892 D.
573 2857 624 2903 ἐν]
648 2862 684 2898 4-
705 2859 776 2892 ταῖς
796 2857 840 2890 D.
937 2866 991 2888 21.
1015 2854 1096 2899 μου]
1116 2855 1206 2898 ἡμῶν
1227 2854 1267 2887 Β.
1287 2854 1383 2896 (Sol.)
1479 2864 1533 2898 23.
1553 2855 1666 2896 χώρας

102 2908 135 2935 et
150 2905 266 2939 πόλεις
283 2905 370 2938 inter
387 2916 422 2938 se
439 2910 482 2939 tr.
504 2905 549 2938 D.
855 2913 909 2944 24.
935 2902 1167 2946 διεμερίσαντο
1188 2901 1279 2934 B.D.
1299 2899 1553 2944 διεμοιρήσαντο
1572 2900 1664 2933 Aub.

102 2948 356 2993 διεμοιράσαντο
376 2951 475 2985 Pont.

857 3019 921 3046 82
