2001 3361
283 182 358 217 750

334 300 438 337 cinae
463 300 540 336 270
566 311 610 339 a;
648 297 719 334 Dei
750 297 910 345 gloriam
940 297 1036 334 cele·

334 365 445 400 brant
465 378 473 405 3
529 363 576 399 ab
620 361 710 410 Ipso
750 361 834 399 Deo
873 362 1041 399 habitata

337 430 412 465 393
432 428 468 463 b.

279 492 489 539 Templum,
513 490 726 528 Salomonis
745 491 938 527 conditum
959 493 981 528 2
998 503 1018 527 e
1030 503 1039 536 ;

334 558 434 604 Cyro
477 556 719 603 permittente
762 556 1040 592 reaedificatum

335 623 404 666 5e;
437 622 514 657 460
536 633 582 667 e;
613 623 688 657 689
711 633 753 666 a;
785 633 806 656 a
825 620 1041 669 Babyloniis

333 685 527 721 incensum
552 688 626 723 117
648 698 667 722 e
682 698 693 731 3
723 686 859 722 iterum
872 685 918 721 ab
930 684 1041 721 Anti-

335 750 430 786 ocho
458 753 531 787 201
557 763 602 792 e;
637 750 837 787 delendum
862 750 1041 798 praedici-

334 820 396 850 tur
413 817 489 852 230
506 827 548 857 e;
576 818 649 853 341
669 827 714 860 e;
741 817 817 852 423
836 815 880 860 d;
908 817 983 851 755
1000 827 1040 860 a;

334 878 573 921 Sanctorum,
600 892 675 916 non
699 880 904 928 temporale
930 881 978 916 28
996 891 1041 925 e;

332 944 503 991 quodvis,
541 943 579 980 in
617 945 688 980 Dei
721 945 880 992 gloriam
915 944 1041 981 aedifi-

335 1014 475 1052 catum,
488 1009 679 1054 violatum,
691 1009 920 1046 violantibus
932 1014 1043 1045 nocet

339 1075 414 1111 268
448 1086 489 1120 e;
533 1076 610 1111 269
643 1086 692 1119 a3
734 1074 816 1110 Deo
847 1079 1042 1122 praesente

334 1146 372 1177 et
402 1144 618 1188 aspectante
648 1140 724 1175 269
753 1150 802 1184 c;
842 1138 1041 1178 idolorum,

335 1204 526 1241 ebrietatis
563 1203 711 1239 officina
750 1205 827 1239 270
867 1215 887 1239 a
902 1215 912 1248 ς
956 1202 1041 1244 Dei,

335 1269 442 1305 idolis
463 1274 721 1305 consecratum
741 1270 818 1304 290
834 1268 878 1313 d;
903 1266 1043 1304 Judae-

335 1347 455 1375 orum,
483 1333 563 1381 igni
588 1332 793 1380 periturum
818 1332 1044 1381 praedicitur

338 1401 411 1435 341
447 1410 492 1443 e;
536 1400 611 1434 755
649 1409 698 1443 a;
738 1397 818 1445 igni
853 1397 1043 1444 praedicto

335 1463 432 1511 perit
472 1464 547 1499 342
584 1474 629 1509 03
678 1460 890 1509 Spirituale‚
926 1461 957 1496 si
995 1462 1042 1497 sit

336 1527 474 1575 pariter
507 1526 703 1574 pollutum,
734 1525 874 1573 pariter
907 1525 1042 1573 peribit

338 1594 413 1629 342
437 1591 481 1637 d;
518 1597 540 1610 “
559 1590 674 1626 Mons
701 1590 871 1625 domus'’
899 1590 1040 1626 dictum

336 1657 541 1693 devovetur
565 1654 676 1691 exitio
702 1656 777 1691 423
795 1655 817 1690 d
834 1667 844 1700 3
873 1659 1042 1702 tempore

335 1720 497 1769 Aggaei,
555 1719 770 1756 foedissime
826 1719 1040 1767 neglectum

336 1788 414 1822 630
431 1798 478 1831 a;
515 1783 599 1825 Dei,
624 1784 826 1832 spirituale,
848 1784 885 1819 in
910 1783 1041 1820 animis

335 1856 392 1887 est
418 1849 583 1885 fidelium
612 1851 689 1886 634
715 1849 759 1894 d;
793 1848 902 1884 bonis
927 1849 1040 1884 mori-

334 1915 406 1950 bus
430 1914 701 1951 aedificandum
724 1920 781 1950 est
809 1916 886 1950 634
904 1926 945 1959 e;
977 1914 1039 1950 de-

335 1984 488 2024 sertum,
543 1979 651 2014 bonis
710 1979 876 2014 moribus
931 1983 1042 2015 nocet

336 2046 413 2080 635
441 2056 496 2089 a3
536 2043 755 2084 secundum,
787 2042 1041 2079 contemnitur

334 2109 381 2145 ab
418 2108 462 2144 iis
495 2107 557 2156 qui
591 2107 807 2144 Solomonis
840 2107 932 2143 illud
965 2107 1039 2155 pri·

334 2185 436 2209 mum
461 2177 736 2220 conspexerant
761 2174 838 2208 639
859 2184 880 2207 a
895 2184 936 2217 c;
972 2184 1040 2208 nec

334 2242 461 2273 tamen
492 2237 543 2272 illi
574 2236 697 2285 gloria
728 2235 882 2272 inferius
916 2236 1040 2272 evenit

334 2303 411 2338 639
433 2301 482 2347 d;
518 2306 676 2349 urgente
707 2306 745 2336 et
770 2301 928 2349 juvante
959 2300 1039 2336 Deo

334 2365 526 2402 conditum
569 2367 646 2402 640
681 2377 729 2410 a;

334 2430 445 2466 fuerit
468 2435 643 2466 ornatum
665 2431 740 2466 641
759 2441 801 2471 e:
831 2428 1041 2476 praesentia

334 2493 476 2531 Christi
495 2494 734 2530 nobilitatum
751 2495 827 2530 642
845 2505 864 2529 c
878 2508 887 2535 ;
913 2493 1040 2529 Eccle-

334 2558 410 2595 siae
443 2563 553 2607 typus
587 2560 663 2595 642
691 2570 734 2604 e;
783 2559 873 2594 item
911 2557 1038 2593 unius-

334 2624 514 2671 cujusque
528 2622 657 2659 Sancti
672 2624 748 2659 643
763 2621 801 2667 b;
827 2621 1035 2658 reaedifica-

333 2694 414 2724 tum
435 2689 512 2724 689
529 2700 571 2733 a;
602 2700 624 2723 a
643 2687 796 2724 Christo
820 2687 1038 2730 excitatum,

333 2752 371 2788 in
391 2752 523 2788 melius
543 2756 728 2788 mutatum
745 2753 822 2788 689
839 2751 862 2787 d
874 2763 884 2797 ‚·
909 2763 1040 2787 secun-

335 2816 438 2859 dum,
468 2816 582 2864 priori
610 2815 859 2864 praestantius
890 2817 966 2852 689
991 2827 1040 2861 e3

335 2880 536 2927 spirituale,
562 2886 732 2916 sanctum
754 2882 831 2917 690
847 2892 868 2916 a
883 2892 924 2926 c;
954 2886 1039 2927 post

337 2942 601 2992 Captivitatem
621 2944 835 2994 neglectum
857 2946 934 2982 817
955 2956 975 2980 c
991 2944 1026 2981 d.

782 2365 879 2412 quali
920 2364 1041 2412 gloria

812 178 1022 214 INDEX
1080 177 1326 214 RERUM.

1699 185 1869 211 TEMPLA.

1109 296 1307 345 Tempora,
1359 297 1618 346 grammatica,
1674 295 1772 343 apud
1829 293 1866 330 S.

1165 361 1378 410 Scripturas
1442 374 1519 397 non
1587 360 1870 408 distinguuntur

1169 428 1215 463 17
1233 439 1274 472 c;
1315 426 1442 462 omnia
1473 426 1591 461 tribus
1629 424 1869 460 continentur

1165 492 1215 528 95
1241 503 1284 536 e;
1316 490 1560 532 sacrificandi,
1585 489 1682 538 apud
1705 488 1869 525 Judaeos

1163 555 1235 591 tria
1255 557 1332 592 290
1349 556 1385 591 b.

1109 619 1288 667 Tempus,
1313 620 1464 662 malum,
1491 631 1559 667 pro
1582 624 1751 666 tempore
1780 629 1868 664 sup-

1165 684 1263 732 plicii
1280 686 1356 721 406
1373 685 1396 720 b
1412 696 1423 731 3
1453 690 1491 720 et
1509 683 1710 725 vocandae,
1733 688 1770 718 et
1787 682 1869 729 glo-

1165 749 1365 785 rificandae
1389 748 1579 785 Ecclesiae
1600 748 1775 783 definitur
1792 749 1868 783 624

1167 814 1190 850 d
1206 826 1225 850 e
1240 829 1247 855 ;
1278 814 1561 859 Incarnationis‚
1578 813 1766 848 Divinitus
1782 824 1869 847 con-

1167 879 1339 915 stitutum
1371 881 1448 915 625
1477 890 1526 923 a,

1166 956 1278 992 agere
1298 944 1508 980 volentibus
1530 945 1606 979 629
1624 955 1656 979 c.

1112 1008 1319 1051 Tenebrae,
1347 1008 1554 1049 triduanae,
1582 1007 1620 1043 in
1652 1005 1871 1054 supplicium

1165 1074 1363 1122 Aegyptiis
1402 1072 1590 1108 immissae
1633 1073 1682 1108 23
1729 1070 1777 1111 d;
1826 1070 1872 1105 de

1168 1139 1375 1188 Synagoga
1405 1138 1547 1174 dictum
1583 1138 1631 1173 69
1665 1149 1705 1182 c;
1751 1140 1871 1171 meta·

1167 1204 1320 1251 phorice
1355 1215 1422 1249 pro
1451 1201 1730 1250 perturbatione
1759 1199 1872 1235 animi

1167 1268 1307 1304 dictum
1329 1270 1402 1304 241
1423 1279 1463 1312 a;
1494 1267 1532 1302 in
1556 1265 1736 1314 principio
1762 1276 1872 1311 super

1168 1333 1344 1382 abyssum
1375 1331 1631 1368 incumbentes
1664 1332 1739 1366 300
1767 1341 1809 1370 c;
1851 1341 1873 1364 a

1168 1397 1357 1446 Propheta
1370 1397 1488 1432 Amos
1501 1394 1722 1444 praedictae,
1731 1394 1753 1430 J
1756 1394 1868 1429 udae-

1167 1475 1272 1498 orum
1307 1461 1540 1509 ignorantiae
1572 1465 1682 1507 typus
1714 1461 1789 1495 337
1822 1458 1846 1493 d

1165 1539 1233 1574 pro
1259 1532 1450 1574 captarum
1477 1524 1624 1561 urbium
1651 1522 1871 1560 calamitati·

1165 1591 1235 1627 bus
1253 1593 1326 1627 591
1347 1603 1377 1626 c.

1111 1655 1323 1703 Teraphim‚
1374 1659 1438 1690 aut
1487 1653 1758 1690 Remissionem
1807 1658 1871 1688 aut

1168 1719 1398 1757 Sanans-eos
1419 1718 1652 1765 significabat
1677 1720 1750 1754 135
1767 1718 1802 1753 b.

1111 1784 1288 1826 Termini,
1327 1796 1400 1832 quo
1437 1795 1549 1819 sensu
1585 1795 1607 1818 a
1643 1781 1871 1829 principibus

1165 1849 1285 1886 Judae
1312 1855 1334 1868 ‘¹
1352 1847 1559 1884 translati’'
1585 1847 1725 1883 suerint
1749 1848 1798 1883 88
1821 1847 1868 1891 d;

1165 1913 1380 1962 impietatiS‚
1398 1925 1511 1961 quare
1532 1912 1576 1948 de
1598 1911 1775 1948 Idumaea
1794 1912 1870 1947 dic-

1164 1985 1246 2014 tum
1262 1979 1338 2014 822
1358 1977 1401 2023 b3
1432 1976 1594 2018 Israelis,
1616 1989 1637 2012 a
1657 1976 1742 2013 Deo
1762 1989 1868 2025 mag-

1576 890 1722 925 semper
1754 877 1870 918 adest,

1164 2054 1304 2091 nopere
1325 2041 1522 2090 glorificati
1545 2042 1621 2078 822
1643 2053 1675 2077 e.

1108 2107 1235 2147 Terra,
1252 2118 1319 2154 pro
1334 2106 1465 2142 incolis
1481 2104 1599 2153 ipsam
1615 2105 1870 2142 habitantibus

1165 2173 1214 2207 56
1230 2171 1281 2216 b;
1302 2176 1325 2191 ‘⁴
1338 2170 1547 2206 voluntaria
1560 2169 1582 2183 '’
1603 2170 1690 2217 quid
1703 2170 1750 2206 sit
1767 2172 1816 2207 57
1831 2170 1867 2206 b.

1111 2234 1413 2276 Terrae-Motus,
1438 2234 1553 2271 Oziae
1576 2235 1677 2283 regis
1699 2240 1868 2283 tempore

1165 2301 1237 2335 251
1257 2311 1298 2347 e;
1328 2301 1402 2336 797
1420 2299 1464 2344 d;
1495 2299 1586 2335 item
1607 2298 1869 2334 Crucifixionis

1164 2366 1239 2400 797
1257 2376 1298 2409 e;
1333 2363 1520 2411 significat
1544 2362 1776 2400 Judaeorum
1802 2364 1867 2399 ob-

1164 2428 1418 2464 caecationem
1450 2429 1526 2464 798
1551 2440 1572 2463 a
1595 2440 1614 2464 c
1629 2439 1640 2473 ;
1680 2427 1771 2464 item
1798 2427 1868 2463 Dei

1162 2492 1412 2540 praesentiam
1434 2494 1509 2529 798
1528 2492 1552 2528 d
1567 2504 1598 2529 e.

1108 2556 1364 2602 Testamenta,
1405 2557 1450 2593 de
1490 2555 1684 2604 promissis
1725 2555 1868 2592 dictum

1168 2623 1241 2657 144
1263 2633 1282 2657 c
1298 2634 1309 2667 3
1338 2621 1423 2663 duo,
1445 2620 1570 2662 Sinae,
1592 2625 1629 2657 et
1651 2620 1868 2668 Hierosoly-

1162 2697 1246 2722 mae
1268 2688 1343 2722 782
1361 2698 1393 2722 a.

1108 2750 1405 2792 Testamentum,
1431 2755 1454 2768 ‘¹
1469 2748 1722 2797 praevaricare
1736 2746 1758 2759 '’
1780 2747 1868 2794 quid

1164 2815 1211 2851 sit
1242 2816 1292 2851 99
1319 2827 1360 2856 a;
1404 2826 1426 2850 a
1453 2812 1478 2850 J
1484 2812 1607 2849 udaeis
1635 2811 1865 2859 praevarica-

1163 2885 1245 2915 tum
1270 2881 1343 2915 100
1360 2891 1381 2914 a
1392 2891 1401 2923 ;
1427 2877 1582 2913 Novum
1602 2875 1729 2911 Veteri
1750 2887 1865 2922 quan-

1163 2948 1243 2980 tum
1263 2942 1420 2979 excellat
1439 2943 1508 2978 101
1527 2952 1570 2982 a;
1603 2938 1736 2985 Vetus,
1753 2939 1866 2976 Novo
