2018 3387
90 178 130 218 ii.
155 179 191 220 8.
461 182 535 222 IN
584 182 1020 223 MALACHIAM.
1083 180 1235 221 TOM.
1271 180 1304 220 I.
1594 179 1676 216 579

1742 285 1836 313 l'mv.

1740 327 1805 357 xxi.
1826 336 1876 356 20.

88 286 268 340 τούτοις
302 287 356 338 τὸ
391 291 628 355 εἰρημένον
662 293 709 341 ἐν
740 291 901 360 βίβλῳ
935 293 1196 355 παροιμιῶν
1233 295 1258 318 “
1281 283 1538 350 Θησαυρὸς
1572 283 1670 333 ε’πι-

91 376 117 398 “
144 369 347 434 θυμητὸς
400 372 720 423 ἀναπαύσεται
765 375 838 423 ἐπὶ
881 371 1120 434 στόματος
1163 375 1338 437 σοφοῦ,
1381 368 1584 434 ἄφρονες
1628 364 1676 415 δὲ

91 458 117 479 “
144 451 307 515 ἄνδρες
346 455 650 504 καταπίονται
689 453 871 506 αὐτόν.”
931 453 1049 519 πρὸς
1088 454 1278 504 ἐπαίνου
1317 451 1360 501 δ’
1402 448 1459 500 ἂν
1498 447 1678 513 γε’νοιτο

90 537 186 584 τοῖς
212 534 583 599 ἀπαγγέλλουσί
603 560 646 586 τι
672 535 803 600 παρὰ
821 540 957 597 Θεοῦ,
975 535 1028 585 τὸ
1055 534 1198 599 μηδὲν
1216 533 1282 587 οἷς
1310 531 1678 596 ἀπαγγέλλουσι

50 615 394 679 5προστιθέναι
449 618 611 679 πλέον,
661 617 775 681 μήτε
832 618 926 681 μὴν
982 617 1231 684 ὑφαίρεσίν
1282 638 1386 665 τινα
1442 615 1678 663 ποιεῖσθαι

91 700 290 759 τολμᾶν.
349 698 488 749 τοῦτό
529 722 600 749 τοι
640 705 808 766 μικροῦ
852 703 1097 751 παντελῶς
1141 698 1378 765 ἀξιοῦντες
1418 694 1581 759 λόγου,
1620 691 1723 742 τάῙ)

91 782 186 828 τῶν
213 781 489 844 Φαρισαίων
523 781 694 832 ἀνόσια
732 782 884 850 στίφη
920 780 1069 846 λήρου
1103 784 1164 833 εἷς
1199 784 1337 829 τοῦτο
1376 777 1679 827 κατώλισθον

91 861 301 923 ἀμαθῶς,
346 864 408 916 ὡς
452 862 689 914 διδάσκειν
729 863 813 927 μὲν
854 870 881 891 “
907 863 1233 920 διδασκαλίας,
1276 859 1544 922 ἐντάλματα
1589 859 1675 907 ἀν·
1741 850 1902 933 ζὲἷζῗώ·

92 949 119 971 “
145 942 391 1008 θρώπων,”
445 944 521 995 διὰ
571 945 626 995 δέ
673 968 728 1010 γε
778 944 863 1008 τὴν
913 948 1058 1011 σφῶν
1108 943 1375 1008 παράδοσιν
1424 940 1508 993 τὰς
1556 939 1680 992 θείας

26 1042 73 1067 10
92 1025 293 1090 ἀκυροῦν
317 1026 524 1080 ἐντολάς.
571 1032 763 1077 τοιαῦτα
789 1026 883 1092 γὰρ
907 1024 1099 1091 γέγονεν
1126 1026 1280 1076 αὐτοῖς
1307 1022 1437 1089 παρὰ
1463 1025 1681 1087 Χριστοῦ

91 1105 150 1156 τὰ
178 1106 467 1172 ἐγκλήματα.
507 1107 738 1177 ἀσφαλὴς
765 1110 846 1159 οῦν
873 1109 897 1158 ὁ
925 1107 1065 1170 νόμος
1090 1108 1195 1172 περὶ
1221 1110 1316 1156 τῶν
1336 1106 1469 1156 θείων
1490 1103 1679 1167 λογίων·

91 1188 146 1239 τὸ
185 1187 278 1255 γὰρ
315 1191 384 1241 ἐπ’
418 1192 572 1241 αὐτῶν
604 1192 687 1242 οὐκ
722 1192 824 1242 ἔστι
862 1194 1156 1256 προσθεῖναι,
1185 1190 1259 1239 καὶ
1295 1188 1371 1238 ἀπ’
1412 1187 1566 1236 αὐτῶν
1601 1185 1682 1234 οὐκ
1746 1174 1904 1241 Peuma

93 1270 224 1321 ε”στιν
262 1274 470 1339 ἀφελεῖν.
533 1274 793 1342 φυλάξεται
832 1273 987 1323 τοίνυν
1024 1276 1119 1322 τῶν
1158 1269 1288 1339 ἱερείων
1325 1268 1385 1319 τὰ
1430 1275 1560 1330 χειλη
1599 1266 1684 1330 τὴν

93 1359 177 1404 τοῦ
222 1352 366 1417 νόμου
408 1354 578 1420 γνῶσιν,
619 1357 693 1405 καὶ
736 1354 878 1406 αὐτὸν
916 1355 1181 1419 ἀπαγγελεῖ
1220 1352 1491 1418 προστιθεὶς
1537 1348 1723 1399 οὐδε’ν.(3

27 1448 74 1486 15
94 1435 313 1502 ταύτῃτοι
340 1438 414 1486 καὶ
441 1437 648 1502 ἄγγελος
676 1436 946 1503 ὀνομάζεται
977 1437 1122 1504 Κυρίου
1148 1432 1511 1501 παντοκράτορος,
1539 1431 1686 1480 καίτοι

94 1516 180 1580 τὴν
207 1517 357 1586 φύσιν
385 1519 631 1584 ἄνθρωπος
656 1517 733 1582 ὧν,
761 1519 831 1569 ὅτι
865 1517 920 1569 τὸ
955 1522 1023 1587 τῷ
1050 1520 1159 1586 Θεῷ
1196 1518 1363 1566 δοκοῦν
1391 1511 1687 1579 ἀπαγγέλλει

94 1604 281 1668 σαφῶς,
308 1602 383 1651 καὶ
410 1600 553 1664 νόμον
580 1601 672 1669 ἔχει
699 1604 780 1666 τῆς
808 1602 1026 1666 γλώττης
1053 1599 1107 1650 τὸ
1135 1599 1321 1662 κίνημα.

91 1814 237 1865 ’Υμεῖε
279 1817 324 1859 δὲ
367 1818 614 1861 ἑξεκλίνοιτε
657 1819 704 1858 ὲκ
748 1823 821 1859 τῆς
859 1818 960 1859 ὁδοῦ
1002 1817 1070 1857 καὶ
1108 1816 1296 1856 Πολλοὺς
1335 1815 1600 1855 ιἰσθεννῖσατε
1641 1814 1728 1855 ὲνὸ

165 1901 300 1954 νόμῳ,
341 1901 409 1941 καὶ
447 1901 719 1958 διεφθείρατε
762 1900 838 1942 τήν
878 1900 1086 1941 διαΘήκΗν
1124 1901 1197 1939 τοῦ
1235 1897 1343 1948 Λευὶ,
1382 1898 1495 1944 λεΓει
1537 1896 1687 1953 Κύριος

30 2004 78 2029 20
165 1984 502 2041 Παντοκράτωρ.

170 2113 560 2183 Ἀντιπαρεξάγει
605 2113 782 2181 τρόπον
820 2113 925 2164 τινὰ
967 2118 1068 2167 ταῖς
1110 2117 1206 2163 τῶν
1247 2110 1499 2173 εὐδοκίμων
1545 2111 1684 2161 ἐπιει-

99 2197 237 2250 κείαις
272 2195 331 2247 τὰ
365 2201 460 2247 τῶν
490 2196 714 2265 ῥᾳθύμων
748 2195 1040 2262 ἐγκλήματα,
1068 2197 1142 2246 καὶ
1178 2199 1278 2247 ταῖς
1313 2197 1407 2243 τῶν
1433 2192 1731 2255 ἀμεινόνωνᾶ

99 2278 528 2344 ἀντιπαραθέσεσιν
553 2278 736 2345 ἐλέγχει
767 2275 821 2328 τδ
854 2282 1060 2345 φαῦλον.
1116 2275 1278 2342 ὥσπερ
1309 2276 1402 2341 γὰρ
1429 2273 1483 2324 τὸ
1512 2278 1614 2341 φῶς
1639 2275 1688 2324 ἐν

100 2359 261 2410 σκότει
299 2360 467 2428 φαίνει,
504 2367 532 2389 ‘⁶
552 2365 752 2410 τελεῖται
791 2359 839 2410 δὲ
878 2361 953 2410 καὶ
992 2361 1040 2409 ἐν
1080 2357 1341 2410 ἀσθενείαις
1382 2357 1408 2420 ἦ
1448 2356 1685 2418 δύναμις’”
1749 2346 1856 2430 ,ἶῑῗοὲζ

33 2460 81 2499 25
102 2443 222 2492 οὕτω
273 2443 349 2492 καὶ
392 2444 475 2505 τῆς
521 2443 686 2507 ἀρετῆς
733 2440 788 2492 τὸ
840 2441 1020 2494 κάλλος
1065 2438 1422 2509 ἐμφανεστέραν
1466 2437 1558 2504 ἔχει
1602 2437 1690 2501 τὴν

100 2523 292 2587 ἔνδειαν,
327 2526 363 2574 εἰ
398 2522 454 2588 δὴ
489 2522 769 2589 παρακεόιτό
803 2546 873 2577 τις
908 2521 1153 2592 φαυλότης
1187 2520 1215 2585 ἢ
1254 2521 1469 2586 ἁμαρτία.
1523 2520 1690 2570 οὐκοῦν

149 2684 183 2714 4.
207 2671 468 2718 ἀπαγγέλλουσι
486 2669 562 2716 alt.]
583 2670 746 2714 ἀκηκόασι
765 2670 858 2704 Edd.
1017 2682 1048 2713 5.
1074 2670 1195 2704 πλεῖον
1212 2666 1271 2702 iid.
1427 2666 1460 2700 8.
1485 2665 1686 2712 ἀνθρώπων]

107 2723 144 2760 -†-
166 2719 219 2752 καὶ
235 2719 294 2753 iid.
473 2729 526 2752 10.
551 2716 708 2763 γέγονεν]
733 2721 766 2757 -1-
791 2717 840 2752 ἐπ’
860 2716 919 2751 iid.
1100 2727 1152 2751 11.
1179 2712 1295 2759 νόμος]
1321 2717 1357 2753 -ξ-
1379 2713 1446 2757 ἔφη
1464 2714 1529 2757 γάρ
1546 2727 1611 2746 που
1629 2713 1688 2747 iid-

107 2776 160 2799 12.
184 2766 250 2810 γὰρ
269 2772 492 2809 assumptum
510 2776 551 2797 ex
572 2764 614 2798 B.
679 2763 789 2798 οὐκέτι
807 2776 870 2808 pro
888 2764 947 2797 οὐκ
964 2764 1039 2798 ἔστι
1057 2763 1116 2796 iid.
1319 2771 1372 2801 14.
1399 2758 1609 2804 ἀπαγγέλλει
1628 2759 1688 2794 iid.

107 2811 160 2846 16.
186 2813 225 2845 τὸ
242 2818 464 2856 assumptum
483 2823 523 2845 ex
543 2810 585 2844 B.
688 2811 741 2845 18.
765 2810 918 2846 πολλοὺς
935 2809 1146 2854 ἢσθενὴσατε
1164 2807 1230 2842 hoc
1248 2806 1369 2841 ordine
1389 2805 1430 2840 B.
1449 2806 1564 2849 (Alex.
1576 2805 1688 2856 aXII.)

1557 2861 1588 2876 OU

108 2901 160 2935 19.
187 2891 240 2924 καὶ
257 2896 480 2935 assumptum
497 2902 539 2925 ex
559 2891 600 2925 B.
619 2890 740 2935 (Alex.
753 2890 860 2935 VII.)
924 2892 984 2924 τοῦ
1002 2901 1070 2924 om.
1091 2889 1128 2922 F.
1148 2888 1237 2932 (91.)
1385 2897 1439 2929 24.
1465 2886 1611 2919 τελεῖται
1632 2884 1687 2925 Β,,

104 2938 249 2971 τελεῖται
268 2936 311 2970 ad
329 2939 515 2971 τελειοῦται
533 2937 658 2979 corrigi
676 2937 809 2971 volens.
875 2937 929 2970 καὶ
947 2941 1168 2980 assumptum
1187 2946 1227 2967 ex
1248 2933 1290 2966 B.
1467 2942 1521 2976 25.
1548 2931 1689 2977 ἐκφανε-

105 2983 230 3028 στέραν
248 2982 340 3018 Edd.
485 2984 540 3018 26.
567 2982 710 3029 ἔνδειαν]
730 2983 839 3019 εἷδέαν
856 2995 873 3017 e
892 2995 956 3017 suo
974 2983 1123 3017 correxit
1142 2981 1277 3026 Migne,
1297 2979 1356 3014 sed
1376 2979 1515 3014 frustra.

849 3050 968 3089 4E2
