1997 3361
69 148 126 189 iii.
155 163 217 190 10.
442 151 516 191 IN
558 150 979 191 ZACIIARIAM.
1040 150 1192 191 TOM.
1227 149 1262 189 Ι.
1561 148 1642 188 325

69 258 278 324 κομίζέτο
323 259 408 324 μὲν
458 262 483 312 ὁ
533 260 700 327 Σωτὴρ
742 262 815 312 ἐπὶ
859 260 941 312 τὸν
984 259 1206 326 σταυρὸν,
1251 258 1435 310 εἵποντο
1479 256 1526 308 δὲ
1571 258 1647 307 καὶ

68 346 293 406 γυναῖκες,
320 344 581 409 θρηνοῦσαί
614 366 661 394 τε
700 346 776 394 καὶ
814 344 1079 394 κλαίουσαι·
1121 340 1219 393 εἶτα
1250 342 1298 392 τί
1331 339 1450 406 πρὸς
1474 338 1646 392 ταύτας

1706 422 1738 451 S.
1755 422 1832 452 Luc.

68 423 277 491 ἔφασκεν
306 425 638 493 ἐπιστραφείςς
680 433 707 455 “
728 426 993 492 Θυγατέρες
1017 423 1346 491 Ἰερουσαλὴμ,
1371 422 1435 487 μὴ
1465 422 1646 473 Κλαίετε
1705 466 1785 496 xxiii
1815 465 1865 497 28.

68 512 95 535 ‘⁶
121 507 189 556 ἐπ’
217 505 315 569 ἐμὲ,
344 507 473 571 πλὴν
497 509 569 576 ἐφ’
599 506 762 561 ἑαυτὰς
788 508 969 559 κλαίετε
1005 510 1079 558 καὶ
1114 508 1188 558 ἐπὶ
1220 505 1279 556 τὰ
1311 505 1448 556 τέκνα
1474 504 1644 568 ὑμῶν.”

29 587 405 654 5παραδέδονται
437 588 529 656 γὰρ
561 593 622 643 εἰς
657 589 853 655 ὄλεθρον
887 592 961 640 καὶ
997 587 1209 656 σφαγὴν,
1238 590 1311 638 καὶ
1346 587 1648 651 συμβέβηκεν

72 671 227 724 αὐτοῖς
268 669 328 721 τὰ
367 670 443 721 διὰ
494 675 654 740 φωνῆς
692 672 900 723 “Ησαῖὀυ
944 674 1055 722 “Ἡ
1096 674 1157 737 γῆ
1207 672 1334 734 ὑμῶν
1379 669 1561 735 ἕρημος,
1603 671 1650 719 αἱ
1709 677 1764 708 Es.
1784 676 1803 707 i.
1820 684 1847 716 7·

74 759 101 782 “
125 751 287 808 πόλεις
314 754 442 816 ὑμῶν
466 755 791 820 πυρίκαυστοι·
832 753 917 818 τὴν
950 755 1109 821 χώραν
1142 754 1269 815 ὑμῶν
1301 752 1496 803 ἐνώπιον
1523 753 1651 815 ὑμῶν

73 841 101 864 “
127 834 370 902 ἀλλότριοι
409 836 740 887 κατεσθίουσιν
774 836 932 900 αὐτὴν,
964 838 1039 887 καὶ
1077 833 1318 902 ἠρήμωται
1355 857 1648 901 κατεστραμ-
1669 839 1696 880 b

73 923 101 944 “
127 916 241 982 με’νη
270 916 359 968 ὑπὸ
386 922 517 969 λαῶν
541 919 853 985 ἀλλοτρι’ων.”

9 1134 146 1177 ιοἘν
188 1139 239 1193 τῷ
281 1136 417 1196 ἡμέρᾳ
457 1137 609 1196 ἐκείνῳ,
652 1138 765 1185 λέγει
813 1136 962 1193 Κύριος
1005 1135 1332 1192 Παντοκράτωρ,
1375 1135 1652 1183 συπκαλὲσετε
1678 1151 1725 1177 10

143 1220 323 1262 ἕκαστος
364 1220 437 1263 τὸν
474 1220 653 1263 πλησίον
693 1221 822 1262 αὐτοῦ
864 1220 1069 1261 ὑποκάτω
1110 1219 1306 1268 ἀμπέλου
1344 1218 1412 1259 καὶ
1450 1219 1655 1260 ὑποκάτω

146 1306 291 1345 συκῆς.

143 1413 258 1467 “Orc
287 1414 373 1480 μὲν
402 1417 452 1467 ἐν
484 1418 625 1468 παντὶ
652 1414 933 1482 γενήσονται
964 1418 1091 1485 κακῷ
1121 1413 1481 1483 ψηλαφωμένης
1505 1414 1658 1465 αὐτῶν

76 1499 160 1561 τῆς
183 1498 422 1565 ἁμαρτίας,
449 1502 491 1550 οἱ
521 1498 730 1566 καθάπερ
763 1502 827 1552 εὶς
860 1496 1038 1564 βόθρον
1071 1496 1467 1562 κατενηνεγμένοι,
1496 1495 1572 1547 διά
1601 1519 1657 1562 γε

12 1591 59 1629 ¹5
77 1583 160 1629 τοῦ
186 1585 463 1647 σταυρῶσαι
487 1579 715 1647 Χριστὸν,
739 1579 1090 1648 προμεμήνυκεν
1114 1581 1335 1647 ἐναργῶς.
1390 1577 1461 1629 ’ὅτι
1487 1577 1535 1629 δὲ
1560 1583 1654 1632 τοῖς
1674 1604 1696 1631 c

76 1661 356 1714 πιστεύουσι
404 1665 480 1714 καὶ
528 1663 829 1729 ἠγαπηκόσιν
879 1663 1021 1714 αὐτὸν
1070 1663 1153 1713 οὐκ
1196 1660 1382 1728 ἀκερδὲς
1425 1660 1559 1713 ε”σται
1600 1660 1655 1712 τὸ

78 1747 251 1812 χρῆμα,
276 1750 465 1810 μᾶλλον
491 1744 540 1796 δὲ
574 1749 649 1797 καὶ
679 1746 798 1813 πρὸς
835 1744 1130 1815 εὐφροσύνης
1162 1746 1238 1795 καὶ
1270 1743 1486 1812 τέρψεων
1519 1744 1651 1810 ἁγιο-

78 1833 285 1894 πρεπῶν,
310 1827 614 1895 προαγορεύει
649 1829 909 1896 χρησίμως.
975 1825 1265 1894 μαρτυρήσει
1296 1824 1344 1876 δὲ
1374 1825 1553 1879 τούτοις
1579 1827 1655 1876 καὶ

79 1910 105 1960 ὁ
141 1909 314 1964 δίκαιος
355 1911 564 1974 Συμεών.
631 1910 708 1962 ὅτε
741 1909 834 1976 γὰρ
871 1908 925 1961 τὸ
964 1914 1086 1961 θεῖον
1123 1911 1333 1960 τεθέαται
1371 1907 1548 1975 βρέφος
1579 1908 1654 1958 καὶ

10 2013 62 2039 20
79 1996 142 2046 εἷς
167 1991 382 2058 ἀγκάλας
406 1992 608 2062 ἐδέξατο,
634 1992 956 2060 προεφήτευσε
987 1991 1143 2057 λέγων
1163 1998 1190 2021 “
1207 1989 1330 2042 Ἰδοὺ
1356 1989 1488 2043 οὗτος
1512 1993 1654 2040 κεῖται
1716 1990 1748 2065 ᾗ·
1767 1990 1847 2074 {2¹⁰-

78 2081 106 2104 ‘⁶
128 2078 191 2128 εἷς
233 2078 418 2126 πτῶσιν
455 2077 530 2125 καὶ
571 2073 837 2126 ἀνάστασιν
879 2078 1079 2126 πολλῶν
1122 2075 1170 2125 ἐν
1213 2076 1280 2142 τῷ
1317 2070 1534 2138 Ἰσραὴλ,
1578 2074 1653 2122 καὶ

77 2163 106 2187 “
128 2159 192 2211 εἷς
225 2161 420 2220 σημεῖον
458 2155 856 2222 ἀντιλεγόμενον.”
926 2156 1202 2208 πεπτώκασι
1245 2154 1329 2219 μὲν
1371 2153 1465 2220 γὰρ
1511 2156 1553 2204 οἱ
1600 2152 1654 2204 τὸ

78 2240 254 2289 δίκαιον
279 2237 392 2302 αἷμα
417 2243 516 2292 ταῖς
550 2243 694 2308 σφῶν
724 2239 877 2289 αὐτῶν
911 2236 1291 2302 ἐπαντλήσαντες
1322 2239 1565 2304 κεφαλαῖς,
1591 2239 1653 2289 εἰς
1674 2244 1702 2285 d

79 2323 170 2385 γῆν
202 2319 250 2371 δὲ
285 2320 449 2387 ὥσπερ
482 2319 743 2388 ε’ῤῥιμμένοι
778 2322 852 2371 καὶ
885 2320 1094 2383 κείμενοι,
1122 2321 1197 2370 καὶ
1232 2318 1321 2370 ὑπὸ
1355 2318 1502 2371 πόδας
1526 2316 1655 2371 ὄντες

10 2416 61 2456 25
82 2402 390 2463 διαβολικούς·
454 2402 748 2468 ὠρθώθησαν
774 2401 821 2453 δὲ
853 2405 894 2452 οἱ
926 2401 982 2470 ἐξ
1008 2403 1169 2453 ἐθνῶν.
1226 2403 1301 2452 καὶ
1328 2399 1466 2453 αὐτὸς
1491 2398 1545 2451 δέ
1562 2422 1655 2451 που

80 2483 294 2551 Χριστὸς
328 2488 663 2553 προαναφωνεῖ
689 2482 775 2548 μὲν
808 2488 903 2537 τοῖς
941 2483 1088 2549 ἁγίοις
1125 2486 1352 2547 μαθηταῖς
1389 2481 1443 2532 τὸ
1481 2482 1556 2533 ἐπὶ
1589 2485 1657 2551 τῷ

132 2658 160 2680 1.
186 2645 301 2691 Σωτὴρ
320 2644 361 2680 C.
377 2645 526 2691 Χριστὸς
543 2644 637 2680 Edd.
883 2654 914 2678 2.
940 2641 1010 2678 εἶτα
1027 2642 1076 2688 τί]
1098 2642 1155 2677 Sic
1172 2642 1276 2677 edidi.
1295 2657 1326 2677 τι
1343 2642 1482 2677 exhibet
1500 2641 1540 2676 C.
1560 2641 1657 2676 deest

81 2693 119 2727 in
136 2691 230 2727 Edd.
758 2703 790 2734 4.
815 2689 866 2725 ἐπ’
885 2691 1255 2734 ἐμοὶ-ἑαυταῖς-τοῖς
1271 2689 1396 2724 τέκνοις
1414 2688 1505 2723 Edd.
1524 2689 1658 2723 correxi

81 2751 126 2774 ex
145 2738 185 2773 C.
328 2749 381 2773 10.
408 2738 640 2784 συγκαλέσετε
658 2738 699 2773 C.
720 2737 965 2784 [συνκαλέσετε
983 2736 1023 2771 C.
1037 2736 1074 2782 N]
1091 2736 1197 2781 (XII.
1215 2736 1276 2770 sed
1293 2735 1402 2780 corr.)
1422 2735 1657 2780 συγκαλέσατε

85 2785 178 2820 Edd.
369 2797 423 2820 11.
448 2784 618 2831 ἀμπέλου]
642 2790 679 2827 -l-
700 2786 802 2819 αὐτοῦ
820 2785 856 2819 F.
876 2785 948 2827 (22.
966 2784 1026 2827 al.)
1218 2794 1270 2817 12.
1296 2781 1416 2828 συκῆς]
1441 2786 1477 2822 -ὶ-
1498 2782 1600 2816 αὐτοῦ
1618 2782 1657 2816 F.

86 2831 179 2867 Edd.
199 2831 275 2876 (42.
293 2831 357 2877 al.)
375 2832 471 2867 deest
487 2833 523 2866 in
543 2832 584 2867 C.
602 2832 646 2867 cf.
664 2832 764 2867 infra.
908 2840 961 2876 15.
985 2832 1045 2864 τοῦ
1064 2829 1105 2865 C.
1122 2831 1161 2864 τὸ
1179 2829 1271 2864 Edd.
1421 2839 1474 2873 17.
1498 2828 1658 2874 ἁγιοπρε-

85 2882 158 2913 πῶν
176 2878 254 2912 C.b.
273 2879 458 2924 ἐπιτερπῶν
476 2879 568 2914 Edd.
1004 2888 1060 2910 21.
1086 2877 1121 2910 ἐν
1137 2878 1183 2922 τῷ
1200 2875 1340 2921 Ἰσραὴλ
1359 2880 1540 2922 assumpta
1556 2887 1597 2909 ex
1616 2875 1658 2909 C.

88 2936 144 2959 22.
173 2925 234 2968 μὲν
250 2930 471 2971 assumptum
489 2938 530 2960 ex
549 2925 590 2959 C.
700 2936 754 2969 23-
781 2924 878 2958 Haec
896 2923 942 2959 εἷς
958 2924 1022 2968 γῆν
1038 2924 1074 2958 δὲ
1091 2930 1311 2958 accesserunt
1328 2935 1369 2957 ex
1389 2922 1428 2957 C.
1542 2933 1597 2968 25.
1623 2922 1659 2956 δέ

87 2972 185 3017 prius
202 2984 272 3007 om.
292 2971 333 3007 C.
523 2972 578 3007 26.
604 2973 841 3017 προαναφωνεῖ
860 2970 900 3005 C.
918 2972 1151 3015 προανεφώνει
1170 2970 1260 3005 Edd.
