2049 3366
146 222 281 244 mosas.
684 211 695 246 l
717 211 748 245 N
769 211 800 246 l)
817 212 847 246 E
864 211 898 246 X

196 327 359 363 insaniae
407 327 680 374 exprobrantur
729 332 804 365 310
854 329 898 373 d,-

194 392 348 428 Judaeis
369 392 513 428 afflictis
541 393 761 429 insultantes
785 393 899 429 exitio

195 456 425 492 devoventur
446 459 521 493 598
544 457 613 493 bd.

142 520 307 556 Modesti
355 534 421 568 per
470 522 636 557 Gratiam
688 522 897 563 illuminati,

197 584 334 621 Divina
354 587 528 633 mysteria
550 592 744 634 penetrant
769 589 842 622 196
865 599 896 622 c.

139 649 341 691 Modestia,
363 664 455 697 quos
485 652 618 687 habeat
648 664 771 687 eoram
803 652 895 694 Deo,

193 713 355 750 honores
377 718 452 751 535
475 730 505 751 a.

141 779 301 819 Medius,
342 781 587 822 vacuefactus,
628 782 701 817 irae
745 781 896 817 Divinae

193 843 341 891 signum
365 847 441 880 647
464 845 531 881 bc.

140 906 308 949 Moloch,
332 908 352 944 i.
370 922 399 944 e.
424 916 445 928 “
461 910 538 945 Rex
560 910 727 951 noster,''
750 911 897 946 Moabi-

192 978 312 1008 tarum
331 973 467 1016 idolon,
483 988 503 1010 a
516 975 669 1011 Judaeis
686 975 721 1010 in
737 975 896 1011 Deserto

193 1037 314 1073 cultus
336 1041 412 1075 309
434 1039 477 1084 b3
509 1039 647 1075 clarum
676 1039 835 1087 lapidem
861 1039 896 1074 in

192 1101 315 1138 fronte
336 1103 491 1150 gerebat
513 1105 589 1139 310
611 1104 647 1139 b.

138 1165 266 1208 Mons,

193 1231 389 1280 Evangelii
419 1232 682 1268 sublimitatem
714 1234 790 1268 424
818 1232 896 1277 cd;

192 1308 260 1342 pro
281 1297 528 1345 quodcunque
550 1303 607 1333 est
627 1297 663 1332 in
691 1297 896 1345 Evangelio

191 1360 380 1396 excelsum
428 1367 465 1397 et
519 1362 676 1397 sublime
725 1364 801 1397 468
851 1362 896 1407 d;

194 1431 217 1444 “
236 1425 473 1466 umbrosus,''
514 1431 551 1461 et
597 1426 897 1474 Hierosolymam

316 1167 504 1203 Ecclesiae
546 1181 696 1209 nomen,
746 1174 898 1216 propter

191 1495 230 1525 et
260 1489 467 1526 Samariam
494 1491 729 1538 significabat
759 1492 835 1526 659
857 1503 897 1535 ος

193 1567 266 1601 quo
314 1567 425 1590 sensu
465 1555 512 1590 sit
558 1555 716 1590 Satanae
765 1555 897 1602 figura,

192 1631 265 1666 quo
297 1618 367 1654 Dei
404 1621 481 1655 686
511 1632 552 1664 c;
590 1621 665 1655 687
702 1619 779 1663 ab;
819 1618 898 1654 Oli-

192 1695 334 1728 varum,
383 1689 504 1720 terrae
562 1689 666 1720 motu
723 1684 899 1719 discissus

195 1750 270 1784 797
293 1761 335 1789 c;
368 1747 456 1783 item
486 1749 607 1784 Sionis
637 1751 712 1784 797
735 1748 778 1793 d;
809 1749 898 1784 item

193 1812 265 1856 alii,
300 1813 423 1848 cordis
463 1813 681 1849 scissionem
713 1813 898 1861 significat

195 1878 269 1913 798
291 1876 359 1912 bc.

139 1941 305 1982 Montes,
341 1941 386 1977 de
419 1941 556 1977 virtute
590 1941 898 1977 eminentioribus

193 2005 334 2041 dictum
357 2007 433 2042 243
455 2018 496 2050 a;
521 2005 609 2041 item
631 2006 676 2042 de
698 2005 898 2053 Discipulis

193 2069 348 2111 Christi,
392 2070 589 2117 praecipue
638 2071 683 2106 de
731 2071 901 2118 Baptista

195 2137 272 2170 243
320 2134 365 2178 b;
414 2134 598 2177 exsiccati,
647 2135 899 2182 metaphorice

192 2199 214 2234 J
220 2199 421 2234 udaeorum
438 2198 668 2234 calamitates
684 2200 900 2246 exprimunt

194 2265 270 2299 252
311 2263 355 2307 b;
406 2263 619 2306 Armeniae,
658 2263 761 2299 locus
800 2264 899 2300 exilii

193 2327 439 2362 Samaritanis
496 2329 570 2364 288
620 2340 661 2371 c;
724 2330 800 2364 412
852 2341 896 2373 a;

192 2391 379 2427 Ecclesias
401 2391 539 2427 Christi
571 2393 790 2440 quandoque
821 2393 898 2441 sig-

193 2455 319 2491 nificat
359 2458 435 2492 352
471 2457 516 2501 b;
564 2468 631 2504 pro
666 2457 827 2507 regibus,
862 2463 899 2493 et

194 2520 383 2568 quibusvis
431 2521 693 2557 excelsioribus
736 2524 811 2558 394
852 2522 897 2567 d;

193 2584 283 2620 item
296 2596 363 2632 pro
377 2584 620 2621 daemonibus
634 2586 899 2622 excelsioribus

195 2651 272 2685 395
294 2661 337 2693 a;
372 2650 449 2685 560
480 2661 521 2694 03
556 2650 644 2685 item
675 2662 743 2698 pro
762 2650 900 2686 Judae-

194 2725 303 2749 orum
339 2713 566 2760 principibus
606 2716 682 2750 395
723 2727 763 2759 c;
809 2715 899 2750 item

194 2777 240 2813 de
260 2777 466 2813 Pharisaeis
486 2778 739 2825 metaphorice
759 2779 899 2815 dictum

196 2844 272 2878 412
294 2842 338 2888 b3
366 2842 455 2877 item
485 2842 530 2877 de
550 2843 737 2890 Apostolis
760 2845 836 2880 412
858 2856 897 2889 c;

194 2918 216 2941 a
235 2905 432 2954 Prophetis
461 2907 624 2942 invocati
654 2910 731 2943 444
756 2920 798 2952 e;
832 2920 899 2955 pro

195 2970 416 3007 coelestibus
487 2971 707 3016 Virtutibus,
772 2973 900 3009 mundi

961 211 1203 247 RERUM.
1655 220 1727 252 715

1023 342 1148 365 curam
1173 331 1402 378 gerentibus,
1426 332 1566 368 dictum
1593 337 1669 369 445
1692 347 1727 378 a;

1024 394 1110 429 item
1126 408 1193 442 pro
1207 396 1448 443 optimatibus
1462 398 1588 445 populi
1604 401 1727 444 445c;

1022 460 1210 501 commoti,
1249 460 1425 496 Divinum
1461 463 1574 498 robur
1612 463 1727 511 signi-

1022 523 1133 558 ficant
1175 526 1249 560 482
1290 524 1333 570 b;
1384 539 1450 573 pro
1488 527 1624 563 virtute
1663 534 1731 564 aut

1022 588 1188 633 potentia
1217 589 1524 627 eminentioribus
1553 595 1629 629 483
1652 606 1728 638 ac;

1023 663 1089 698 pro
1111 652 1316 702 Synagoga
1332 655 1561 692 ,Iudaeorum
1587 658 1727 694 dictum

1022 718 1097 752 554
1116 730 1151 761 a;
1175 718 1373 765 aliquando
1394 733 1461 768 pro
1483 722 1728 758 daemonibus

1021 780 1160 816 dictum
1210 785 1285 819 560
1334 797 1374 829 c;

1021 845 1107 887 sint,
1136 846 1218 882 Deo
1249 849 1445 891 irascente,
1472 852 1729 897 peccatoribus

1020 910 1231 957 perfugium
1279 914 1355 949 587
1395 927 1435 959 c;
1485 928 1551 962 pro
1601 916 1728 951 mundi

1020 975 1186 1021 partibus
1208 976 1350 1013 dictum
1375 981 1447 1015 701
1472 992 1505 1015 a.

967 1037 1165 1080 Morasthi,
1197 1041 1286 1077 urbs
1319 1043 1499 1085 Judaeae,
1532 1043 1729 1081 Michacae

1021 1102 1230 1151 Prophetae
1251 1106 1385 1142 domus
1407 1111 1483 1144 392
1505 1109 1539 1144 b.

968 1165 1084 1207 Mors,
1117 1169 1247 1205 mortis
1277 1170 1405 1218 ipsius,
1435 1185 1502 1220 per
1535 1173 1728 1210 Christum

1023 1232 1233 1278 praedicata
1258 1237 1330 1271 187
1353 1235 1399 1281 b;
1435 1239 1508 1274 189
1531 1238 1574 1283 d3
1605 1239 1726 1274 taber-

1022 1297 1153 1332 nacula
1182 1300 1307 1334 onmia
1336 1301 1469 1337 evertit
1501 1305 1576 1338 350
1604 1303 1648 1348 d;
1684 1303 1731 1338 de

1022 1362 1208 1397 renovatis
1248 1363 1284 1398 in
1325 1364 1477 1401 Christo
1516 1379 1591 1402 non
1631 1367 1730 1403 valet

1022 1425 1254 1473 triumphare
1303 1430 1380 1465 350
1429 1443 1470 1475 e;
1521 1443 1632 1478 quam
1681 1432 1731 1467 sit

1024 1490 1168 1525 Sanctis
1185 1493 1396 1538 expetenda
1414 1496 1490 1531 520
1505 1508 1542 1539 a;
1565 1496 1729 1532 redivivo

1023 1553 1175 1590 Christo
1220 1558 1439 1594 conculcata
1479 1562 1555 1596 549
1595 1573 1635 1605 c;
1685 1562 1729 1597 ab

1024 1618 1168 1654 Adamo
1188 1620 1224 1655 in
1256 1622 1435 1658 mundum
1466 1624 1729 1667 introducitur,

1023 1695 1044 1718 a
1073 1683 1223 1719 Christo
1258 1685 1462 1722 destruitur
1497 1691 1575 1725 552
1612 1689 1657 1734 (1;
1693 1696 1732 1726 et

1023 1748 1212 1791 naturalis,
1244 1755 1281 1785 et
1315 1751 1527 1797 spiritualis,
1560 1753 1729 1790 hostibus

1023 1811 1216 1848 Ecclesiae
1237 1813 1443 1851 intentatur
1463 1819 1540 1853 806
1562 1817 1631 1853 de.

970 1876 1134 1918 Morsus,
1166 1878 1211 1913 de
1242 1877 1403 1921 Sanctis,
1436 1882 1610 1917 Satanam
1643 1895 1730 1918 con-

1023 1942 1255 1977 sumentibus
1276 1943 1415 1980 dictum
1439 1947 1515 1982 439
1538 1946 1573 1981 d.

970 2004 1220 2047 Mortuorum,
1256 2020 1372 2049 sacra,
1407 2009 1445 2044 in
1478 2011 1654 2059 Aegypto
1692 2017 1729 2047 et

1022 2070 1184 2117 Assyria,
1208 2070 1336 2107 Israeli
1357 2073 1512 2120 pollutio
1537 2076 1609 2111 128
1632 2076 1699 2111 bc.

969 2135 1151 2176 Mortuus,
1188 2137 1394 2172 secundum
1432 2138 1553 2186 legem
1595 2139 1727 2182 Mosis,

1433 799 1543 832 quan]
1593 800 1728 822 vallum

1022 2212 1097 2234 non
1146 2201 1370 2248 tangendus,
1419 2214 1573 2249 operum
1630 2216 1729 2240 mor-

1022 2268 1185 2305 tuorum,
1207 2263 1298 2300 alios
1328 2266 1592 2313 polluentium‚
1614 2273 1727 2317 typus

1021 2328 1091 2363 fuit
1113 2330 1189 2364 645
1211 2341 1230 2364 c
1245 2329 1268 2363 d
1283 2341 1315 2365 e.

968 2392 1109 2431 Moses.
1127 2405 1148 2428 a
1165 2392 1248 2429 Deo
1265 2400 1430 2435 vocatus,
1451 2395 1592 2444 refugit
1616 2398 1659 2432 11
1684 2397 1726 2442 (1;

1020 2457 1103 2493 ideo
1119 2457 1366 2505 reprehensus
1388 2461 1433 2495 12
1452 2472 1488 2505 e;
1510 2473 1576 2507 pro
1590 2461 1727 2509 populo

1022 2522 1266 2558 mediatorem
1302 2523 1380 2570 egit
1416 2526 1461 2559 71
1500 2536 1542 2566 e;
1582 2526 1653 2561 141
1686 2538 1727 2570 e;

1022 2599 1212 2622 accessum
1250 2587 1297 2622 ad
1344 2586 1468 2623 Deum
1516 2588 1603 2624 dare
1651 2601 1727 2625 non

1380 2652 1557 2699 populum
1605 2665 1727 2694 suum,

1023 2716 1185 2763 seipsum
1218 2715 1419 2757 devovens,
1452 2716 1615 2752 servavit
1652 2719 1727 2753 142

1024 2780 1105 2824 ab;

1023 2849 1125 2880 vetat
1149 2845 1218 2880 181
1239 2856 1280 2889 e;
1304 2843 1375 2880 Dei
1395 2845 1612 2892 patientiam
1627 2852 1729 2882 recte

1023 2908 1206 2944 intellexit
1245 2910 1321 2945 253
1361 2921 1380 2944 e
1393 2921 1402 2954 3
1442 2909 1542 2945 misit
1576 2910 1728 2946 nuntios

1026 2973 1075 3009 ad
1116 2985 1245 3021 regem
1290 2973 1412 3009 Edom
1461 2975 1538 3010 260
1583 2986 1625 3019 e;
1683 2974 1728 3010 de

1206 3048 1233 3086 4
1253 3049 1280 3074 Y
1303 3047 1326 3076 2

1022 2651 1142 2698 potuit
1190 2653 1239 2687 85
1289 2664 1310 2687 a
1321 2664 1331 2696 3

1154 2785 1347 2815 creaturae
1385 2781 1547 2828 cujusvis
1586 2782 1729 2818 cultum
