2053 3382
312 193 396 231 564·
693 195 744 234 B.
783 193 1059 233 CYRILLI
1111 194 1498 235 ALEXANDR.
1696 198 1722 236 i.
1746 210 1895 247 10,11.

311 303 406 349 τῶν
433 300 678 363 νοημάτων
703 299 949 362 ἀπόδοσιν,
977 303 1051 351 καὶ
1087 301 1231 365 αὐτὴν
1257 301 1306 351 δὲ
1342 301 1427 365 τὴν
1454 305 1536 366 τῆς
1571 303 1745 371 λε’ξεως
1778 326 1895 354 συν-

90 393 177 426 829
193 392 244 426 A.
273 380 472 444 τιθήκην.
528 381 619 449 ἔφη
658 381 751 447 γάρ
781 379 897 433 “Orc
937 384 1062 445 ὑμεῖς
1100 405 1150 433 τε
1188 387 1230 434 οἱ
1267 387 1469 446 Λευῖται,
1506 386 1580 434 καὶ
1618 384 1711 448 μὴν
1746 387 1821 435 καὶ
1861 389 1903 435 οἱ

97 2303 151 2333 Es.
172 2303 192 2333 i.

100 2355 215 2385 11-13.

312 465 456 526 ἱερεῖς,
500 462 547 511 οἵ
583 485 633 512 τε
676 463 762 526 τὴν
806 463 1015 530 ἐσχάτην
1060 466 1108 514 ἐν
1151 468 1218 534 τῷ
1263 469 1359 533 ναῷ
1403 465 1540 534 τάξιν
1583 466 1782 534 ἔχοντες,
1829 469 1904 517 καὶ

312 542 586 607 τεταγμένοι
615 543 735 609 πρὸς
761 545 890 607 ὑμῶν
917 549 979 598 εἰς
1005 544 1059 595 τὸ
1099 549 1265 596 κλείειν
1290 546 1374 600 τὰς
1411 546 1546 616 θύρας,
1586 554 1661 599 οὐκ
1697 544 1906 614 ἀνάψετε

311 623 357 674 τό
402 623 690 694 θυσιαστήριὸν
728 651 812 694 μου
855 624 1024 695 ὃωρείιν,
1071 627 1326 690 τουτέστιν,
1367 631 1449 679 οὐκ
1488 631 1656 692 ἀμισθὶ
1697 633 1948 680 ποιεῖσθε5

310 705 396 768 τὴν
429 707 659 769 δουλείαν,
690 708 838 772 ἤγουν
869 708 954 772 τὴν
989 709 1260 774 ἱερωσύνην,
1293 709 1641 776 προσαγόντων
1673 712 1780 774 ὑμῖν
1811 715 1905 761 τῶν

311 792 444 838 λαῶν
471 788 677 851 δεκάτας,
705 789 937 857 ἀπαρχὰς,
964 791 1312 858 εὐχαριστήρια.

385 870 523 921 Ἀνθ’
560 870 669 922 ὅτου
704 871 752 922 δὲ
788 873 868 922 οὖν
901 872 1218 936 κατημέληται
1251 873 1310 923 τὰ
1346 878 1428 923 τοῦ
1463 877 1601 937 Θεοῦ,
1632 877 1706 925 καὶ
1742 875 1824 926 οὐκ
1856 876 1905 925 ἐν

313 952 528 1019 φροντίδι
555 952 718 1018 γέγονε
746 952 800 1004 τὸ
826 954 1309 1020 προύργιαίτατον,--

268 1220 403 1264 boon<
440 1223 529 1264 ἔστι
567 1238 637 1270 μοι
677 1223 839 1271 θέλΗμα
884 1223 928 1263 ὲν
969 1223 1076 1274 ὑμῖν,
1120 1224 1232 1270 λέπει
1279 1223 1427 1280 Κύριος
1470 1224 1798 1281 Παντοκράτωρ,
1838 1224 1905 1264 καὶ

249 1321 289 1344 11
383 1306 528 1347 θυσίαν
577 1306 625 1346 οὐ
676 1306 965 1362 Προσδὲἒομαι
1016 1308 1063 1348 ἑκ
1112 1308 1198 1348 τῶν
1248 1308 1402 1363 χειρῶν
1452 1308 1581 1356 ὑμῶν.
1665 1308 1771 1350 διότι
1819 1307 1905 1349 ἀπὸ

383 1389 610 1430 ἀνατολῶν
654 1389 777 1430 ἡλίου
821 1391 905 1430 ἕως
950 1390 1120 1438 δυσμῶν
1164 1391 1212 1432 τὸ
1255 1391 1390 1439 ὄνομα
1441 1406 1520 1439 μου
1565 1391 1819 1434 δεδόξασται
1861 1391 1905 1431 ὲν

383 1470 471 1513 τοῖς
526 1473 678 1522 ἔθνεσι,
730 1473 797 1513 καὶ
850 1473 895 1513 ὲν
946 1474 1071 1514 Παντὶ
1121 1475 1243 1527 τόπῳ
1295 1475 1482 1523 Θυμίαμα
1536 1477 1798 1532 ΠροσάΓεται
1845 1476 1906 1528 τῷ

386 1554 564 1602 ὀνόματί
612 1569 691 1603 μου
737 1556 805 1595 καὶ
850 1555 968 1597 θυσία
1015 1556 1194 1612 καθαροί·
1250 1556 1357 1598 διότι
1401 1558 1506 1605 μέΓα
1551 1559 1599 1600 τὸ
1641 1558 1776 1607 ὄνομά
1825 1573 1905 1607 μου

386 1638 431 1677 ἐν
470 1635 557 1678 τοῖς
596 1637 748 1687 ἔθνεσι,
787 1639 898 1684 λεί-ει
941 1638 1089 1694 Κύριος
1126 1640 1462 1695 Παντοκράτωρ.

391 1799 695 1869 Ἀποφάσκει
729 1800 899 1851 λοιπὸν
930 1803 1135 1866 ἐναργῶς
1166 1805 1248 1865 τῆς
1282 1802 1402 1852 κατὰ
1441 1802 1583 1865 νόμον
1619 1803 1788 1856 θυσίας
1821 1802 1908 1866 τὴν

279 1880 656 1948 οπροσαγωγὴν,
695 1885 944 1949 μονονουχὶ
984 1881 1030 1933 δὲ
1071 1885 1145 1933 καὶ
1179 1885 1420 1951 ἀποφοιτᾷ
1453 1886 1535 1947 τῆς
1567 1887 1628 1937 εἷς
1657 1885 1907 1938 Ἰουδαίους

319 1962 520 2026 ἀγάπης,
552 1965 626 2013 καὶ
660 1964 942 2027 ἀνεθέλητον
973 1969 1167 2015 ποιεῖται
1201 1964 1287 2028 τὴν
1321 1963 1579 2030 ἱερωσύνην
1610 1966 1685 2016 καὶ
1717 1965 1903 2032 ἀπαρά-

322 2046 484 2094 δεκτον
530 2043 615 2108 τὴν
660 2045 816 2108 σκιὰν,
865 2046 1125 2105 βουθυσίας
1171 2046 1227 2110 δὴ
1276 2047 1402 2111 λε’γω
1452 2049 1527 2097 καὶ
1577 2046 1793 2109 καπνοὺς,
1839 2046 1909 2098 ὅτι

319 2125 435 2189 μήτε
474 2127 522 2175 ἐν
557 2128 721 2193 ἀρχαῖς
760 2128 784 2176 ὁ
823 2126 1005 2181 σκοπὸς
1043 2126 1100 2191 ἦν
1138 2128 1271 2181 οὗτος
1307 2129 1445 2196 αὐτῷ.
1509 2131 1584 2179 καὶ
1623 2135 1761 2179 τοῦτο
1799 2129 1908 2192 ἡμῖν

320 2207 509 2272 ἐναργὲς
551 2210 625 2258 καὶ
671 2209 724 2258 δι’
766 2208 934 2273 ἑτέρων
972 2213 1232 2276 προφητῶν
1270 2212 1465 2260 ἐποιεῖτο
1510 2210 1665 2275 λε’γων
1702 2209 1777 2261 διὰ
1823 2209 1908 2273 μὲν

322 2291 482 2356 φωνῆς
520 2289 730 2340 εΗσαίου
769 2289 1016 2354 ((Πλήρης
1058 2293 1147 2353 εἰμὶ
1194 2290 1599 2354 ὁλοκαυτωμάτων
1639 2296 1792 2357 κριῶν,
1832 2294 1908 2342 καὶ

321 2376 349 2398 “
374 2369 519 2435 στέαρ
554 2372 722 2435 ἀρνῶν,
761 2373 835 2422 καὶ
873 2370 988 2433 αἷμα
1022 2371 1206 2437 ταύρων
1236 2375 1311 2422 καὶ
1347 2372 1536 2437 τράγων
1568 2373 1621 2422 οὐ
1655 2373 1905 2435 βούλομαι,

322 2458 349 2479 “
376 2451 469 2501 οὐδ’
502 2450 560 2501 ἂν
594 2452 798 2519 ἐρχησθε
834 2453 1042 2519 ὀφθῆναί
1076 2476 1170 2512 μοι.
1235 2455 1303 2506 τίς
1342 2453 1436 2519 γὰρ
1473 2453 1720 2522 ἐξεζήτησε
1759 2458 1907 2504 ταῦτα

276 2545 303 2584 d
324 2540 351 2562 “
378 2535 425 2583 ἐκ
461 2538 554 2583 τῶν
589 2539 756 2601 χειρῶν
789 2536 916 2598 ὑμῶν
936 2556 947 2595 ;
994 2540 1157 2586 πατεῖν
1183 2534 1268 2599 τὴν
1294 2535 1446 2599 αὐλήν
1475 2557 1566 2598 μου
1600 2535 1654 2585 οὐ
1687 2534 1904 2600 προσθή-

374 2720 405 2742 2.
433 2711 570 2749 Λεβῖται
589 2709 678 2753 (sic)
697 2708 788 2743 Edd.
808 2715 887 2743 ante
906 2709 1040 2755 Migne.
1335 2721 1369 2755 3.
1395 2724 1430 2743 τε
1449 2714 1670 2754 assumptum
1689 2720 1731 2743 ex
1751 2709 1793 2742 B.
1856 2710 1909 2743 καὶ

324 2754 537 2800 τεταγμένοι]
557 2756 752 2799 τεταγμένοι
769 2770 805 2789 τε
824 2755 916 2789 Edd.
1079 2755 1111 2790 6.
1138 2755 1214 2800 ἡμῖν
1230 2755 1290 2790 iid.
1452 2767 1484 2800 9.
1511 2758 1549 2799 τῇ
1569 2756 1829 2799 προυργιαιτάτῃ
1847 2756 1907 2790 iid-

328 2812 380 2835 10.
408 2816 464 2845 μοι
484 2802 567 2835 B.F.
587 2801 662 2846 (36.
681 2802 743 2846 al.)
761 2817 824 2846 μου
844 2802 936 2836 Edd.
1291 2813 1343 2836 12.
1370 2801 1483 2846 ἡλίου]
1508 2806 1544 2842 -†-
1565 2802 1618 2834 καὶ
1637 2801 1729 2835 Edd.
1749 2801 1849 2845 (Vat.
1867 2802 1908 2846 ἃ)

324 2848 436 2881 invito
456 2848 497 2881 B.
517 2848 636 2892 (Alex.
658 2848 763 2892 XII.)
958 2848 1009 2882 16.
1036 2847 1172 2893 θυσίας]
1194 2847 1352 2893 λατρείας
1371 2848 1462 2882 Edd.
1662 2859 1717 2881 20.
1744 2850 1762 2881 ὁ
1780 2849 1908 2884 σκοπὸς

325 2892 364 2935 ἧν
381 2893 478 2928 οὗτος
495 2893 603 2940 αὐτῷ]
620 2894 718 2930 οὗτος
734 2893 773 2937 ἧν
790 2896 808 2927 ὁ
827 2895 956 2930 σκοπὸς
972 2895 1075 2929 αὐτοῦ
1092 2895 1151 2928 iid.
1203 2894 1327 2928 Statim
1346 2895 1399 2928 καὶ
1415 2894 1480 2937 μὴν
1496 2893 1576 2928 add.
1594 2893 1654 2928 iid.
1752 2905 1807 2928 22.
1826 2896 1906 2928 ὁλο-

326 2942 522 2983 καυτώματα
542 2941 583 2974 B.
602 2941 645 2975 cf„
666 2953 770 2986 supra
788 2950 854 2986 307
868 2953 897 2974 a.
1122 2952 1176 2985 23.
1202 2942 1334 2986 τράγων
1352 2942 1404 2975 καὶ
1421 2939 1550 2984 ταύρων
1568 2941 1705 2974 inverso
1723 2940 1844 2975 ordine
1862 2940 1905 2975 B.

327 2991 365 3017 ut
383 2998 486 3029 supra
505 2987 526 3019 l.
543 2999 570 3019 e.

1933 1240 1977 1264 10

1931 2153 1979 2176 20
