<?xml version="1.0" encoding="UTF-8"?>
<!DOCTYPE html PUBLIC "-//W3C//DTD XHTML 1.0 Transitional//EN"
    "http://www.w3.org/TR/xhtml1/DTD/xhtml1-transitional.dtd">
<html xmlns="http://www.w3.org/1999/xhtml" xml:lang="en" lang="en">
 <head>
  <title>
</title>
<meta http-equiv="Content-Type" content="text/html;charset=utf-8" />
  <meta name='ocr-system' content='tesseract 3.04.00' />
  <meta name='ocr-capabilities' content='ocr_page ocr_carea ocr_par ocr_line ocrx_word'/>
</head>
<body>
  <div class='ocr_page' id='page_1' title='image "./operacyrilli02cyriuoft/operacyrilli02cyriuoft_0450.png"; bbox 0 0 2053 3382; ppageno 0'>
   <div class='ocr_carea' id='block_1_1' title="bbox 72 272 215 346">
    <p class='ocr_par' dir='ltr' id='par_1_1' title="bbox 72 272 215 346">
     <span class='ocr_line' id='line_1_1' title="bbox 72 272 215 304; baseline 0.007 -1"><span class='ocrx_word' id='word_1_1' title='bbox 72 272 158 303; x_wconf 87' lang='lat' dir='ltr'><strong>Phil.</strong></span> <span class='ocrx_word' id='word_1_2' title='bbox 174 272 215 304; x_wconf 89' lang='lat' dir='ltr'>iv.</span> 
     </span>
     <span class='ocr_line' id='line_1_2' title="bbox 73 325 101 346; baseline 0 0"><span class='ocrx_word' id='word_1_3' title='bbox 73 325 85 346; x_wconf 84' lang='lat'><strong>1</strong></span> <span class='ocrx_word' id='word_1_4' title='bbox 94 340 101 346; x_wconf 91' lang='lat'><strong>.</strong></span> 
     </span>
    </p>
   </div>
   <div class='ocr_carea' id='block_1_2' title="bbox 69 366 192 450">
    <p class='ocr_par' dir='ltr' id='par_1_2' title="bbox 69 366 192 450">
     <span class='ocr_line' id='line_1_3' title="bbox 73 366 182 398; baseline 0.009 -1"><span class='ocrx_word' id='word_1_5' title='bbox 73 375 86 397; x_wconf 86' lang='lat'>1</span> <span class='ocrx_word' id='word_1_6' title='bbox 107 366 182 398; x_wconf 91' lang='lat' dir='ltr'><strong>Cor.</strong></span> 
     </span>
     <span class='ocr_line' id='line_1_4' title="bbox 69 420 192 450; baseline 0.016 -10"><span class='ocrx_word' id='word_1_7' title='bbox 69 420 124 440; x_wconf 84' lang='lat' dir='ltr'>xv.</span> <span class='ocrx_word' id='word_1_8' title='bbox 143 420 192 450; x_wconf 85' lang='lat'>31.</span> 
     </span>
    </p>
   </div>
   <div class='ocr_carea' id='block_1_3' title="bbox 69 462 197 537">
    <p class='ocr_par' dir='ltr' id='par_1_3' title="bbox 69 462 197 537">
     <span class='ocr_line' id='line_1_5' title="bbox 69 462 167 494; baseline 0.02 -2"><span class='ocrx_word' id='word_1_9' title='bbox 69 462 167 494; x_wconf 80' lang='lat' dir='ltr'>Prov.</span> 
     </span>
     <span class='ocr_line' id='line_1_6' title="bbox 69 505 197 537; baseline 0.016 -2"><span class='ocrx_word' id='word_1_10' title='bbox 69 506 146 536; x_wconf 85' lang='lat' dir='ltr'><strong>xvii.</strong></span> <span class='ocrx_word' id='word_1_11' title='bbox 169 505 197 537; x_wconf 92' lang='lat'>6.</span> 
     </span>
    </p>
   </div>
   <div class='ocr_carea' id='block_1_4' title="bbox 66 2344 216 2381">
    <p class='ocr_par' dir='ltr' id='par_1_4' title="bbox 66 2344 216 2381">
     <span class='ocr_line' id='line_1_7' title="bbox 66 2344 216 2381; baseline 0.007 -1"><span class='ocrx_word' id='word_1_12' title='bbox 66 2345 147 2380; x_wconf 89' lang='lat'>753</span> <span class='ocrx_word' id='word_1_13' title='bbox 164 2344 216 2381; x_wconf 89' lang='lat' dir='ltr'>A.</span> 
     </span>
    </p>
   </div>
   <div class='ocr_carea' id='block_1_5' title="bbox 296 182 1881 225">
    <p class='ocr_par' dir='ltr' id='par_1_5' title="bbox 296 182 1881 225">
     <span class='ocr_line' id='line_1_8' title="bbox 296 182 1881 225; baseline 0.002 -5"><span class='ocrx_word' id='word_1_14' title='bbox 296 182 379 220; x_wconf 70' lang='lat'>442</span> <span class='ocrx_word' id='word_1_15' title='bbox 697 185 747 224; x_wconf 90' lang='lat' dir='ltr'>B.</span> <span class='ocrx_word' id='word_1_16' title='bbox 793 183 1062 224; x_wconf 82' lang='lat' dir='ltr'>CYRILLI</span> <span class='ocrx_word' id='word_1_17' title='bbox 1105 184 1490 225; x_wconf 64' lang='lat' dir='ltr'><strong>ALEXANDR.</strong></span> <span class='ocrx_word' id='word_1_18' title='bbox 1756 200 1795 224; x_wconf 82' lang='lat' dir='ltr'>x.</span> <span class='ocrx_word' id='word_1_19' title='bbox 1818 196 1881 223; x_wconf 90' lang='lat'>10.</span> 
     </span>
    </p>
   </div>
   <div class='ocr_carea' id='block_1_6' title="bbox 294 290 1886 607">
    <p class='ocr_par' dir='ltr' id='par_1_6' title="bbox 294 290 1886 607">
     <span class='ocr_line' id='line_1_9' title="bbox 297 290 1886 362; baseline 0.003 -24"><span class='ocrx_word' id='word_1_20' title='bbox 297 291 378 350; x_wconf 82' lang='grc' dir='ltr'>τῆς</span> <span class='ocrx_word' id='word_1_21' title='bbox 413 290 460 339; x_wconf 86' lang='grc' dir='ltr'>ἐν</span> <span class='ocrx_word' id='word_1_22' title='bbox 492 293 706 360; x_wconf 73' lang='grc' dir='ltr'>Χριστῷ,</span> <span class='ocrx_word' id='word_1_23' title='bbox 737 291 850 342; x_wconf 79' lang='grc' dir='ltr'>ποτὲ</span> <span class='ocrx_word' id='word_1_24' title='bbox 885 294 969 356; x_wconf 78' lang='grc' dir='ltr'>μέν</span> <span class='ocrx_word' id='word_1_25' title='bbox 1002 293 1186 360; x_wconf 71' lang='grc' dir='ltr'>ζίΧαρόι</span> <span class='ocrx_word' id='word_1_26' title='bbox 1221 297 1296 345; x_wconf 80' lang='grc' dir='ltr'>καὶ</span> <span class='ocrx_word' id='word_1_27' title='bbox 1332 294 1569 362; x_wconf 78' lang='grc' dir='ltr'>στέφανός</span> <span class='ocrx_word' id='word_1_28' title='bbox 1605 293 1741 355; x_wconf 87' lang='grc' dir='ltr'>μου,”</span> <span class='ocrx_word' id='word_1_29' title='bbox 1775 291 1886 344; x_wconf 83' lang='grc' dir='ltr'>ποτὲ</span> 
     </span>
     <span class='ocr_line' id='line_1_10' title="bbox 297 370 1885 443; baseline 0.003 -24"><span class='ocrx_word' id='word_1_30' title='bbox 297 370 344 420; x_wconf 76' lang='grc' dir='ltr'>δὲ</span> <span class='ocrx_word' id='word_1_31' title='bbox 391 371 538 421; x_wconf 80' lang='grc' dir='ltr'>πάλιν</span> <span class='ocrx_word' id='word_1_32' title='bbox 584 372 704 435; x_wconf 79' lang='grc' dir='ltr'>“Νὴ</span> <span class='ocrx_word' id='word_1_33' title='bbox 749 372 835 438; x_wconf 80' lang='grc' dir='ltr'>τὴν</span> <span class='ocrx_word' id='word_1_34' title='bbox 882 376 1106 441; x_wconf 73' lang='grc' dir='ltr'>ὑμετέραν</span> <span class='ocrx_word' id='word_1_35' title='bbox 1157 376 1389 442; x_wconf 78' lang='grc' dir='ltr'>καύχησιν</span> <span class='ocrx_word' id='word_1_36' title='bbox 1433 377 1647 443; x_wconf 78' lang='grc' dir='ltr'>ἀδελφοὶ,</span> <span class='ocrx_word' id='word_1_37' title='bbox 1693 373 1750 437; x_wconf 81' lang='grc' dir='ltr'>ἣν</span> <span class='ocrx_word' id='word_1_38' title='bbox 1794 374 1885 441; x_wconf 72' lang='grc' dir='ltr'>ἔχω</span> 
     </span>
     <span class='ocr_line' id='line_1_11' title="bbox 297 453 1885 525; baseline 0.003 -24"><span class='ocrx_word' id='word_1_39' title='bbox 297 458 323 481; x_wconf 83' lang='grc'><strong>“</strong></span> <span class='ocrx_word' id='word_1_40' title='bbox 347 453 396 502; x_wconf 82' lang='grc' dir='ltr'>ἐν</span> <span class='ocrx_word' id='word_1_41' title='bbox 443 456 641 522; x_wconf 76' lang='grc' dir='ltr'>Χριστῷ</span> <span class='ocrx_word' id='word_1_42' title='bbox 690 455 892 519; x_wconf 85' lang='grc' dir='ltr'>Ἰησοῦ.”</span> <span class='ocrx_word' id='word_1_43' title='bbox 978 464 1005 487; x_wconf 80' lang='grc'><strong>“</strong></span> <span class='ocrx_word' id='word_1_44' title='bbox 1023 458 1265 525; x_wconf 74' lang='grc' dir='ltr'>Στέφανος</span> <span class='ocrx_word' id='word_1_45' title='bbox 1317 457 1410 523; x_wconf 80' lang='grc' dir='ltr'>γὰρ</span> <span class='ocrx_word' id='word_1_46' title='bbox 1463 457 1697 523; x_wconf 84' lang='grc' dir='ltr'>γερόντων</span> <span class='ocrx_word' id='word_1_47' title='bbox 1747 456 1885 507; x_wconf 72' lang='grc' dir='ltr'>τέκνα</span> 
     </span>
     <span class='ocr_line' id='line_1_12' title="bbox 294 532 1885 607; baseline 0.006 -25"><span class='ocrx_word' id='word_1_48' title='bbox 294 539 322 561; x_wconf 80' lang='lat'>“</span> <span class='ocrx_word' id='word_1_49' title='bbox 347 532 531 596; x_wconf 76' lang='grc' dir='ltr'>τέκνων,</span> <span class='ocrx_word' id='word_1_50' title='bbox 559 534 677 586; x_wconf 77' lang='grc' dir='ltr'>κατὰ</span> <span class='ocrx_word' id='word_1_51' title='bbox 702 535 754 587; x_wconf 84' lang='grc' dir='ltr'>τὸ</span> <span class='ocrx_word' id='word_1_52' title='bbox 783 538 1132 604; x_wconf 79' lang='grc' dir='ltr'>γεγραμμένον·</span> <span class='ocrx_word' id='word_1_53' title='bbox 1174 539 1393 607; x_wconf 82' lang='grc' dir='ltr'>καύχημα</span> <span class='ocrx_word' id='word_1_54' title='bbox 1418 537 1465 590; x_wconf 77' lang='grc' dir='ltr'>δὲ</span> <span class='ocrx_word' id='word_1_55' title='bbox 1493 538 1664 589; x_wconf 80' lang='grc' dir='ltr'>τέκνων</span> <span class='ocrx_word' id='word_1_56' title='bbox 1690 539 1885 604; x_wconf 75' lang='grc' dir='ltr'>πατέρες</span> 
     </span>
    </p>
   </div>
   <div class='ocr_carea' id='block_1_7' title="bbox 295 615 1923 674">
    <p class='ocr_par' dir='ltr' id='par_1_7' title="bbox 295 615 1923 674">
     <span class='ocr_line' id='line_1_13' title="bbox 295 615 546 643; baseline 0.004 -1"><span class='ocrx_word' id='word_1_57' title='bbox 295 621 321 643; x_wconf 73' lang='grc' dir='ltr'>ίί</span> <span class='ocrx_word' id='word_1_58' title='bbox 392 615 401 628; x_wconf 89' lang='grc'><strong><em>’</em></strong></span> <span class='ocrx_word' id='word_1_59' title='bbox 449 619 468 627; x_wconf 64' lang='grc'>’“</span> <span class='ocrx_word' id='word_1_60' title='bbox 522 615 546 630; x_wconf 85' lang='grc'>”</span> 
     </span>
     <span class='ocr_line' id='line_1_14' title="bbox 348 637 1923 674; baseline 0.007 -11"><span class='ocrx_word' id='word_1_61' title='bbox 348 637 513 665; x_wconf 89' lang='grc' dir='ltr'>αυτων.</span> <span class='ocrx_word' id='word_1_62' title='bbox 1903 638 1923 674; x_wconf 88' lang='grc'>5</span> 
     </span>
    </p>
   </div>
   <div class='ocr_carea' id='block_1_8' title="bbox 228 919 1882 1059">
    <p class='ocr_par' dir='ltr' id='par_1_8' title="bbox 228 919 1882 1059">
     <span class='ocr_line' id='line_1_15' title="bbox 228 919 1882 982; baseline 0.006 -24"><span class='ocrx_word' id='word_1_63' title='bbox 228 939 273 962; x_wconf 91' lang='lat'>10</span> <span class='ocrx_word' id='word_1_64' title='bbox 297 919 369 960; x_wconf 71' lang='grc' dir='ltr'>Καὶ</span> <span class='ocrx_word' id='word_1_65' title='bbox 407 920 658 978; x_wconf 72' lang='grc' dir='ltr'>ἐπιστρέψω)</span> <span class='ocrx_word' id='word_1_66' title='bbox 697 924 852 966; x_wconf 74' lang='grc' dir='ltr'>αὐτοὺς</span> <span class='ocrx_word' id='word_1_67' title='bbox 895 926 941 966; x_wconf 82' lang='grc' dir='ltr'>ἐκ</span> <span class='ocrx_word' id='word_1_68' title='bbox 986 931 1057 972; x_wconf 62' lang='grc' dir='ltr'>Γῆς</span> <span class='ocrx_word' id='word_1_69' title='bbox 1095 924 1302 970; x_wconf 82' lang='grc' dir='ltr'>ΑἶΓύΠτου</span> <span class='ocrx_word' id='word_1_70' title='bbox 1343 926 1406 966; x_wconf 77' lang='grc' dir='ltr'>καὶ</span> <span class='ocrx_word' id='word_1_71' title='bbox 1445 926 1490 968; x_wconf 69' lang='grc' dir='ltr'>ἐξ</span> <span class='ocrx_word' id='word_1_72' title='bbox 1523 926 1761 982; x_wconf 78' lang='grc' dir='ltr'>Ἀσσυρίων</span> <span class='ocrx_word' id='word_1_73' title='bbox 1800 925 1882 968; x_wconf 87' lang='grc' dir='ltr'>εἰσ-</span> 
     </span>
     <span class='ocr_line' id='line_1_16' title="bbox 247 1002 1881 1059; baseline 0.004 -14"><span class='ocrx_word' id='word_1_74' title='bbox 247 1006 273 1046; x_wconf 79' lang='lat' dir='ltr'>d</span> <span class='ocrx_word' id='word_1_75' title='bbox 361 1002 536 1052; x_wconf 72' lang='grc' dir='ltr'>δέξομαι</span> <span class='ocrx_word' id='word_1_76' title='bbox 578 1006 746 1058; x_wconf 76' lang='grc' dir='ltr'>αὐτοὺς,</span> <span class='ocrx_word' id='word_1_77' title='bbox 786 1008 853 1048; x_wconf 75' lang='grc' dir='ltr'>καὶ</span> <span class='ocrx_word' id='word_1_78' title='bbox 892 1006 951 1049; x_wconf 71' lang='grc' dir='ltr'>εἰς</span> <span class='ocrx_word' id='word_1_79' title='bbox 990 1010 1065 1049; x_wconf 63' lang='grc' dir='ltr'>τὴν</span> <span class='ocrx_word' id='word_1_80' title='bbox 1109 1006 1363 1050; x_wconf 65' lang='grc' dir='ltr'>Γαλααὸῖτιν</span> <span class='ocrx_word' id='word_1_81' title='bbox 1399 1009 1467 1049; x_wconf 79' lang='grc' dir='ltr'>καὶ</span> <span class='ocrx_word' id='word_1_82' title='bbox 1505 1007 1565 1050; x_wconf 75' lang='lat' dir='ltr'>cic</span> <span class='ocrx_word' id='word_1_83' title='bbox 1600 1009 1672 1052; x_wconf 83' lang='grc' dir='ltr'>τὸν</span> <span class='ocrx_word' id='word_1_84' title='bbox 1705 1009 1881 1059; x_wconf 81' lang='grc' dir='ltr'>Λίβανον</span> 
     </span>
    </p>
   </div>
   <div class='ocr_carea' id='block_1_9' title="bbox 359 1083 1810 1149">
    <p class='ocr_par' dir='ltr' id='par_1_9' title="bbox 359 1083 1810 1149">
     <span class='ocr_line' id='line_1_17' title="bbox 359 1083 1810 1149; baseline 0.005 -23"><span class='ocrx_word' id='word_1_85' title='bbox 359 1083 517 1130; x_wconf 70' lang='grc' dir='ltr'>εἰσάξω</span> <span class='ocrx_word' id='word_1_86' title='bbox 556 1089 723 1141; x_wconf 71' lang='grc' dir='ltr'>αὐτοὺς,</span> <span class='ocrx_word' id='word_1_87' title='bbox 763 1091 830 1131; x_wconf 75' lang='grc' dir='ltr'>καὶ</span> <span class='ocrx_word' id='word_1_88' title='bbox 870 1092 916 1132; x_wconf 81' lang='grc' dir='ltr'>οὐ</span> <span class='ocrx_word' id='word_1_89' title='bbox 956 1092 1011 1140; x_wconf 54' lang='grc' dir='ltr'>μή</span> <span class='ocrx_word' id='word_1_90' title='bbox 1053 1093 1293 1149; x_wconf 54' lang='grc' dir='ltr'>ὐτῐολειερθε]Α</span> <span class='ocrx_word' id='word_1_91' title='bbox 1333 1093 1377 1134; x_wconf 69' lang='grc' dir='ltr'>ἐξ</span> <span class='ocrx_word' id='word_1_92' title='bbox 1417 1092 1558 1133; x_wconf 75' lang='grc' dir='ltr'>αὐτῶν</span> <span class='ocrx_word' id='word_1_93' title='bbox 1597 1092 1696 1133; x_wconf 69' lang='grc' dir='ltr'>οὐδὲ</span> <span class='ocrx_word' id='word_1_94' title='bbox 1735 1089 1810 1134; x_wconf 75' lang='grc' dir='ltr'>εἷς.</span> 
     </span>
    </p>
   </div>
   <div class='ocr_carea' id='block_1_10' title="bbox 250 1271 1950 2570">
    <p class='ocr_par' dir='ltr' id='par_1_10' title="bbox 288 1271 1950 1836">
     <span class='ocr_line' id='line_1_18' title="bbox 355 1271 1881 1345; baseline 0.003 -21"><span class='ocrx_word' id='word_1_95' title='bbox 355 1271 475 1324; x_wconf 70' lang='lat' dir='ltr'>“Ore</span> <span class='ocrx_word' id='word_1_96' title='bbox 515 1275 600 1338; x_wconf 86' lang='grc' dir='ltr'>τὴν</span> <span class='ocrx_word' id='word_1_97' title='bbox 627 1278 856 1328; x_wconf 83' lang='grc' dir='ltr'>Ἰουδαίαν</span> <span class='ocrx_word' id='word_1_98' title='bbox 896 1280 1047 1329; x_wconf 82' lang='grc' dir='ltr'>ἀνεῖλε</span> <span class='ocrx_word' id='word_1_99' title='bbox 1087 1278 1170 1341; x_wconf 77' lang='grc' dir='ltr'>μὲν</span> <span class='ocrx_word' id='word_1_100' title='bbox 1205 1278 1324 1329; x_wconf 78' lang='grc' dir='ltr'>κατὰ</span> <span class='ocrx_word' id='word_1_101' title='bbox 1361 1277 1529 1344; x_wconf 78' lang='grc' dir='ltr'>κροίτος</span> <span class='ocrx_word' id='word_1_102' title='bbox 1565 1280 1590 1329; x_wconf 86' lang='grc' dir='ltr'>ὁ</span> <span class='ocrx_word' id='word_1_103' title='bbox 1627 1282 1881 1345; x_wconf 78' lang='grc' dir='ltr'>Ναβουχο-</span> 
     </span>
     <span class='ocr_line' id='line_1_19' title="bbox 290 1355 1950 1424; baseline 0.005 -20"><span class='ocrx_word' id='word_1_104' title='bbox 290 1355 511 1422; x_wconf 85' lang='grc' dir='ltr'>δονόσορ,</span> <span class='ocrx_word' id='word_1_105' title='bbox 561 1359 890 1424; x_wconf 77' lang='grc' dir='ltr'>ἐμπέπρησται</span> <span class='ocrx_word' id='word_1_106' title='bbox 936 1361 983 1411; x_wconf 76' lang='grc' dir='ltr'>δὲ</span> <span class='ocrx_word' id='word_1_107' title='bbox 1028 1363 1102 1411; x_wconf 75' lang='grc' dir='ltr'>καὶ</span> <span class='ocrx_word' id='word_1_108' title='bbox 1149 1362 1173 1411; x_wconf 82' lang='grc' dir='ltr'>ὁ</span> <span class='ocrx_word' id='word_1_109' title='bbox 1218 1365 1338 1414; x_wconf 81' lang='grc' dir='ltr'>θεῖος</span> <span class='ocrx_word' id='word_1_110' title='bbox 1391 1359 1515 1423; x_wconf 72' lang='grc' dir='ltr'>νεῶς,</span> <span class='ocrx_word' id='word_1_111' title='bbox 1562 1361 1681 1411; x_wconf 78' lang='grc' dir='ltr'>αὐτοί</span> <span class='ocrx_word' id='word_1_112' title='bbox 1729 1384 1776 1412; x_wconf 91' lang='grc' dir='ltr'>τε</span> <span class='ocrx_word' id='word_1_113' title='bbox 1822 1361 1880 1411; x_wconf 79' lang='grc' dir='ltr'>τὰ</span> <span class='ocrx_word' id='word_1_114' title='bbox 1905 1383 1950 1407; x_wconf 92' lang='lat'>10</span> 
     </span>
     <span class='ocr_line' id='line_1_20' title="bbox 288 1438 1874 1509; baseline 0.005 -23"><span class='ocrx_word' id='word_1_115' title='bbox 288 1438 617 1502; x_wconf 81' lang='grc' dir='ltr'>Ἰεροσόλυμα,</span> <span class='ocrx_word' id='word_1_116' title='bbox 669 1440 771 1491; x_wconf 86' lang='grc' dir='ltr'>τότε</span> <span class='ocrx_word' id='word_1_117' title='bbox 824 1444 899 1492; x_wconf 81' lang='grc' dir='ltr'>καὶ</span> <span class='ocrx_word' id='word_1_118' title='bbox 950 1440 1073 1495; x_wconf 76' lang='grc' dir='ltr'>ἅπας</span> <span class='ocrx_word' id='word_1_119' title='bbox 1124 1443 1534 1508; x_wconf 84' lang='grc' dir='ltr'>τεταλαιπώρηκεν</span> <span class='ocrx_word' id='word_1_120' title='bbox 1584 1444 1609 1492; x_wconf 85' lang='grc' dir='ltr'>ὁ</span> <span class='ocrx_word' id='word_1_121' title='bbox 1659 1443 1874 1509; x_wconf 88' lang='grc' dir='ltr'>Ἰσραήλ.</span> 
     </span>
     <span class='ocr_line' id='line_1_21' title="bbox 290 1519 1877 1591; baseline 0.004 -22"><span class='ocrx_word' id='word_1_122' title='bbox 290 1523 331 1569; x_wconf 78' lang='grc' dir='ltr'>οἰ</span> <span class='ocrx_word' id='word_1_123' title='bbox 370 1519 455 1583; x_wconf 76' lang='grc' dir='ltr'>μὲν</span> <span class='ocrx_word' id='word_1_124' title='bbox 494 1521 586 1587; x_wconf 80' lang='grc' dir='ltr'>γὰρ</span> <span class='ocrx_word' id='word_1_125' title='bbox 626 1527 686 1575; x_wconf 90' lang='grc' dir='ltr'>εἰς</span> <span class='ocrx_word' id='word_1_126' title='bbox 727 1524 1017 1589; x_wconf 81' lang='grc' dir='ltr'>Ἀσσυρίους</span> <span class='ocrx_word' id='word_1_127' title='bbox 1057 1526 1131 1574; x_wconf 76' lang='grc' dir='ltr'>καὶ</span> <span class='ocrx_word' id='word_1_128' title='bbox 1174 1524 1370 1587; x_wconf 86' lang='grc' dir='ltr'>Μήδους</span> <span class='ocrx_word' id='word_1_129' title='bbox 1409 1525 1700 1591; x_wconf 82' lang='grc' dir='ltr'>αἰχμάλωτοι</span> <span class='ocrx_word' id='word_1_130' title='bbox 1734 1548 1877 1590; x_wconf 89' lang='grc' dir='ltr'>γεγο-</span> 
     </span>
     <span class='ocr_line' id='line_1_22' title="bbox 290 1602 1879 1675; baseline 0.004 -24"><span class='ocrx_word' id='word_1_131' title='bbox 290 1602 418 1655; x_wconf 88' lang='grc' dir='ltr'>νότες</span> <span class='ocrx_word' id='word_1_132' title='bbox 474 1604 821 1670; x_wconf 74' lang='grc' dir='ltr'>ἀπεκομίζοντο·</span> <span class='ocrx_word' id='word_1_133' title='bbox 899 1609 939 1656; x_wconf 83' lang='grc' dir='ltr'>οἱ</span> <span class='ocrx_word' id='word_1_134' title='bbox 999 1607 1045 1656; x_wconf 73' lang='grc' dir='ltr'>δὲ</span> <span class='ocrx_word' id='word_1_135' title='bbox 1106 1609 1187 1668; x_wconf 81' lang='grc' dir='ltr'>τῆς</span> <span class='ocrx_word' id='word_1_136' title='bbox 1249 1607 1432 1656; x_wconf 85' lang='grc' dir='ltr'>ἐκείνων</span> <span class='ocrx_word' id='word_1_137' title='bbox 1494 1605 1732 1670; x_wconf 81' lang='grc' dir='ltr'>ὠμότητος</span> <span class='ocrx_word' id='word_1_138' title='bbox 1789 1607 1879 1675; x_wconf 74' lang='grc' dir='ltr'>ἔξω</span> 
     </span>
     <span class='ocr_line' id='line_1_23' title="bbox 290 1684 1878 1755; baseline 0.004 -22"><span class='ocrx_word' id='word_1_139' title='bbox 290 1684 538 1749; x_wconf 72' lang='grc' dir='ltr'>γεγονότες</span> <span class='ocrx_word' id='word_1_140' title='bbox 572 1688 645 1736; x_wconf 73' lang='grc' dir='ltr'>καὶ</span> <span class='ocrx_word' id='word_1_141' title='bbox 682 1690 927 1755; x_wconf 80' lang='grc' dir='ltr'>διαφυγεῖν</span> <span class='ocrx_word' id='word_1_142' title='bbox 953 1688 1252 1755; x_wconf 82' lang='grc' dir='ltr'>ἰσχύσαντες,</span> <span class='ocrx_word' id='word_1_143' title='bbox 1285 1687 1481 1741; x_wconf 85' lang='grc' dir='ltr'>δεδιότες</span> <span class='ocrx_word' id='word_1_144' title='bbox 1517 1688 1564 1738; x_wconf 73' lang='grc' dir='ltr'>δὲ</span> <span class='ocrx_word' id='word_1_145' title='bbox 1600 1692 1674 1739; x_wconf 78' lang='grc' dir='ltr'>καὶ</span> <span class='ocrx_word' id='word_1_146' title='bbox 1709 1712 1878 1753; x_wconf 90' lang='grc' dir='ltr'>παραι-</span> 
     </span>
     <span class='ocr_line' id='line_1_24' title="bbox 289 1766 1947 1836; baseline 0.004 -21"><span class='ocrx_word' id='word_1_147' title='bbox 289 1766 502 1829; x_wconf 89' lang='grc' dir='ltr'>τούμενοι</span> <span class='ocrx_word' id='word_1_148' title='bbox 541 1767 595 1818; x_wconf 85' lang='grc' dir='ltr'>τὸ</span> <span class='ocrx_word' id='word_1_149' title='bbox 635 1770 862 1820; x_wconf 82' lang='grc' dir='ltr'>ἐναλῶναι</span> <span class='ocrx_word' id='word_1_150' title='bbox 902 1775 996 1823; x_wconf 80' lang='grc' dir='ltr'>τοῖς</span> <span class='ocrx_word' id='word_1_151' title='bbox 1036 1770 1169 1831; x_wconf 81' lang='grc' dir='ltr'>ἰ’σοις,</span> <span class='ocrx_word' id='word_1_152' title='bbox 1207 1769 1464 1833; x_wconf 74' lang='grc' dir='ltr'>αὐτόμολοί</span> <span class='ocrx_word' id='word_1_153' title='bbox 1495 1793 1543 1820; x_wconf 89' lang='grc' dir='ltr'>τε</span> <span class='ocrx_word' id='word_1_154' title='bbox 1578 1770 1694 1836; x_wconf 81' lang='grc' dir='ltr'>πρὸς</span> <span class='ocrx_word' id='word_1_155' title='bbox 1729 1774 1873 1835; x_wconf 85' lang='grc' dir='ltr'>Αἰγυ-</span> <span class='ocrx_word' id='word_1_156' title='bbox 1902 1790 1947 1827; x_wconf 86' lang='lat'>15</span> 
     </span>
    </p>

    <p class='ocr_par' dir='ltr' id='par_1_11' title="bbox 250 1848 1946 2570">
     <span class='ocr_line' id='line_1_25' title="bbox 250 1848 1878 1916; baseline 0.004 -20"><span class='ocrx_word' id='word_1_157' title='bbox 250 1849 449 1902; x_wconf 80' lang='grc' dir='ltr'>οπτιόυς</span> <span class='ocrx_word' id='word_1_158' title='bbox 494 1848 656 1916; x_wconf 82' lang='grc' dir='ltr'>ᾔεσαν,</span> <span class='ocrx_word' id='word_1_159' title='bbox 697 1852 772 1901; x_wconf 81' lang='grc' dir='ltr'>καὶ</span> <span class='ocrx_word' id='word_1_160' title='bbox 811 1854 892 1914; x_wconf 82' lang='grc' dir='ltr'>τῆς</span> <span class='ocrx_word' id='word_1_161' title='bbox 933 1851 1007 1903; x_wconf 80' lang='grc' dir='ltr'>ὑπ’</span> <span class='ocrx_word' id='word_1_162' title='bbox 1044 1854 1228 1904; x_wconf 85' lang='grc' dir='ltr'>ἐκείνοις</span> <span class='ocrx_word' id='word_1_163' title='bbox 1268 1852 1450 1915; x_wconf 85' lang='grc' dir='ltr'>θητείας</span> <span class='ocrx_word' id='word_1_164' title='bbox 1489 1851 1571 1902; x_wconf 79' lang='grc' dir='ltr'>τὸν</span> <span class='ocrx_word' id='word_1_165' title='bbox 1609 1852 1878 1916; x_wconf 78' lang='grc' dir='ltr'>ἀβούλητον</span> 
     </span>
     <span class='ocr_line' id='line_1_26' title="bbox 289 1929 1874 2000; baseline 0.003 -21"><span class='ocrx_word' id='word_1_166' title='bbox 289 1930 387 1992; x_wconf 76' lang='grc' dir='ltr'>μὲν,</span> <span class='ocrx_word' id='word_1_167' title='bbox 418 1929 548 1994; x_wconf 72' lang='grc' dir='ltr'>πλὴν</span> <span class='ocrx_word' id='word_1_168' title='bbox 580 1932 636 1999; x_wconf 77' lang='grc' dir='ltr'>ἐξ</span> <span class='ocrx_word' id='word_1_169' title='bbox 667 1931 875 1997; x_wconf 79' lang='grc' dir='ltr'>ἀνάγκης</span> <span class='ocrx_word' id='word_1_170' title='bbox 910 1933 1243 2000; x_wconf 78' lang='grc' dir='ltr'>ε’πεῤῥιμμένον</span> <span class='ocrx_word' id='word_1_171' title='bbox 1274 1933 1688 1999; x_wconf 84' lang='grc' dir='ltr'>ὑποδεδραμήκασι</span> <span class='ocrx_word' id='word_1_172' title='bbox 1719 1933 1874 1999; x_wconf 73' lang='grc' dir='ltr'>ζυγόν.</span> 
     </span>
     <span class='ocr_line' id='line_1_27' title="bbox 290 2013 1874 2082; baseline 0.003 -21"><span class='ocrx_word' id='word_1_173' title='bbox 290 2013 456 2062; x_wconf 78' lang='grc' dir='ltr'>οὐκοῦν</span> <span class='ocrx_word' id='word_1_174' title='bbox 490 2013 736 2078; x_wconf 82' lang='grc' dir='ltr'>ἐπειδήπερ</span> <span class='ocrx_word' id='word_1_175' title='bbox 771 2016 1066 2080; x_wconf 81' lang='grc' dir='ltr'>συναγείρειν</span> <span class='ocrx_word' id='word_1_176' title='bbox 1105 2013 1270 2068; x_wconf 73' lang='grc' dir='ltr'>αὐτοὺς</span> <span class='ocrx_word' id='word_1_177' title='bbox 1308 2014 1604 2082; x_wconf 82' lang='grc' dir='ltr'>πανταχόθεν</span> <span class='ocrx_word' id='word_1_178' title='bbox 1637 2015 1874 2080; x_wconf 79' lang='grc' dir='ltr'>ἐπηγγέλ-</span> 
     </span>
     <span class='ocr_line' id='line_1_28' title="bbox 290 2096 1872 2160; baseline 0.003 -18"><span class='ocrx_word' id='word_1_179' title='bbox 290 2100 414 2155; x_wconf 83' lang='grc' dir='ltr'>λετο,</span> <span class='ocrx_word' id='word_1_180' title='bbox 462 2096 765 2159; x_wconf 75' lang='grc' dir='ltr'>διαμέμνηται</span> <span class='ocrx_word' id='word_1_181' title='bbox 811 2099 886 2146; x_wconf 76' lang='grc' dir='ltr'>καὶ</span> <span class='ocrx_word' id='word_1_182' title='bbox 930 2096 1089 2147; x_wconf 90' lang='grc' dir='ltr'>τόπων</span> <span class='ocrx_word' id='word_1_183' title='bbox 1128 2101 1190 2149; x_wconf 81' lang='grc' dir='ltr'>εἰς</span> <span class='ocrx_word' id='word_1_184' title='bbox 1230 2097 1307 2148; x_wconf 72' lang='grc' dir='ltr'>οὓς</span> <span class='ocrx_word' id='word_1_185' title='bbox 1349 2099 1424 2146; x_wconf 79' lang='grc' dir='ltr'>καὶ</span> <span class='ocrx_word' id='word_1_186' title='bbox 1463 2098 1872 2160; x_wconf 78' lang='grc' dir='ltr'>ἀπεκομίσθησαν·</span> 
     </span>
     <span class='ocr_line' id='line_1_29' title="bbox 289 2174 1946 2246; baseline 0.002 -22"><span class='ocrx_word' id='word_1_187' title='bbox 289 2179 330 2224; x_wconf 85' lang='grc' dir='ltr'>οἰ</span> <span class='ocrx_word' id='word_1_188' title='bbox 375 2174 472 2238; x_wconf 77' lang='grc' dir='ltr'>μὲν,</span> <span class='ocrx_word' id='word_1_189' title='bbox 515 2176 810 2242; x_wconf 78' lang='grc' dir='ltr'>αἰχμάλωτοι</span> <span class='ocrx_word' id='word_1_190' title='bbox 853 2178 1110 2242; x_wconf 85' lang='grc' dir='ltr'>γεγονότες,</span> <span class='ocrx_word' id='word_1_191' title='bbox 1157 2181 1218 2230; x_wconf 86' lang='grc' dir='ltr'>ὡς</span> <span class='ocrx_word' id='word_1_192' title='bbox 1263 2178 1396 2244; x_wconf 76' lang='grc' dir='ltr'>ἔφην,</span> <span class='ocrx_word' id='word_1_193' title='bbox 1440 2182 1481 2228; x_wconf 81' lang='grc' dir='ltr'>οἱ</span> <span class='ocrx_word' id='word_1_194' title='bbox 1528 2178 1575 2228; x_wconf 79' lang='grc' dir='ltr'>δὲ</span> <span class='ocrx_word' id='word_1_195' title='bbox 1621 2178 1876 2246; x_wconf 78' lang='grc' dir='ltr'>ἀφορήτοις</span> <span class='ocrx_word' id='word_1_196' title='bbox 1898 2203 1946 2228; x_wconf 87' lang='lat'>20</span> 
     </span>
     <span class='ocr_line' id='line_1_30' title="bbox 292 2257 1648 2324; baseline 0.003 -18"><span class='ocrx_word' id='word_1_197' title='bbox 292 2258 478 2320; x_wconf 81' lang='grc' dir='ltr'>δείμασι</span> <span class='ocrx_word' id='word_1_198' title='bbox 503 2257 621 2321; x_wconf 80' lang='grc' dir='ltr'>πρὸς</span> <span class='ocrx_word' id='word_1_199' title='bbox 647 2258 706 2308; x_wconf 79' lang='grc' dir='ltr'>τὰ</span> <span class='ocrx_word' id='word_1_200' title='bbox 732 2257 861 2324; x_wconf 79' lang='grc' dir='ltr'>παρὰ</span> <span class='ocrx_word' id='word_1_201' title='bbox 887 2261 1079 2324; x_wconf 85' lang='grc' dir='ltr'>γνώμην</span> <span class='ocrx_word' id='word_1_202' title='bbox 1106 2263 1259 2313; x_wconf 77' lang='grc' dir='ltr'>αὐτοῖς</span> <span class='ocrx_word' id='word_1_203' title='bbox 1287 2260 1648 2322; x_wconf 82' lang='grc' dir='ltr'>συνωθούμενοι.</span> 
     </span>
     <span class='ocr_line' id='line_1_31' title="bbox 251 2339 1875 2405; baseline 0.001 -16"><span class='ocrx_word' id='word_1_204' title='bbox 251 2356 273 2380; x_wconf 73' lang='lat' dir='ltr'>a</span> <span class='ocrx_word' id='word_1_205' title='bbox 364 2339 555 2403; x_wconf 85' lang='grc' dir='ltr'>Ἐπειδὴ</span> <span class='ocrx_word' id='word_1_206' title='bbox 607 2339 655 2390; x_wconf 80' lang='grc' dir='ltr'>δὲ</span> <span class='ocrx_word' id='word_1_207' title='bbox 714 2343 795 2404; x_wconf 84' lang='grc' dir='ltr'>τῆς</span> <span class='ocrx_word' id='word_1_208' title='bbox 855 2344 1165 2404; x_wconf 81' lang='grc' dir='ltr'>πνευματικῆς</span> <span class='ocrx_word' id='word_1_209' title='bbox 1225 2342 1465 2405; x_wconf 87' lang='grc' dir='ltr'>ἑρμηνείας</span> <span class='ocrx_word' id='word_1_210' title='bbox 1523 2344 1875 2404; x_wconf 84' lang='grc' dir='ltr'>μεταποιεῖσθαι</span> 
     </span>
     <span class='ocr_line' id='line_1_32' title="bbox 288 2421 1873 2489; baseline 0.003 -19"><span class='ocrx_word' id='word_1_211' title='bbox 288 2421 451 2484; x_wconf 72' lang='grc' dir='ltr'>πρέπει</span> <span class='ocrx_word' id='word_1_212' title='bbox 492 2425 587 2474; x_wconf 76' lang='grc' dir='ltr'>τοῖς</span> <span class='ocrx_word' id='word_1_213' title='bbox 628 2421 697 2472; x_wconf 79' lang='grc' dir='ltr'>ὅτι</span> <span class='ocrx_word' id='word_1_214' title='bbox 743 2422 959 2484; x_wconf 80' lang='grc' dir='ltr'>μάλιστα</span> <span class='ocrx_word' id='word_1_215' title='bbox 1005 2421 1372 2489; x_wconf 77' lang='grc' dir='ltr'>φιλοθεωτοίτοις</span> <span class='ocrx_word' id='word_1_216' title='bbox 1415 2425 1491 2473; x_wconf 80' lang='grc' dir='ltr'>καὶ</span> <span class='ocrx_word' id='word_1_217' title='bbox 1535 2427 1873 2485; x_wconf 82' lang='grc' dir='ltr'>πνευματικοῖς,</span> 
     </span>
     <span class='ocr_line' id='line_1_33' title="bbox 288 2501 1873 2570; baseline 0.001 -19"><span class='ocrx_word' id='word_1_218' title='bbox 288 2501 443 2568; x_wconf 73' lang='grc' dir='ltr'>φαμὲν</span> <span class='ocrx_word' id='word_1_219' title='bbox 496 2502 565 2552; x_wconf 78' lang='grc' dir='ltr'>ὅτι</span> <span class='ocrx_word' id='word_1_220' title='bbox 617 2505 700 2565; x_wconf 81' lang='grc' dir='ltr'>τῆς</span> <span class='ocrx_word' id='word_1_221' title='bbox 741 2507 835 2553; x_wconf 81' lang='grc' dir='ltr'>τῶν</span> <span class='ocrx_word' id='word_1_222' title='bbox 882 2503 1094 2568; x_wconf 80' lang='grc' dir='ltr'>ἀοράτων</span> <span class='ocrx_word' id='word_1_223' title='bbox 1138 2505 1318 2570; x_wconf 78' lang='grc' dir='ltr'>ἐχθρῶν</span> <span class='ocrx_word' id='word_1_224' title='bbox 1368 2504 1525 2570; x_wconf 84' lang='grc' dir='ltr'>χώρας</span> <span class='ocrx_word' id='word_1_225' title='bbox 1575 2503 1675 2566; x_wconf 75' lang='grc' dir='ltr'>ἤτοι</span> <span class='ocrx_word' id='word_1_226' title='bbox 1723 2503 1873 2569; x_wconf 84' lang='grc' dir='ltr'>χειρὸς</span> 
     </span>
    </p>
   </div>
   <div class='ocr_carea' id='block_1_11' title="bbox 287 2583 1941 2650">
    <p class='ocr_par' dir='ltr' id='par_1_12' title="bbox 287 2583 1941 2650">
     <span class='ocr_line' id='line_1_34' title="bbox 287 2583 1941 2650; baseline 0.001 -18"><span class='ocrx_word' id='word_1_227' title='bbox 287 2583 490 2650; x_wconf 73' lang='grc' dir='ltr'>ἐξέλκειν</span> <span class='ocrx_word' id='word_1_228' title='bbox 541 2583 707 2636; x_wconf 69' lang='grc' dir='ltr'>αὐτοὺς</span> <span class='ocrx_word' id='word_1_229' title='bbox 759 2586 1124 2650; x_wconf 73' lang='grc' dir='ltr'>ἐπαγγέλλεται,</span> <span class='ocrx_word' id='word_1_230' title='bbox 1178 2587 1252 2634; x_wconf 81' lang='grc' dir='ltr'>καὶ</span> <span class='ocrx_word' id='word_1_231' title='bbox 1303 2585 1479 2638; x_wconf 82' lang='grc' dir='ltr'>παντὸς</span> <span class='ocrx_word' id='word_1_232' title='bbox 1528 2583 1611 2647; x_wconf 78' lang='grc' dir='ltr'>μὲν</span> <span class='ocrx_word' id='word_1_233' title='bbox 1661 2584 1873 2645; x_wconf 80' lang='grc' dir='ltr'>δείματος</span> <span class='ocrx_word' id='word_1_234' title='bbox 1894 2614 1941 2650; x_wconf 87' lang='lat'>25</span> 
     </span>
    </p>
   </div>
   <div class='ocr_carea' id='block_1_12' title="bbox 335 2779 1869 2826">
    <p class='ocr_par' dir='ltr' id='par_1_13' title="bbox 335 2779 1869 2826">
     <span class='ocr_line' id='line_1_35' title="bbox 335 2779 1869 2826; baseline -0.001 -12"><span class='ocrx_word' id='word_1_235' title='bbox 335 2792 365 2814; x_wconf 91' lang='lat'>2.</span> <span class='ocrx_word' id='word_1_236' title='bbox 393 2780 556 2825; x_wconf 84' lang='grc' dir='ltr'>ὑμετέραν</span> <span class='ocrx_word' id='word_1_237' title='bbox 575 2780 663 2815; x_wconf 89' lang='lat' dir='ltr'><strong>B.C.</strong></span> <span class='ocrx_word' id='word_1_238' title='bbox 682 2780 776 2824; x_wconf 83' lang='grc' dir='ltr'>ἡμετ.</span> <span class='ocrx_word' id='word_1_239' title='bbox 797 2781 889 2816; x_wconf 86' lang='lat' dir='ltr'><strong>Edd.</strong></span> <span class='ocrx_word' id='word_1_240' title='bbox 952 2781 1099 2826; x_wconf 80' lang='grc' dir='ltr'>ἀδελφοὶ</span> <span class='ocrx_word' id='word_1_241' title='bbox 1118 2781 1261 2815; x_wconf 79' lang='lat' dir='ltr'>accessit</span> <span class='ocrx_word' id='word_1_242' title='bbox 1281 2792 1321 2814; x_wconf 85' lang='lat' dir='ltr'>ex</span> <span class='ocrx_word' id='word_1_243' title='bbox 1342 2779 1383 2814; x_wconf 85' lang='lat' dir='ltr'>C.</span> <span class='ocrx_word' id='word_1_244' title='bbox 1728 2779 1760 2813; x_wconf 92' lang='lat'>6.</span> <span class='ocrx_word' id='word_1_245' title='bbox 1787 2779 1869 2813; x_wconf 83' lang='grc' dir='ltr'>ἀπο-</span> 
     </span>
    </p>
   </div>
   <div class='ocr_carea' id='block_1_13' title="bbox 284 2823 1869 2965">
    <p class='ocr_par' dir='ltr' id='par_1_14' title="bbox 284 2823 1869 2965">
     <span class='ocr_line' id='line_1_36' title="bbox 286 2823 1869 2872; baseline 0 -12"><span class='ocrx_word' id='word_1_246' title='bbox 286 2827 431 2872; x_wconf 75' lang='grc' dir='ltr'>στρέψω</span> <span class='ocrx_word' id='word_1_247' title='bbox 452 2828 488 2862; x_wconf 88' lang='lat' dir='ltr'>F.</span> <span class='ocrx_word' id='word_1_248' title='bbox 508 2826 600 2861; x_wconf 85' lang='lat' dir='ltr'>Edd.</span> <span class='ocrx_word' id='word_1_249' title='bbox 620 2827 751 2861; x_wconf 84' lang='lat' dir='ltr'>correxi</span> <span class='ocrx_word' id='word_1_250' title='bbox 769 2839 810 2861; x_wconf 85' lang='lat' dir='ltr'>ex</span> <span class='ocrx_word' id='word_1_251' title='bbox 830 2827 869 2862; x_wconf 92' lang='lat' dir='ltr'>C.</span> <span class='ocrx_word' id='word_1_252' title='bbox 1071 2839 1102 2872; x_wconf 82' lang='lat'>7.</span> <span class='ocrx_word' id='word_1_253' title='bbox 1128 2827 1306 2872; x_wconf 80' lang='grc' dir='ltr'>γαλαδίτιν</span> <span class='ocrx_word' id='word_1_254' title='bbox 1325 2826 1364 2860; x_wconf 90' lang='lat' dir='ltr'>C.</span> <span class='ocrx_word' id='word_1_255' title='bbox 1563 2825 1595 2858; x_wconf 83' lang='lat'>8.</span> <span class='ocrx_word' id='word_1_256' title='bbox 1621 2824 1698 2858; x_wconf 79' lang='grc' dir='ltr'>οὐδὲ</span> <span class='ocrx_word' id='word_1_257' title='bbox 1717 2823 1763 2861; x_wconf 78' lang='grc' dir='ltr'>εἷς</span> <span class='ocrx_word' id='word_1_258' title='bbox 1783 2826 1869 2860; x_wconf 83' lang='lat' dir='ltr'><strong>B.C.</strong></span> 
     </span>
     <span class='ocr_line' id='line_1_37' title="bbox 285 2871 1868 2918; baseline 0.001 -13"><span class='ocrx_word' id='word_1_259' title='bbox 285 2873 393 2909; x_wconf 80' lang='grc' dir='ltr'>οὐδείς</span> <span class='ocrx_word' id='word_1_260' title='bbox 412 2873 448 2907; x_wconf 87' lang='lat' dir='ltr'>F.</span> <span class='ocrx_word' id='word_1_261' title='bbox 468 2873 560 2908; x_wconf 87' lang='lat' dir='ltr'>Edd.</span> <span class='ocrx_word' id='word_1_262' title='bbox 579 2873 656 2917; x_wconf 80' lang='lat'><strong>(42,</strong></span> <span class='ocrx_word' id='word_1_263' title='bbox 680 2873 775 2918; x_wconf 82' lang='lat'>147).</span> <span class='ocrx_word' id='word_1_264' title='bbox 1029 2886 1060 2918; x_wconf 89' lang='lat'>9.</span> <span class='ocrx_word' id='word_1_265' title='bbox 1087 2874 1196 2908; x_wconf 82' lang='grc' dir='ltr'>ἀνεῖλε</span> <span class='ocrx_word' id='word_1_266' title='bbox 1216 2873 1257 2908; x_wconf 89' lang='lat' dir='ltr'>C.</span> <span class='ocrx_word' id='word_1_267' title='bbox 1276 2871 1349 2907; x_wconf 80' lang='grc' dir='ltr'>εἷλε</span> <span class='ocrx_word' id='word_1_268' title='bbox 1368 2871 1460 2906; x_wconf 76' lang='lat' dir='ltr'>Edd.</span> <span class='ocrx_word' id='word_1_269' title='bbox 1690 2883 1741 2905; x_wconf 90' lang='lat'>10.</span> <span class='ocrx_word' id='word_1_270' title='bbox 1768 2872 1868 2915; x_wconf 76' lang='grc' dir='ltr'>ἐμπέ-</span> 
     </span>
     <span class='ocr_line' id='line_1_38' title="bbox 284 2917 1867 2965; baseline 0.001 -13"><span class='ocrx_word' id='word_1_271' title='bbox 284 2933 433 2961; x_wconf 84' lang='grc' dir='ltr'>πρησται</span> <span class='ocrx_word' id='word_1_272' title='bbox 453 2919 493 2954; x_wconf 86' lang='lat' dir='ltr'>C.</span> <span class='ocrx_word' id='word_1_273' title='bbox 511 2920 705 2965; x_wconf 82' lang='grc' dir='ltr'>ἐμπέπρητο</span> <span class='ocrx_word' id='word_1_274' title='bbox 725 2919 814 2965; x_wconf 85' lang='lat' dir='ltr'>(sic)</span> <span class='ocrx_word' id='word_1_275' title='bbox 834 2920 925 2954; x_wconf 88' lang='lat' dir='ltr'><strong>Edd.</strong></span> <span class='ocrx_word' id='word_1_276' title='bbox 1392 2929 1444 2960; x_wconf 88' lang='lat'>14.</span> <span class='ocrx_word' id='word_1_277' title='bbox 1472 2917 1507 2951; x_wconf 78' lang='grc' dir='ltr'>δέ</span> <span class='ocrx_word' id='word_1_278' title='bbox 1526 2923 1748 2962; x_wconf 81' lang='lat' dir='ltr'>assumptum</span> <span class='ocrx_word' id='word_1_279' title='bbox 1765 2929 1806 2953; x_wconf 85' lang='lat' dir='ltr'>ex</span> <span class='ocrx_word' id='word_1_280' title='bbox 1826 2918 1867 2953; x_wconf 91' lang='lat' dir='ltr'>C.</span> 
     </span>
    </p>
   </div>
   <div class='ocr_carea' id='block_1_14' title="bbox 290 2964 523 3000">
    <p class='ocr_par' dir='ltr' id='par_1_15' title="bbox 290 2964 523 3000">
     <span class='ocr_line' id='line_1_39' title="bbox 290 2964 523 3000; baseline 0.017 -4"><span class='ocrx_word' id='word_1_281' title='bbox 290 2975 301 2995; x_wconf 86' lang='grc' dir='ltr'>Ι</span> <span class='ocrx_word' id='word_1_282' title='bbox 310 2964 341 2998; x_wconf 88' lang='grc'>6.</span> <span class='ocrx_word' id='word_1_283' title='bbox 368 2964 463 2999; x_wconf 76' lang='grc' dir='ltr'>ἵεσαν</span> <span class='ocrx_word' id='word_1_284' title='bbox 483 2965 523 3000; x_wconf 90' lang='lat' dir='ltr'>C.</span> 
     </span>
    </p>
   </div>
  </div>
 </body>
</html>
