2053 3382
311 163 395 204 450
708 166 757 206 B.
802 165 1080 205 CYRILLI
1122 165 1505 207 ALEXANDR.
1718 165 1771 205 xi.
1790 178 1830 215 4,
1854 174 1891 215 5.

310 271 358 323 δὲ
396 271 523 337 ἦσαν
557 274 662 326 τοὺς
696 271 898 338 τρόπους
933 276 975 324 οἱ
1006 279 1294 340 γραμματεῖς
1329 277 1404 325 καὶ
1439 278 1481 325 οἱ
1517 278 1767 340 Φαρισαῖοι
1800 276 1894 323 τῶν

311 355 545 420 ἀγελαίων
585 353 1000 422 καταβρυχόμενοι,
1039 358 1114 406 καὶ
1158 361 1253 410 τοῖς
1291 358 1342 407 ἐκ
1379 359 1462 420 τῆς
1499 354 1717 424 ἐξουσίας
1756 376 1896 404 κατα-

310 441 560 488 πτοοῦντες
605 436 791 499 δείμασι
835 434 942 490 τοὺς
983 438 1366 504 ἀσθενεστέρους.
1436 436 1568 488 ἀλλὰ
1609 436 1899 488 τεταλαιπῶ-

311 541 427 585 ρηκεν
453 518 478 567 ὁ
504 521 597 567 τῶν
622 517 829 569 λεόντων
855 518 1021 586 φόβος.
1068 525 1206 570 τοῦτο
1233 519 1281 570 δὲ
1308 518 1424 570 εἷναί
1449 525 1571 587 φησι
1598 520 1642 570 τι)
1670 519 1899 589 φρύαγμα

271 623 292 649 e
311 600 380 649 τοῦ
400 595 617 667 Ἰοράανου.
668 602 743 650 καὶ
770 604 1000 669 φρύαγμα
1028 600 1110 664 μέν
1131 603 1262 651 ε’στιν
1288 602 1316 665 ἡ
1342 602 1500 652 ἵππων
1518 624 1568 651 τε
1594 603 1668 652 καὶ
1695 600 1898 664 ἡμιόνων
1920 621 1940 658 5

308 679 382 730 διὰ
421 679 669 747 μυκτήρων
701 681 793 749 ἠχὴ
829 683 1074 746 καθιεμένη
1115 705 1162 732 τε
1202 685 1277 733 καὶ
1315 683 1463 752 ἀγρίῳ
1499 682 1747 751 φυσήματι
1782 704 1897 731 συν-

306 762 616 813 εκπίπτουσα·
655 763 949 827 λαμβάνεται
976 764 1023 815 δὲ
1050 788 1124 815 και
1151 766 1226 815 ἐπὶ
1251 771 1334 816 τοῦ
1360 768 1749 831 μεγαλοφρονεῖν.
1806 763 1898 832 ἔφη

308 849 424 907 γοῦν
458 845 483 894 ὁ
519 845 772 898 θεσπεσιος
809 848 985 896 Δαυειδ
1015 869 1121 911 περι
1154 851 1248 897 τῶν
1279 851 1342 900 εἷς
1376 844 1591 912 Χριστὸν
1616 868 1895 913 πεπαρωνη-

85 941 138 971 Ps.
159 940 190 972 ii.
214 950 238 970 ι.
308 925 458 976 κότων
487 928 535 955 “
533 925 627 976 Ινα
656 949 699 976 τι
734 927 977 995 ἐφρύαξαν
1009 927 1131 991 ἐθνη,
1160 931 1234 978 καὶ
1269 931 1375 978 λαοι
1407 927 1698 992 ἐμελετησαν
1724 948 1865 977 κενα·
1856 966 1867 987 ,
1873 926 1897 940 ”

308 1006 422 1056 ὅταν
457 1008 538 1057 οὖν
573 1009 802 1076 φρυαγμα
837 1010 908 1059 τοῦ
934 1006 1139 1077 Ισροανου
1174 1010 1307 1077 λεγῃ,
1346 1008 1529 1073 νοήσεις
1564 1032 1617 1060 το
1655 1008 1894 1076 φρόνημα,
1924 1039 1970 1063 10

307 1090 383 1138 καὶ
416 1089 517 1155 οὐχὶ
549 1089 736 1142 πάντως
764 1095 846 1140 τοῦ
873 1096 1103 1152 ποταμοῦ,
1131 1089 1262 1140 ἀλλὰ
1286 1095 1380 1141 τῶν
1406 1093 1509 1156 περὶ
1538 1090 1677 1141 αὐτὸν
1705 1091 1893 1141 λεόντων·

308 1170 401 1221 ἀπὸ
428 1170 521 1237 γὰρ
544 1171 702 1222 τόπων
729 1171 839 1222 ἔσθ’
867 1174 941 1222 ὅτε
969 1171 1027 1222 τὰ
1053 1174 1101 1222 ἐν
1127 1173 1281 1226 αὐτοῖς
1307 1174 1599 1236 σημαίνεται.

86 1387 169 1421 758
185 1386 233 1419 Α.
270 1396 291 1419 a

268 1431 425 1482 4Τάὸε
475 1434 587 1480 λέΓει
635 1434 782 1491 Κύριος
827 1439 1142 1493 Παντοκράτωρ
1186 1438 1439 1485 Ποιμαίνετε
1483 1438 1532 1478 τὰ
1580 1438 1773 1493 Πρόβατοι
1823 1441 1895 1477 τῆς

268 1529 289 1565 5
377 1522 556 1572 σφω-ᾖε,
599 1519 625 1557 (ἲ
670 1517 707 1558 οἱ
759 1521 1014 1567 κτΗσάμενοι
1067 1521 1329 1577 κατὲοφοιςον
1381 1521 1447 1560 καὶ
1497 1521 1544 1561 οὐ
1593 1521 1895 1571 μετεμέλοντο,

378 1600 444 1639 καὶ
478 1598 514 1639 οἱ
548 1603 792 1641 Πωλοῡντεε
823 1603 929 1643 αὐτὰ
966 1604 1114 1650 {Uxel-ov
1145 1603 1383 1651 ΕὐλοΓΗτὸε
1419 1604 1581 1660 Κύριος,
1610 1604 1677 1644 καὶ
1708 1613 1896 1644 ΠεΠλου-
1921 1618 1965 1653 15

375 1683 579 1733 τήκαμεν,
607 1684 670 1725 καὶ
699 1684 735 1725 οἱ
765 1687 964 1734 Ποιμὲνεε
992 1688 1133 1729 αὐτῶν
1161 1688 1235 1727 οὐκ
1262 1688 1448 1743 ἔπασχον
1475 1688 1535 1728 ἐπ’
1570 1684 1728 1729 αὐτοῖς.

86 1858 191 1897 Supra
385 1841 515 1908 Πρὸς
564 1843 728 1896 αὐτοὺς
777 1845 802 1893 ὁ
853 1844 999 1910 λόγος
1045 1845 1151 1898 τοὺς
1203 1849 1489 1911 θρηνοῦντας
1539 1845 1774 1909 ποιμένας,
1821 1848 1894 1895 καὶ

86 1911 150 1931 ver*
172 1909 201 1939 3·
307 1922 414 1977 τοὺς
439 1925 487 1974 ἐν
512 1923 642 1993 τάξει
669 1925 875 1977 λεόντων
902 1928 1206 1993 ὠρυομένους,
1232 1927 1299 1981 οἷς
1324 1929 1399 1978 καὶ
1426 1928 1616 1996 ἐφίησιν
1645 1927 1710 1977 ε”τι
1736 1926 1795 1977 τα
1821 1926 1895 1985 τῆς

264 2011 289 2050 b
308 2005 499 2074 σφαγῆς
538 2008 809 2070 κατανέμειν
845 2010 1075 2077 πρόβατα,
1111 2010 1258 2060 καίτοι
1294 2008 1646 2072 κατημεληκόσι
1679 2010 1800 2071 λίαν,
1833 2010 1894 2062 ὡς

307 2089 706 2154 πιπρασκομένοις
739 2112 787 2139 τε
824 2094 899 2140 καὶ
937 2091 1248 2161 σφαζομένοις
1283 2092 1388 2154 μηδ’
1417 2091 1534 2141 ὅσον
1566 2095 1707 2141 εἰπεῖν
1742 2093 1889 2141 ε’παλ-
1917 2111 1965 2136 20

307 2172 455 2234 γῆσαι
489 2171 662 2237 βραχύ.
716 2170 880 2237 ὥσπερ
908 2171 1000 2238 γὰρ
1036 2176 1078 2223 οἱ
1113 2177 1208 2223 τῶν
1234 2172 1466 2235 ποιμένων
1497 2171 1894 2238 ἀνεπιεικέστεροι,

307 2253 382 2301 καὶ
427 2249 545 2316 πρὸς
596 2252 717 2315 μόνα
767 2252 1024 2312 βλέποντες
1069 2253 1128 2304 τά
1179 2259 1327 2322 σφισι
1371 2256 1478 2305 καθ’
1526 2253 1707 2318 ἡδονὴν,
1754 2253 1895 2319 μικρὰ

307 2332 473 2397 κομιδὴ
533 2334 856 2400 φροντίζοντες
906 2341 989 2385 τοῦ
1037 2338 1119 2399 τῆς
1169 2335 1344 2400 ἀγέλης
1396 2335 1642 2397 δεσπότου,
1693 2334 1751 2385 τὰ
1809 2334 1894 2398 μὲν

306 2414 578 2483 σφάζουσιν
616 2417 773 2476 ἀδεῶς,
809 2415 892 2468 τὰς
931 2420 1087 2482 θηρῶν
1122 2416 1318 2485 ἐφόδους
1358 2417 1738 2479 ἀπομιμούμενοι,
1778 2415 1809 2465 ἃ
1845 2415 1893 2465 δὲ

307 2498 381 2544 καὶ
440 2495 809 2561 πιπράσκουσιν,
862 2497 1005 2560 οὐδὲν,
1065 2500 1126 2552 ὡς
1189 2498 1321 2567 ἔφην,
1378 2500 1692 2563 ἐπαλγοῦντες
1748 2497 1890 2559 ὅλως,
1916 2518 1963 2556 25

359 2684 389 2707 1.
415 2671 636 2718 γραμματεῖς]
663 2678 698 2714 4-
720 2688 756 2707 τε
774 2674 807 2708 b.
866 2677 932 2709 τῶν
948 2673 983 2708 b.
1003 2673 1095 2708 Edd.
1115 2676 1145 2708 οἱ
1163 2678 1228 2710 τῶν
1248 2675 1288 2710 C.
1526 2685 1556 2709 2.
1582 2676 1820 2720 καταβρυχώμ.
1841 2675 1895 2718 (ut

310 2722 429 2764 supra)
450 2720 482 2753 b.
611 2732 644 2765 3.
671 2721 807 2764 δείμασι
827 2720 918 2755 C.D.
940 2721 1074 2765 Migne.
1093 2721 1251 2766 δείγμασι
1271 2721 1362 2755 Edd.
1487 2721 1519 2755 6.
1547 2721 1841 2755 συνεισπίπτουσα
1858 2722 1893 2756 b.

310 2778 343 2809 9.
371 2767 464 2800 καινά
484 2766 575 2800 Edd.
682 2778 734 2800 11.
761 2767 861 2801 αὑτὸν
878 2767 1040 2812 λεόντων]
1061 2768 1169 2802 αὐτῶν
1188 2768 1228 2802 C.
1248 2768 1365 2802 invitis
1386 2767 1469 2802 D.b.
1570 2778 1622 2811 13.
1648 2769 1829 2811 ποιμάνατε
1850 2768 1892 2803 Β.

315 2824 365 2852 14.
394 2814 585 2855 κτισάμενοι
606 2812 645 2845 (ἶ.
830 2813 878 2846 16.
907 2813 957 2846 ἐπ’
976 2813 1095 2848 αὐτούς
1114 2814 1154 2847 C.
1342 2815 1392 2847 18.
1421 2814 1497 2848 τοὺς
1514 2819 1733 2856 assumptum
1753 2826 1793 2847 ex
1813 2813 1892 2849 C.b.

308 2859 359 2890 ὅτι
379 2871 439 2901 pro
458 2860 505 2892 ἔτι
525 2859 558 2893 b.
727 2871 777 2902 11).
806 2862 1054 2902 κιιτημεληκόσι
1075 2861 1158 2894 D.b.
1179 2856 1427 2903 κιιτημελήκαῖη
1447 2860 1487 2893 C.
1507 2860 1781 2903 κατημελημένως
1800 2860 1891 2894 Edd.

310 2914 364 2937 20.
390 2906 472 2946 μηδὲ
493 2905 524 2938 b.
718 2917 771 2949 2¹3.
799 2906 917 2949 κομιδὴ
935 2907 1172 2949 φροντίζοντες
1190 2906 1255 2939 hoc
1274 2906 1393 2940 ordine
1413 2905 1452 2939 C.
1647 2917 1701 2947 24.
1727 2907 1831 2942 ἀδεῶς
1850 2906 1889 2940 C.

309 2949 455 2992 ἀνηλεῶς
474 2951 563 2984 Edd.
803 2963 857 2995 25.
884 2954 935 2985 καὶ
956 2965 1024 2986 Olrl.
1046 2954 1085 2985 C,
