2018 3387
154 164 212 204 iii.
236 165 301 215 16,
324 176 387 219 17.
514 166 589 207 IN
632 166 1068 208 MALACIIIAM.
1129 166 1283 207 TOM.
1318 165 1377 206 ΙΙ.
1659 164 1740 202 015

153 275 376 327 τοιούτων
427 278 711 344 ε’πακροᾶται
761 276 921 343 λόγων
973 275 1070 326 οἷον
1121 277 1174 326 οὐ
1223 274 1487 340 παρέργως,
1537 272 1647 322 ἀλλ’
1695 272 1743 320 ἐν

155 360 358 426 σπουδῇ,
403 359 829 426 πεπληροφόρηκεν
875 359 1015 410 εἰπών
1060 365 1147 408 Καὶ
1194 357 1419 424 προσέσχε
1470 354 1617 423 Κύριος
1664 358 1782 404 neele

157 442 409 500 εἰσ-ἤκουσεν·
435 440 590 492 “”Οτι
612 446 808 504 Πνεῦμα
832 442 1008 506 Κυρίου
1033 439 1314 504 πεπλήρωκε
1343 438 1427 501 τὴν
1453 435 1740 499 οἰκουμένην,
1805 454 1879 491 ⁸:21».
1899 452 1918 482 i.
1939 459 1966 491 7.

156 529 183 551 ‘⁶
207 524 282 572 καὶ
315 522 369 572 τὸ
405 523 606 590 συνέχον
641 523 701 573 τὰ
735 523 890 574 πάντα
924 527 1104 587 γνῶσιν
1139 522 1231 588 ἔχει
1269 521 1468 587 φωνῆς.”
1522 522 1559 569 εἰ
1599 517 1646 568 δὲ
1686 516 1743 581 δή

111 620 133 658 5
155 626 247 654 που
284 626 354 657 τις
392 604 574 669 γένοιτο
612 604 733 655 κατὰ
766 608 849 669 τῆς
888 604 1012 657 θειάς
1051 605 1192 654 αὐτοῦ
1231 602 1369 671 δόξης
1410 600 1570 666 λόγος,
1610 600 1744 653 οὗτος

155 685 289 736 ἔσται
338 685 489 753 βαρὺς
541 689 617 737 καὶ
668 686 766 737 οἷον
809 686 1064 752 ἀφόρητος,
1110 687 1257 736 καίτοι
1306 686 1416 734 λίαν
1459 682 1745 750 ἀνεξικακεῖν

156 767 352 819 εἰωθότι·
421 768 641 837 ταύτῃτοι
691 771 767 820 καὶ
819 769 1029 837 ἔφασκεν
1079 769 1349 836 Ἐβοιρύνειτε
1399 768 1466 817 ἐπ’
1519 764 1597 833 ἐμὲ
1649 762 1745 818 τοὺς

154 851 317 916 λόγους
356 851 485 917 ὑμῶν.

232 937 325 984 Δεῖ
351 932 408 997 δὴ
443 933 524 984 οὖν
552 933 658 1000 ἄρα,
687 931 775 983 κᾶν
800 929 922 994 ὦμεν
948 933 996 982 ἐν
1020 930 1194 993 πόνοις,
1219 931 1464 997 χρησίμως
1492 929 1611 993 ἡμᾶς
1633 950 1743 978 παι-

90 1038 137 1062 10
158 1015 371 1069 δεύοντος
408 1021 491 1066 τοῦ
527 1019 667 1077 Θεοῦ,
693 1013 758 1079 μὴ
798 1015 907 1064 λίαν
938 1015 1146 1078 ἀκηδιᾶν,
1173 1013 1288 1077 μήτε
1326 1013 1418 1077 μὴν
1449 1012 1630 1062 οἴεσθαι
1665 1008 1786 1060 τὸντι
1819 1024 1904 1057 863
1919 1023 1970 1057 Α.

157 1098 279 1147 οὕτω
320 1096 577 1166 φιλάρετον
608 1098 864 1165 ἀφειδῆσαι
897 1100 992 1146 τῶν
1026 1097 1234 1161 ἀγαθῶν·
1275 1093 1659 1160 περιεργάζεσθαι
1700 1090 1749 1142 δὲ

156 1184 348 1244 μᾶλλον
392 1179 452 1230 τὰ
501 1179 574 1248 ἐφ’
628 1178 696 1232 οἷς
743 1177 1206 1244 προσκεκρούκαμεν,
1253 1176 1650 1239 ἐκμειλίσσεσθαί
1698 1196 1747 1224 τε

157 1263 294 1324 οὕτω,
321 1263 395 1312 καὶ
422 1260 504 1312 τὸν
529 1261 669 1312 ε”λεον
694 1264 846 1311 αἰτεῖν.
905 1263 942 1310 εἱ
970 1259 1018 1310 δὲ
1045 1258 1102 1323 δὴ
1128 1259 1210 1309 καί
1236 1281 1354 1312 τινες
1381 1263 1476 1308 τῶν
1503 1263 1746 1325 φιλαμαρ-

157 1343 374 1408 τημόνων
408 1345 456 1394 ἐν
486 1343 748 1396 εὐπαθείαις
787 1340 876 1392 εἶεν
907 1346 1169 1405 κοσμικαῖς,
1195 1339 1281 1404 τὴν
1312 1345 1406 1391 τῶν
1443 1340 1749 1405 προσκαίρων

91 1446 138 1483 15
159 1425 429 1476 ἀπόλαυσιν
473 1425 677 1492 ἔχοντες,
720 1423 967 1487 ἀπονέμειν
1012 1423 1276 1474 ἀκόλουθον
1320 1427 1421 1476 ταῖς
1469 1420 1750 1488 ἀποῤῥήτοις

158 1508 437 1571 οἰκονομίαις
471 1510 552 1571 τῆς
589 1507 659 1558 ἐπ’
694 1507 848 1560 αὐτοῖς
883 1505 1176 1574 ἀνεξικακίας
1209 1503 1315 1560 τοὺς
1350 1503 1539 1571 λόγους.

163 1745 237 1787 Καὶ
270 1745 434 1802 ἔτραψέ
470 1745 627 1796 βιβλίον
654 1746 926 1794 μνΗμοσύνου
959 1743 1146 1786 ἐνώπιον
1178 1745 1308 1786 αὐτοῦ
1338 1739 1427 1785 τοῖς
1462 1742 1745 1798 φοβουμένοις
1765 1741 1791 1781 b

228 1830 301 1871 τὸν
343 1829 493 1886 Κύριον
533 1828 602 1870 καὶ
638 1829 969 1879 εὐλαβουμένοις
1006 1828 1055 1871 τὸ
1093 1828 1228 1876 ὄνομα
1268 1827 1413 1868 αὐτοῦ.
1471 1826 1539 1866 καί
1577 1826 1747 1866 ἔσονταί
1772 1838 1815 1876 17

229 1928 312 1965 μοι,
347 1914 460 1960 λέπει
497 1913 645 1971 Κύριος
680 1913 1014 1969 Παντοκράτωρ,
1048 1910 1107 1953 εἰς
1143 1913 1307 1968 ἡμέραν
1341 1910 1391 1951 εἳν
1422 1909 1507 1957 έΓὼ
1541 1908 1654 1950 ποιῶ
1688 1906 1748 1949 εἰς

92 2014 140 2039 2ο
231 1996 515 2053 ΠέριττοίΗσιν,
543 1996 611 2036 καὶ
646 1993 822 2052 αἱρετιώ
856 1994 1010 2036 αὐτοὺς
1044 1996 1092 2036 ὃν
1120 1994 1280 2050 τρόπον
1308 1988 1486 2049 αἶρετιεῖ
1519 1991 1748 2048 ἄνθρωπος

233 2080 302 2123 τὸν
331 2078 418 2123 υἱὸν
446 2080 575 2121 αὐτοῦ
602 2078 674 2121 τὸν
702 2075 746 2119 εὖ
774 2078 1032 2119 δουλεύοντα
1060 2076 1187 2131 αὐτῷ.

240 2236 731 2304 Κατακερτομούντων
772 2236 914 2286 αὐτοῦ
957 2239 1052 2286 τῶν
1095 2234 1152 2302 ἐξ
1193 2232 1409 2299 Ἰσραὴλ,
1454 2233 1529 2282 καὶ
1578 2231 1749 2282 ἀνόσια

162 2318 570 2388 πεφλυαρηκότων
595 2318 693 2369 κατ’
723 2318 879 2379 αὐτοῦ,
905 2324 933 2346 “
946 2316 1192 2384 προσέσχε
1218 2315 1303 2379 μὲν
1329 2317 1404 2365 καὶ
1430 2313 1746 2378 εἷσήκουσεν.”

164 2400 263 2453 εἶτα
293 2400 397 2451 δέον
422 2405 518 2454 τοῖς
552 2399 849 2466 ἡμαρτηκόσι
882 2398 968 2462 τὴν
993 2398 1271 2464 πρέπουσαν
1298 2398 1561 2462 ἐπαρτῆσαι
1595 2395 1745 2460 δίκην,

96 2503 143 2542 25
164 2507 240 2535 και
278 2506 385 2537 τους
422 2485 505 2546 τῆς
544 2482 892 2549 ἀθυροστομιας
929 2479 1299 2546 εἰσπράττεσθαι
1333 2477 1520 2544 λόγους,
1551 2479 1749 2542 παρίησι
1769 2506 1791 2532 0

163 2564 250 2629 μὲν
281 2567 342 2619 ὡς
374 2564 497 2619 Θεος
533 2563 865 2629 ἀμνησικάκως
903 2585 978 2614 και
1016 2567 1168 2613 τοῦτο·
1218 2563 1445 2629 ἐγγραφει
1483 2557 1530 2610 δε
1567 2561 1751 2619 βιβλίον

163 2671 428 2717 pampano-ww
465 2671 554 2701 τοις
599 2643 886 2715 φοβουμενοις
931 2643 1085 2705 αὐτον,
1126 2665 1230 2709 περι
1276 2641 1341 2693 ὧν
1379 2639 1510 2705 οἶμαί
1546 2663 1638 2692 που
1676 2643 1751 2692 καὶ

216 2841 245 2865 1.
263 2828 335 2864 οἷον
351 2841 422 2864 om.
442 2829 485 2863 B
575 2836 606 2873 7.
624 2827 708 2872 ἐβαρ
711 2826 804 2861 &vm
822 2826 914 2861 Edd.
934 2832 1107 2871 utsupra.
1197 2836 1230 2870 9.
1249 2825 1297 2858 ἔτι
1315 2836 1378 2869 pro
1396 2824 1460 2868 ι’ἷρα
1477 2823 1536 2858 iid.
1626 2833 1681 2857 20.
1700 2824 1751 2856 αἱ·

165 2878 267 2921 ρετιεῖ
286 2876 328 2910 B.
346 2876 422 2920 (26,
441 2888 496 2920 49.
502 2874 519 2921 )
536 2875 691 2920 αἱρετίζει
688 2841 803 2908 ρ.Ει1(1
905 2884 960 2908 21.
987 2877 1023 2906 εὐ
1041 2876 1265 2917 assumptum
1284 2884 1325 2905 ex
1345 2871 1386 2905 B.
1409 2874 1481 2913 (22,
1500 2870 1557 2915 36,
1576 2882 1632 2914 51,
1654 2871 1732 2914 238.
1738 2870 1749 2913 )

168 2933 223 2957 22.
249 2923 349 2957 αὐτὸν
367 2922 459 2957 Edd.
579 2931 634 2966 23.
660 2921 951 2965 πεφλυαρηκότων
968 2918 1037 2954 κατ’
1056 2919 1158 2952 αὐτοῦ
1176 2918 1241 2953 hoc
1259 2918 1381 2953 ordine
1401 2918 1442 2951 B.
1566 2928 1620 2958 24.
1647 2916 1750 2961 ἡμαρ-

167 2983 318 3013 τημενοις
335 2968 393 3003 iid.
538 2976 594 3010 25.
620 2967 830 3012 πράττεσθαι
849 2966 907 3002 iid.
971 2967 1109 3011 πάρεισι
1127 2964 1186 3000 iid.
1333 2965 1387 2999 2.6
1413 2965 1539 3010 γράφει
1557 2963 1615 2998 iid.
