2007 3387
261 185 346 224 342
645 186 694 226 B.
729 183 1003 225 CYRILLI
1049 183 1430 224 ALEXANDR.
1688 183 1743 223 iv.
1771 195 1836 224 10.

261 291 344 343 τὸν
383 290 610 360 Χριστόν.
675 290 763 343 κᾶν
803 291 846 343 εἴ
881 314 950 345 τις
987 290 1211 353 βούλοιτο
1249 291 1335 356 τὴν
1379 292 1530 343 αἰτίαν
1572 293 1840 354 ἀναμαθεῖν,

263 375 408 441 φαίην
450 374 509 425 ἂν
551 373 685 428 εὐθὺς
736 372 795 424 τὰ
846 373 1074 425 δοκοῦντά
1124 396 1237 437 τισι,
1278 376 1354 425 καὶ
1393 375 1502 441 παρ’
1538 374 1648 438 ἡμῖν
1685 373 1840 425 αὐτοῖς

262 458 411 523 ὀρθῶς
447 456 566 523 ἔχειν
600 455 934 519 ὑπειλημμένα.
1001 459 1043 507 οἱ
1077 454 1163 519 μὲν
1196 455 1289 522 γάρ
1321 461 1446 523 φασι
1475 454 1558 507 τὸν
1591 456 1841 522 κασσίτερον

262 537 355 590 ἀπό
395 561 444 589 τε
482 543 664 605 χαλκοῦ
707 538 784 588 καὶ
823 538 1029 599 μολίβου
1066 536 1151 602 τὴν
1189 538 1458 604 σύγκρασιν
1492 538 1628 605 ἔχειν·
1667 535 1840 600 ταύτης

261 643 311 671 τε
337 620 467 670 ἕνεκα
490 622 572 683 τῆς
597 620 744 674 αἰτίας
769 621 872 670 οὔτε
899 624 981 670 τοῦ
1007 618 1120 670 εἶναι
1147 619 1361 686 σκληρὸν
1388 619 1696 688 ἀπηλλάχθαι
1721 641 1839 670 παν-
1858 630 1880 669 5

261 706 423 765 τελῶς,
450 703 553 752 οὕτε
590 699 684 766 μὴν
717 701 980 765 ἀνήνασθαι
1015 700 1068 752 τὸ
1104 704 1178 752 καὶ
1213 701 1333 770 ἔχειν
1357 706 1628 766 μαλθακῶς·
1671 701 1834 752 συντί-

44 800 126 834 691
142 798 191 832 A.
226 808 247 831 a
263 788 400 848 θεμεν
426 783 473 834 δὲ
498 785 573 834 καὶ
600 784 727 848 ἡμεῖς
753 783 872 834 κατὰ
896 782 1072 834 τοιόνδε
1099 782 1203 835 τινὰ
1227 783 1405 851 τρόπον
1430 783 1512 835 τὸν
1530 781 1840 847 Ἐμμανουὴλ

261 866 310 917 ἔκ
336 889 385 917 τε
410 868 493 930 τῆς
519 865 790 933 ἀθραύστου
817 864 1047 929 θεότητος,
1068 867 1143 917 καὶ
1170 867 1219 917 ἐκ
1244 869 1325 930 τῆς
1352 867 1589 919 οἱονείπως
1613 866 1840 918 εὑπαθοῦς

263 946 635 1014 ἀνθρωπότητος.
689 947 846 998 ἰστέον
866 946 914 998 δὲ
934 946 1003 998 ὅτι
1030 950 1106 999 καὶ
1131 945 1213 998 τὸν
1233 949 1478 1012 ἀδάμαντα
1496 949 1633 998 λίθον
1651 946 1838 1016 μολίβῳ

265 1033 417 1099 φασὶν
440 1029 642 1083 εὐκόλως
667 1029 1030 1096 συνθραύεσθαι,
1058 1030 1205 1081 καίτοι
1239 1036 1377 1081 τοῦτο
1410 1034 1576 1082 παθεῖν
1601 1030 1657 1080 δι’
1683 1028 1839 1095 ἑτέρας
1861 1049 1909 1075 10

266 1115 381 1177 ὕλης
419 1114 501 1164 οὐκ
544 1111 838 1180 ἀνεχόμενον.
903 1110 1059 1181 φαμὲν
1097 1113 1191 1175 οὖν,
1236 1111 1306 1163 ὅτι
1346 1114 1493 1164 καίτοι
1531 1110 1739 1180 χρηστὸς
1777 1109 1841 1163 ὢν

265 1196 387 1261 ἄγαν
421 1198 496 1246 καὶ
529 1194 775 1258 παναλκὴς
808 1195 833 1245 ὁ
866 1192 1094 1261 Χριστὸς,
1126 1196 1200 1245 καὶ
1235 1193 1288 1245 τὸ
1321 1193 1492 1260 ἀπηνὲς
1517 1195 1599 1245 οὐκ
1632 1193 1752 1261 ε”χων
1778 1195 1841 1248 ὡς

264 1277 398 1342 Θεὸς,
426 1276 522 1329 οἷον
559 1277 803 1341 ἀδάμαντά
837 1299 941 1328 τινα
973 1276 1225 1343 συνθραύει
1259 1275 1342 1328 τὸν
1379 1281 1606 1339 σατανᾶν,
1643 1278 1748 1342 περὶ
1786 1275 1840 1327 οὗ

43 1368 154 1452 ἓξῡξδ
219 1365 246 1407 b
266 1360 528 1426 γέγραπται
552 1368 579 1390 “
597 1361 662 1410 ‘H
694 1359 858 1426 καρδία
893 1359 1034 1410 αὐτοῦ
1069 1359 1277 1425 πέπηγεν
1303 1358 1466 1426 ὥσπερ
1493 1360 1643 1421 λίθος,
1671 1358 1839 1423 ἕστηκε

92 1437 98 1443 ’
160 1436 167 1443 ’
265 1449 293 1471 “
312 1442 359 1493 δὲ
394 1441 556 1508 ὥσπερ
589 1441 751 1505 ἄκμων
781 1440 1059 1504 ἀνήλατος.”
1114 1444 1242 1492 δοκεῖ
1270 1443 1418 1508 γεμὴν
1449 1443 1523 1492 καὶ
1554 1441 1722 1507 ἑτέροις
1756 1440 1838 1492 τὸν
1860 1457 1906 1496 15

267 1527 538 1595 κασσίτερον,
567 1524 642 1575 εἴτ’
672 1524 752 1575 οὖν
780 1525 943 1577 ἁπλῶς
970 1522 1051 1573 τὸν
1076 1523 1281 1586 μόλιβον
1310 1527 1370 1576 εἰς
1400 1521 1727 1589 ἀποκάθαρσιν
1752 1523 1839 1587 τὴν

264 1605 340 1658 διὰ
376 1606 522 1674 πυρὸς
564 1609 646 1670 τῆς
692 1604 846 1670 ἑτέρας
897 1606 1010 1668 ὕλης
1056 1606 1318 1669 ἀναγκαίως
1356 1603 1836 1670 παραλαμβάνεσθαι,

262 1687 478 1752 μάλιστα
501 1687 548 1739 δὲ
573 1693 669 1742 τοῖς
694 1686 752 1738 τὰ
778 1687 835 1756 ἐξ
856 1686 1062 1753 ἀργύρου
1082 1692 1374 1754 τεχνουργεῖν
1393 1686 1581 1738 εἰωθόσι
1606 1687 1659 1739 τὸ
1679 1687 1839 1756 χρῆμά

263 1772 364 1821 ε’στι
403 1770 639 1838 χρήσιμόν
675 1793 724 1821 τε
760 1772 834 1820 καὶ
870 1771 1139 1834 ἀναγκαῖον.
1206 1772 1281 1819 καὶ
1319 1775 1433 1835 γοῦν
1472 1769 1563 1836 ἔφη
1600 1792 1691 1820 που
1719 1769 1842 1824 Θεὸς

262 1852 337 1903 διὰ
364 1856 523 1921 φωνῆς
546 1852 766 1919 Ἱερεμίου
789 1849 935 1903 πάλιν
962 1850 1074 1901 αὐτὸ
1111 1850 1166 1915 δὴ
1201 1856 1338 1902 τοῦτο
1376 1853 1534 1915 δηλῶν
1558 1855 1838 1918 αἰνιγματω-
1859 1875 1907 1900 20

42 1929 135 1978 ῌίοτ.

41 1983 84 2003 vl.
103 1982 151 2014 ²9·

263 1938 354 1988 δῶς
389 1934 651 2003 ίίἘξέλιπε
695 1933 918 2002 φυσητὴρ
954 1933 1046 1984 ἀπὸ
1085 1933 1246 2000 πυρὸς,
1291 1933 1474 2002 ἐξέλιπε
1516 1933 1734 1998 μόλιβος,
1777 1937 1840 1989 εἰς

265 2024 291 2047 “
314 2015 446 2068 κενὸν
477 2016 796 2084 ἀργυροκόπος
832 2019 1154 2083 ἀργυροκοπεῖ,
1185 2017 1400 2083 πονηρίαι
1435 2017 1586 2067 αὐτῶν
1620 2017 1702 2067 οὐκ
1737 2015 1840 2068 ε’τά-

263 2107 290 2128 “
315 2100 515 2163 κησαν.”

339 2180 596 2251 Κασσιτερῳ
629 2182 797 2243 τοίνυν,
828 2181 973 2246 ἤγουν
998 2181 1201 2250 μολίβῳ,
1233 2179 1491 2246 παρεικάζει
1523 2179 1752 2246 Χριστὸν,
1777 2182 1839 2234 ὡς

224 2292 245 2317 e
263 2262 514 2328 ἐκτήκοντα
547 2263 652 2317 τοὺς
684 2263 870 2331 ῥύπους,
897 2265 958 2317 ὡς
992 2262 1359 2314 ἀπαλλάττοντα
1390 2267 1483 2313 τῶν
1507 2267 1749 2330 περιττῶν,
1777 2265 1839 2317 ὡς
1859 2288 1907 2327 25

263 2347 641 2412 ἀποκαθαίροντα
675 2350 865 2411 νοητῶς.
931 2349 969 2396 εἰ
1000 2345 1056 2410 δή
1082 2369 1152 2399 τις
1182 2346 1262 2396 οὖν
1294 2346 1385 2411 ἄρα
1416 2343 1838 2411 κατευμεγεθήσειε,

263 2431 399 2496 φησὶ,
422 2431 506 2492 τῆς
539 2433 633 2478 τῶν
662 2428 838 2497 μεταξὺ
873 2432 1045 2495 καιρῶν
1078 2430 1317 2492 εἰσβολῆς,
1342 2429 1416 2478 καὶ
1448 2427 1579 2478 οὐδὲν
1611 2426 1838 2492 ἡγήσοιτο

313 2597 341 2619 1.
366 2584 425 2619 κᾶν
444 2585 483 2619 C.
502 2585 555 2619 καὶ
574 2584 665 2619 Edd.
903 2596 935 2620 2.
960 2584 1037 2628 παρ’
1057 2591 1278 2629 assumptum
1296 2596 1337 2618 ex
1358 2583 1445 2618 B.C.
1689 2592 1721 2626 3.
1747 2583 1837 2626 φησι

264 2632 355 2666 Edd.
375 2639 453 2666 ante
472 2632 605 2677 Bslgne.
872 2645 904 2674 4.
929 2632 1076 2675 μολίβου
1095 2632 1135 2665 C.
1152 2631 1320 2675 μολίβδου
1337 2631 1375 2665 b.
1395 2629 1485 2664 Edd.
1533 2628 1653 2672 ταύτης
1669 2643 1704 2662 τε
1723 2628 1763 2662 C.
1783 2630 1837 2662 καὶ

263 2679 382 2722 ταύτης
401 2678 491 2712 Edd.
727 2678 759 2712 6.
785 2677 969 2722 ἀνήνασθαι
989 2679 1028 2713 C.
1045 2679 1238 2713 ἀναίνεσθαι
1253 2677 1344 2711 Edd.
1394 2678 1446 2710 καὶ
1462 2675 1554 2721 ἔχειν
1571 2676 1636 2709 hoc
1654 2674 1774 2709 Ordine
1794 2675 1835 2709 C.

263 2726 296 2759 S.
323 2726 488 2760 εὐπαθοῦς
507 2725 585 2759 C.b.
603 2725 772 2768 ἐμπαθοῦς
791 2725 881 2759 Edd.
1248 2736 1281 2769 9.
1306 2724 1439 2769 μολίβῳ
1459 2723 1496 2757 C.
1515 2722 1670 2767 μολίβδῳ
1688 2721 1722 2755 b.
1742 2721 1835 2756 Edd.

267 2783 319 2805 10.
345 2772 595 2817 συνθραύεσθαι
614 2772 690 2807 C.b.
712 2771 803 2805 Edd.
822 2772 1093 2816 συνθράττεσθαι
1112 2771 1153 2805 Β.
1432 2779 1483 2814 15.
1510 2768 1635 2812 ἑτέροις
1654 2767 1694 2802 C.
1714 2768 1837 2812 ἑτέρως

265 2818 355 2852 Edd.
674 2818 726 2853 16.
752 2821 851 2862 ἥτουν
870 2818 910 2854 C.
958 2818 1074 2854 ἁπλῶς
1091 2820 1313 2862 assumptum
1331 2829 1372 2850 ex
1392 2816 1432 2850 C.
1482 2816 1626 2859 μόλιβον
1644 2815 1774 2859 passim
1794 2814 1836 2848 C.

262 2865 430 2906 μόλιβδον
448 2865 538 2899 Edd.
995 2877 1047 2911 19.
1077 2865 1173 2899 Haec
1190 2863 1360 2909 χρήσιμόν
1376 2877 1410 2897 τε
1428 2862 1481 2897 καὶ
1498 2867 1717 2896 accesserunt
1734 2873 1774 2895 ex
1795 2860 1837 2896 C.

264 2921 319 2944 20.
345 2911 454 2953 δηλῶν
471 2918 692 2958 assumptum
709 2924 751 2946 ex
771 2911 812 2946 C.
979 2922 1034 2946 21.
1060 2911 1225 2955 μόλιβδος
1243 2909 1334 2945 Edd.
1524 2919 1578 2942 22.
1604 2908 1837 2953 ἀργυροκόπος

264 2955 359 2990 deest
376 2957 410 2990 in
431 2957 522 2992 Edd.
840 2958 893 2993 26.
921 2958 957 2992 δέ
976 2970 1037 3003 pro
1055 2958 1094 3002 δὴ
1115 2958 1155 2993 C.
1471 2963 1524 3000 27-
1550 2953 1715 3000 ἡγήσαιτο
1733 2954 1837 2990 hodie

263 3014 323 3047 per
340 3009 423 3038 cast.
441 3003 482 3038 C.
