2049 3366
111 224 325 249 INFERNUS.

111 331 275 369 Imitatio
309 345 508 381 pravorum
543 333 736 370 hominum
773 334 867 381 peri-

164 397 290 433 culosa
314 400 383 435 174
408 412 439 435 a.

111 461 392 504 Immortalitas‚
434 464 648 511 justificatis
687 463 870 511 promissa

167 529 243 563 534
265 527 301 563 b.

110 590 365 637 Immunditia,
396 605 463 640 pro
493 593 701 629 idololatria
730 592 868 627 dictum

166 659 243 692 413
266 670 306 698 a;
340 657 493 693 Judaeis
514 658 629 693 exitio
649 657 718 693 fuit
740 659 815 693 413
833 655 868 691 b.

111 720 305 769 Impietas,
328 728 365 757 et
384 722 516 766 Judae,
539 728 575 758 et
603 722 744 763 Israeli,
767 720 869 757 exitii

165 799 277 822 causa
307 789 357 822 84
379 787 424 827 b;
466 788 512 822 ad
542 787 728 822 miseriam
760 798 869 833 quam

166 851 373 887 certissime
411 852 507 899 rapit
549 854 622 887 160
654 864 699 897 c;
743 850 870 886 virtuti

165 915 316 951 relictae
344 916 521 960 succedit,
544 922 584 952 ut
603 916 676 952 luci
695 915 871 952 tenebrae

167 983 242 1017 302
264 980 301 1016 b.

112 1044 235 1093 Impii,
252 1046 415 1093 gaudere
436 1052 626 1093 nequeunt
641 1046 757 1082 vermi
777 1058 873 1081 sem-

166 1110 334 1158 piternae
372 1111 549 1146 reservati
585 1113 631 1146 41
666 1111 710 1153 d;
752 1111 873 1159 gratia

167 1174 240 1211 Dei
270 1175 415 1222 privati,
447 1188 598 1212 necesse
628 1182 685 1212 est
719 1184 873 1224 pereant

167 1242 217 1276 43
243 1252 284 1282 e;
326 1240 387 1288 qui
427 1241 501 1276 sint
539 1241 700 1277 maxime
741 1244 789 1277 44
825 1242 871 1284 d;

168 1317 262 1353 quae
283 1305 356 1341 sint
384 1306 527 1353 passuri
550 1309 600 1342 47
622 1319 665 1348 a;
697 1307 874 1343 radicitus

167 1370 341 1418 peribunt
364 1373 412 1406 47
435 1370 481 1413 d;
513 1384 694 1419 pauperes
715 1372 875 1408 oderunt

169 1436 246 1471 267
286 1435 335 1475 b;
392 1435 564 1471 homines
608 1436 753 1481 fallunt,
798 1449 875 1472 non

170 1499 293 1535 Deum
334 1501 410 1537 583
451 1500 499 1541 d;
550 1501 632 1537 Deo
677 1501 873 1543 irascente,

169 1564 408 1601 infirmantur
438 1567 511 1602 581
542 1565 591 1607 b;
632 1578 716 1602 cum
747 1566 874 1602 alieni-

169 1629 277 1677 genis
297 1630 539 1666 comburendi
561 1632 637 1666 866
659 1643 690 1666 a.

116 1694 413 1743 Impossibilitas‚
428 1695 522 1739 Deo,
536 1695 637 1731 nulla
650 1700 706 1731 est
721 1697 796 1732 718
812 1695 876 1732 ad.

116 1759 367 1808 Impudentia,
398 1759 577 1796 stultitiae
606 1765 748 1796 certum
782 1760 875 1795 indi-

171 1825 267 1861 cium
290 1828 368 1861 470
388 1825 426 1861 b.

116 1889 270 1937 Impuri‚
291 1889 543 1936 blasphemiae
565 1888 725 1925 convicti
747 1890 823 1924 268
841 1887 874 1923 d.

116 1954 330 1990 Incarnatio
379 1953 463 1995 Dei,
513 1954 683 2000 praevisa
737 1955 786 1989 98
825 1952 874 1994 b;

172 2021 222 2056 99
253 2032 297 2060 a;
343 2021 417 2055 100
448 2030 494 2059 a;
536 2020 611 2054 226
642 2018 690 2059 b;
730 2019 806 2053 677
835 2030 876 2062 (35

173 2086 249 2121 678
279 2097 321 2125 a;
363 2083 594 2131 mysterium,
630 2095 779 2118 omnem
814 2082 877 2117 ad-

171 2149 408 2185 mirationem
437 2147 706 2184 transcendens
731 2149 807 2183 472
830 2159 872 2189 c;

172 2212 445 2250 consummatio
473 2217 510 2248 et
529 2212 724 2248 concussio
745 2212 879 2248 dicitur

173 2278 276 2327 quasi
331 2277 468 2313 saeculi
521 2283 726 2324 potestates
772 2289 875 2313 ever-

172 2350 256 2380 tens
301 2345 377 2379 479
417 2354 461 2381 ez
520 2341 728 2389 Prophetae
775 2341 875 2377 Aba·

174 2421 242 2445 cuc
297 2406 582 2444 admirationem
636 2406 878 2442 vehementer

174 2472 361 2510 excitabat
376 2474 450 2508 548
466 2484 501 2513 c;
524 2471 746 2507 describitur
755 2473 830 2507 548
841 2484 876 2517 e;

174 2538 221 2575 ad
264 2537 394 2573 urbem
440 2536 661 2572 Bethlehem
701 2543 879 2572 eventura

174 2602 400 2652 praedicitur
439 2604 514 2638 553
553 2614 597 2645 e;
660 2601 877 2648 Assumptio

174 2674 332 2704 naturae
352 2667 537 2702 humanae
557 2665 626 2701 fuit
642 2668 718 2702 554
734 2678 778 2710 a3
809 2665 878 2700 Dei

176 2731 426 2769 manifestatio
463 2738 543 2767 erat
581 2732 657 2767 609
687 2730 737 2776 b,
786 2743 878 2778 quae

174 2798 371 2834 benefacta
398 2796 506 2832 nobis
535 2795 700 2831 intulerit
729 2797 806 2831 614
827 2795 877 2840 b3

177 2862 298 2898 omnis
327 2861 415 2897 boni
445 2859 645 2908 spiritualis
674 2872 785 2896 causa
813 2859 877 2895 ha-

175 2926 299 2962 benda
332 2928 409 2962 625
436 2925 517 2969 ab3
559 2924 776 2972 mysterium
811 2930 878 2969 est,

178 2990 296 3037 ipsam
357 2989 638 3025 admirationem
701 3000 879 3036 superans

243 3064 333 3091 VOL.
358 3064 389 3090 11
398 3083 405 3091 .

648 212 713 249 ΙΝ
731 214 762 248 l)
779 214 808 249 κ]
824 212 855 249 Χ
919 215 949 249 R
965 215 994 250 F„
1011 214 1041 250 R
1060 214 1090 250 U
1108 214 1162 250 M.

1620 215 1695 247 ⁶389

995 337 1069 371 717
1092 348 1137 376 c;
1178 334 1262 370 fons
1292 333 1456 369 omnium
1487 332 1700 368 hominibus

994 400 1175 435 bonorum
1217 400 1293 435 719
1334 412 1374 443 c;
1430 397 1600 445 gentium
1644 402 1700 432 cst

994 465 1141 499 vocatio
1183 466 1258 500 729
1299 477 1343 509 a3
1399 476 1508 511 quam
1555 474 1698 510 pacem,

992 529 1182 573 laetitiam,
1228 529 1371 576 gratiae
1418 526 1698 567 abundantiam,

994 593 1183 628 Ecclesiae.
1231 593 1430 628 contulerit
1477 595 1564 636 734,
1611 594 1698 635 735,

996 660 1093 702 736;

993 723 1101 758 nobis
1122 722 1394 769 comparaverit
1418 724 1489 758 791
1516 735 1536 757 a
1552 722 1588 758 b.

1145 658 1263 704 qualis
1307 657 1428 701 fuerit,
1469 670 1563 705 quac
1602 656 1700 692 bona

942 788 1142 828 Incestum,
1178 799 1245 835 pro
1283 799 1508 834 unoquoque
1547 785 1699 831 scelere,

993 853 1155 900 positum
1179 854 1254 888 268
1277 865 1311 888 a.

941 917 1150 961 Inclinatio,
1169 917 1276 962 mala,
1292 917 1349 952 vel
1366 916 1520 952 minima
1536 915 1701 952 cavenda

997 984 1069 1018 162
1090 982 1123 1018 b.

941 1046 1121 1089 Incolere,
1143 1047 1335 1082 Christum
1362 1045 1565 1082 amantium
1595 1057 1699 1081 secu-

994 1124 1085 1153 ram,
1106 1112 1285 1153 accolere,
1306 1111 1476 1159 segnium
1504 1110 1700 1157 negligen-

994 1177 1162 1224 tiumque
1176 1176 1434 1224 periculosam,
1448 1175 1700 1211 conditionem

995 1241 1169 1288 exprimit
1192 1243 1267 1277 780
1289 1253 1308 1277 c
1327 1241 1361 1276 d.

942 1306 1191 1354 Incorruptio,
1205 1305 1325 1341 amitti
1342 1318 1416 1340 non
1434 1310 1571 1352 potest,
1585 1303 1701 1339 cuivis

996 1371 1033 1406 in
1056 1370 1208 1407 Christo
1229 1369 1441 1418 resurgenti
1462 1372 1538 1406 350
1560 1381 1594 1404 e.

943 1435 1143 1475 Increduli,
1172 1441 1347 1482 quantam
1377 1434 1524 1470 timoris
1553 1445 1703 1469 causam

996 1500 1160 1536 habeant
1181 1501 1253 1536 671
1279 1512 1320 1546 e3
1352 1502 1429 1536 672
1451 1511 1485 1535 a.

946 1564 1205 1606 Incredulitas,
1244 1563 1371 1605 Sarae,
1412 1564 1457 1600 de
1491 1569 1599 1611 partu
1636 1574 1703 1597 suo

999 1631 1075 1665 718
1098 1641 1139 1674 a;
1169 1629 1399 1665 Judaeorum
1428 1633 1515 1676 post
1539 1626 1703 1674 Captivi-

998 1699 1086 1735 tem‚
1123 1694 1168 1729 de
1201 1693 1440 1730 multitudine
1475 1692 1601 1728 futura
1639 1704 1706 1728 sua

1002 1760 1077 1794 718
1112 1758 1197 1803 ab3
1242 1771 1262 1794 a
1296 1757 1382 1794 Deo
1415 1770 1491 1793 non
1524 1756 1706 1805 permissa

1003 1824 1078 1858 718
1118 1835 1165 1868 c;

1003 1889 1078 1923 754
1101 1900 1132 1923 e.

946 1951 1205 1995 Incruentum,
1227 1951 1310 1987 vide
1332 1950 1577 1987 Sacrificium.

947 2017 1042 2058 Indi,
1068 2016 1136 2052 sub
1163 2016 1314 2052 nomine
1340 2016 1477 2063 Nageb
1505 2013 1704 2063 significati

1003 2084 1077 2118 362
1119 2082 1142 2117 d
1161 2094 1170 2127 ;
1232 2081 1322 2117 item
1370 2093 1436 2128 per
1481 2079 1704 2115 vocabulum

999 2146 1151 2182 Tharsis
1173 2148 1248 2183 369
1270 2158 1302 2181 e.

948 2212 1117 2248 Indicum
1137 2223 1239 2247 mare
1261 2212 1336 2247 222
1359 2222 1399 2255 e;
1432 2210 1508 2246 246
1529 2221 1563 2244 a.

947 2277 1099 2313 Indicus
1132 2276 1238 2324 lapis,
1274 2275 1453 2311 Ninivitis
1487 2273 1704 2309 notissimus

1003 2344 1076 2378 501
1101 2354 1132 2377 a.

947 2406 1167 2448 Inebriatio,
1191 2406 1293 2453 Lege
1320 2404 1441 2440 Mosis
1468 2415 1705 2451 summopere

1001 2471 1249 2508 condemnata
1270 2473 1345 2506 270
1360 2481 1406 2515 a3
1437 2481 1504 2516 pro
1525 2468 1705 2516 spirituali

1000 2536 1213 2586 ignorantia
1232 2535 1372 2571 dictum
1395 2536 1471 2570 510
1492 2533 1528 2569 b.

1223 1822 1249 1858 J
1254 1823 1468 1863 udaemum,
1517 1820 1706 1869 praedicta

948 2601 1088 2643 Infans,
1132 2601 1169 2636 in
1214 2606 1319 2636 utero
1364 2604 1547 2642 servatuS,
1585 2597 1705 2633 Jonae

1002 2668 1039 2701 in
1105 2670 1188 2701 ceto
1253 2670 1400 2700 servato

1005 2732 1080 2768 376
1103 2743 1134 2766 c.

950 2795 1127 2840 Infantes,
1140 2794 1177 2829 in
1191 2793 1373 2829 historiaJ
1377 2805 1470 2828 onae
1484 2791 1704 2840 Prophetae,

1469 2668 1706 2710 comparatur

1002 2859 1070 2895 viri
1091 2858 1279 2906 simplicis,
1302 2856 1547 2904 simplicitatis
1567 2862 1701 2892 notan-

1001 2930 1062 2960 tur
1084 2926 1159 2960 387
1182 2923 1214 2958 d.

950 2989 1134 3029 Infernus,

1049 3064 1076 3101 4
1097 3063 1120 3088 Τ

1191 2999 1264 3034 quo
1321 2998 1431 3022 sensu
1487 2985 1705 3022 insatiabilis
