2007 3366
286 170 311 205 8
690 172 737 211 B.
776 171 1052 211 CYRILLI
1101 173 1487 214 ALEXANDR.
1787 173 1811 212 i.
1836 187 1874 229 3.

358 277 512 328 Οὐδὲν
538 278 586 329 δὲ
621 279 761 344 ἧττον
788 281 812 331 ὁ
840 279 986 344 λόγος
1019 280 1188 346 πρέποι
1223 280 1280 332 ἂν
1316 281 1501 336 εἰκότως
1528 283 1604 333 καὶ
1639 285 1733 335 τοῖς
1760 282 1878 332 Ἰου-

243 358 426 410 Θδαίων
460 365 763 426 καθηγηταῖς,
794 366 889 415 τοῖς
930 368 1258 427 γραμματεῦσι
1298 364 1424 430 λέγω
1463 367 1538 416 καὶ
1574 363 1872 431 Φαρισαίοις,

281 440 324 491 οἳ
362 440 449 505 τὴν
487 446 550 497 εἰς
584 441 800 508 Χριστὸν
838 442 1192 508 παρωθούμενοι
1230 447 1408 508 πίστιν,
1448 451 1581 514 σφᾶς
1619 470 1669 498 τε
1708 445 1877 499 αὐτοὺς

281 525 356 573 καὶ
382 524 563 590 ἑτέρους
589 525 860 577 διολλύντες
884 525 1157 588 ἡλίσκοντο.
1226 528 1556 595 πεφρονήκασι
1590 528 1684 595 γὰρ
1711 528 1873 597 ἐχθρὰ,

279 608 355 656 καὶ
381 607 745 671 πεπολεμήκασι
769 611 828 674 τῇ
851 606 970 670 μετὰ
990 606 1169 673 σαρκὸς
1189 611 1427 679 οἰκονομίᾳ
1452 617 1535 662 τοῦ
1556 615 1875 677 Μονογενοῦς,
1896 635 1917 671 5

55 696 88 769 ἓ
109 696 188 760 {¹¹20-
279 687 462 749 ἔλαβόν
497 712 544 739 τε
579 688 665 752 τὴν
700 692 862 739 κλεῖδα
900 692 983 753 τῆς
1021 690 1258 756 γνώσεως,
1285 691 1407 742 καθά
1437 698 1588 761 φησιν
1622 693 1775 755 αὐτὸς,
1801 695 1876 744 καὶ

93 757 168 778 ‘⁵⁶'
278 773 381 820 οὔτε
410 774 636 834 εἰσῆλθον
663 772 813 834 αὐτοὶ,
845 773 950 822 οὕτε
976 772 1070 837 μὴν
1103 774 1283 839 ἑτέρους
1309 775 1737 843 συγκεχωρήκασιν
1769 780 1871 827 εἱσ-

277 858 444 904 ελθεῖν.
513 855 680 904 οὐκοῦν
719 858 755 904 εἱ
791 856 872 905 καί
905 857 1009 906 ἐστι
1047 855 1346 926 μακρόθυμος,
1372 857 1483 907 ἀλλ’
1513 859 1594 909 οὖν
1625 858 1771 929 ἀθῳῶν
1801 862 1876 911 οὐκ

276 935 468 1007 &quaeda-ec
497 936 605 991 τοὺς
630 941 688 1004 τῇ
714 938 886 1002 ἀληθεῖ
903 939 1063 989 πίστει
1088 940 1495 1004 πεπολεμηκότας.

52 1186 138 1220 479
158 1185 207 1220 A·
236 1194 257 1218 ss
279 1185 428 1242 Κύριος
464 1187 508 1227 ὲν
545 1188 765 1246 συντελείᾳ
795 1189 862 1228 καὶ
897 1189 942 1229 ἐν
972 1194 1213 1243 συσσεισμῴ
1236 1190 1259 1229 ἡ
1287 1189 1388 1232 ὁδὸς
1425 1189 1568 1239 αὐτου,
1598 1189 1664 1230 καὶ
1693 1190 1873 1245 νεφέλαι
1899 1203 1945 1228 10

343 1272 566 1328 κονιορτὸς
594 1273 741 1314 Ποὸὠν
771 1273 918 1314 αὐτοῦ.

352 1396 568 1447 Μέλλων
601 1398 625 1447 ὁ
667 1396 929 1466 Προφήτης
959 1400 1042 1461 τῆς
1078 1398 1240 1448 Νινευῒ
1273 1397 1360 1462 τὴν
1398 1396 1585 1448 ἅλωσιν
1617 1401 1678 1453 εἰς
1713 1398 1868 1465 παροί-

274 1486 451 1543 κλησιν
477 1484 571 1530 τῶν
596 1479 900 1531 πεπονθότων
925 1485 1299 1548 προαναφωνεῖν,
1328 1482 1402 1531 καὶ
1441 1480 1511 1532 ὅτι
1548 1481 1868 1547 κατασεισθή-

274 1584 409 1613 σεται
434 1561 564 1628 παρὰ
591 1566 715 1614 Θεοῦ
742 1566 1039 1627 καταδηλοῦν
1073 1568 1169 1616 τοῖς
1203 1563 1507 1628 ἠδικημένοις,
1534 1567 1873 1632 προαφηγῆται

272 1644 520 1712 χρησίμως
545 1644 599 1696 τὸ
626 1648 708 1709 τῆς
735 1646 860 1699 θείας
887 1644 1079 1713 φύσεως
1105 1645 1362 1708 παναλκές,
1394 1648 1469 1696 καὶ
1497 1645 1567 1696 ὅτι
1594 1651 1690 1696 πᾶν
1717 1648 1871 1697 ὁτιοῦν
1896 1656 1941 1694 15

273 1732 533 1793 κατορθοῦν
559 1728 758 1796 ἑλομένῃ
795 1728 849 1779 τὸ
885 1729 1198 1779 ἀντιστατοῦν
1225 1727 1370 1790 οὐδὲν,
1397 1727 1553 1779 πάντα
1593 1727 1641 1779 δὲ
1680 1734 1871 1791 μᾶλλον

274 1810 438 1878 ἕψεται
479 1809 662 1880 ῥαδίως,
705 1813 778 1861 καὶ
825 1811 1014 1879 ἰσχύσει
1053 1811 1106 1861 τὸ
1149 1812 1267 1879 αὐτῇ
1307 1813 1485 1872 δοκοῦν,
1528 1809 1615 1862 κᾶν
1655 1811 1736 1862 ε’ίτι
1775 1817 1870 1862 τῶν

228 1902 255 1943 b
275 1894 487 1958 ἐπιγείων
520 1892 816 1960 πραγμάτων
848 1894 957 1957 ἡμῖν
992 1917 1041 1944 τε
1075 1896 1150 1944 καὶ
1183 1899 1278 1946 τοῖς
1312 1895 1418 1944 καθ’
1449 1894 1570 1957 ἡμᾶς
1607 1893 1869 1958 δυσκατόρ-

275 1978 427 2026 θωτον
453 1973 566 2026 εἶναι
594 1979 720 2044 δοκῇ.
774 1974 922 2045 ᾤοντο
949 1975 1035 2038 μὲν
1062 1975 1156 2043 γὰρ
1183 1980 1223 2027 οἱ
1249 1977 1467 2026 Ἰουδαῖοι
1504 1975 1870 2031 δυσαλωτοῖτους

273 2057 470 2109 ε”σεσθαι
505 2057 612 2111 τοὺς
649 2060 997 2121 Βαβυλωνίους,
1025 2061 1099 2109 καὶ
1136 2059 1322 2126 ἄμαχον
1348 2059 1493 2112 οὕτως
1527 2063 1659 2126 χεῖρα
1691 2064 1867 2127 λαχεῖν,
1891 2080 1940 2104 20

273 2142 335 2193 ὡς
361 2139 473 2204 μηδ’
496 2138 554 2191 ἂν
580 2145 616 2191 εὶ
642 2141 866 2202 βούλοιτο
889 2140 1023 2203 Θεὸς,
1052 2143 1280 2205 ἀτονῆσαι
1306 2140 1424 2207 πρὸς
1449 2142 1658 2209 ἐχθρούς.
1714 2142 1868 2192 ἐκάλει

271 2221 365 2288 γὰρ
405 2220 530 2286 οἶμαι
565 2223 826 2285 δυσθυμίας
865 2228 927 2278 εἷς
965 2230 1104 2275 τοῦτο
1143 2222 1311 2278 αὐτοὺς
1342 2223 1401 2274 τὰ
1440 2224 1560 2274 κατὰ
1589 2224 1751 2287 πάσης
1785 2225 1866 2274 αὑ-

272 2309 365 2354 τῶν
407 2307 490 2368 τῆς
532 2305 688 2373 χώρας
733 2308 871 2369 ὠμῶς
915 2330 964 2357 τε
1011 2309 1084 2358 καὶ
1127 2306 1367 2373 ἀνημέρως
1410 2307 1518 2372 παρ’
1566 2307 1750 2357 ἐκείνων
1793 2329 1866 2357 τε-

270 2387 558 2452 τολμημένα.
627 2388 702 2438 ἵνα
743 2390 898 2439 τοίνυν
943 2392 1112 2448 εἰδεῖεν,
1166 2393 1227 2443 ὡς
1278 2390 1512 2440 κείσονται
1558 2387 1644 2451 μὲν
1690 2390 1865 2440 ἀκονιτὶ

271 2470 694 2538 κατεξανιστάντος
732 2472 887 2525 αὐτοῖς
920 2472 1006 2536 τὴν
1041 2472 1189 2539 ὀργὴν
1216 2479 1298 2523 τοῦ
1326 2476 1464 2533 Θεοῦ,
1493 2471 1765 2521 ἁλώσονται
1802 2470 1863 2534 δὲ,
1888 2494 1935 2531 25

323 2677 352 2700 1.
379 2668 396 2699 ὁ
414 2668 448 2701 λ.
468 2675 546 2711 post
563 2667 603 2702 ἂν
621 2676 752 2714 transp.
776 2669 821 2704 D.
1172 2671 1204 2704 6.
1231 2670 1284 2704 καὶ
1302 2672 1378 2703 οὔτε
1399 2668 1439 2702 Β.
1457 2670 1534 2702 οὔτε
1552 2669 1587 2702 δέ
1609 2668 1653 2702 D.
1672 2671 1748 2702 οὔτε
1767 2668 1860 2704 Edd-

273 2721 306 2758 7.
332 2713 426 2747 αὐτοὶ
444 2714 606 2758 εἰσῆλθον
623 2717 762 2750 inverso
781 2716 902 2751 ordine
924 2717 964 2751 Β.
1319 2717 1352 2750 8.
1378 2716 1496 2761 ἀθῳῶν
1513 2722 1735 2759 assumptum
1754 2727 1795 2749 ex
1816 2715 1858 2750 B.

271 2760 383 2806 ἀθῷον
403 2760 448 2794 D.
686 2776 720 2809 9.
746 2767 785 2808 τῇ
805 2764 945 2809 ἀληθείᾳ
964 2777 1026 2809 pro
1045 2767 1084 2808 τῇ
1103 2764 1223 2808 ἀληθεῖ
1239 2764 1354 2798 πίστει
1370 2763 1416 2796 D.
1657 2773 1709 2796 10.
1737 2762 1860 2807 Κύριος

272 2818 334 2850 pro
353 2807 406 2840 καὶ
422 2808 518 2852 prius
539 2808 584 2842 D.
796 2822 847 2845 12.
874 2813 932 2856 τῆς
949 2819 1172 2857 assumptum
1190 2823 1230 2845 ex
1251 2810 1344 2844 B.D.
1554 2820 1606 2850 14.
1633 2807 1856 2855 ἠδικημένοις]

272 2851 445 2896 ἠδικηκόσι
466 2854 556 2889 Edd.
1003 2859 1054 2892 16.
1080 2856 1239 2903 ἑλομένῃ]
1256 2856 1372 2890 ἕλοιτο
1390 2855 1449 2889 iid.
1499 2855 1670 2889 ἀστατοῦν
1688 2855 1777 2899 (Sic)
1796 2856 1856 2890 iid.

275 2900 328 2934 18.
353 2902 559 2945 πραγμάτων
577 2914 646 2937 om.
668 2904 713 2937 D.
870 2917 923 2951 19.
950 2907 981 2939 οἱ
1000 2918 1069 2939 01η.
1092 2906 1133 2940 Β.
1183 2904 1443 2939 δυσαλωτάτους
1462 2902 1508 2936 D.
1527 2903 1746 2937 δυσαλώτους
1766 2902 1856 2937 Edd.

272 2957 327 2980 2¹2.
354 2944 444 2991 οἶμαι
463 2947 558 2982 deest
576 2950 610 2982 in
632 2950 675 2983 D.
742 2952 824 2985 κατὰ
849 2954 962 2996 πάσης
987 2953 1095 2987 αὐτῶν
1120 2953 1177 2995 τῆς
1202 2953 1315 2996 χώρας
1334 2949 1424 2983 Β.Ι).
1444 2950 1538 2992 πάσῃ
1564 2949 1672 2982 αὐτῶν
1696 2951 1735 2992 τῇ
1762 2951 1856 2994 χώρᾳ

272 2993 363 3027 Edd.
521 3005 576 3040 25.
604 2998 910 3040 κατεξαναστάντος
930 2999 987 3033 ἰίἀ.
1041 3002 1101 3033 τοῦ
1121 3001 1207 3032 Θεοῦ
1225 2998 1284 3038 τὴν
1301 2997 1405 3042 ὀργὴν
1422 2996 1558 3030 inverso
1576 2995 1697 3029 ordine
1720 2996 1762 3029 D.
