2018 3391
319 177 402 216 180
710 176 761 216 B.
807 170 1085 214 CYRILLI
1128 167 1510 210 ALEXANDR.
1750 164 1776 203 i.
1803 162 1841 212 8,
1864 174 1902 216 9.

97 286 225 369 ἒθζζκ·
319 285 484 353 ὥσπερ
519 286 599 337 οὖν
634 289 675 337 οἱ
710 285 766 354 ἐξ
787 281 977 350 Ἀαρὼν
1011 279 1255 347 γεγονότες
1294 276 1635 341 δεδαπάνηνται
1666 274 1798 339 πυρὶ,
1829 271 1906 321 καὶ

276 368 378 434 (Ῑῆν
415 371 569 423 αὐτοῖς
603 369 841 431 ἐπίκλημα
879 367 955 416 καὶ
992 361 1175 433 γραφὴ,
1205 360 1259 413 τὸ
1298 358 1555 425 ἀλλότριον
1589 360 1810 408 ἐπιθεῖναι
1840 356 1908 422 τῷ

320 452 647 520 θυσιαστηρίῳ
681 455 789 515 πῦρ·
830 446 913 500 τὸν
951 445 1093 498 αὐτὸν
1132 443 1260 510 οἶμαι
1297 442 1474 510 τρόπον
1513 441 1587 492 καὶ
1626 439 1766 501 οῦτοι,
1804 438 1911 502 περὶ

319 534 385 587 ὧν
410 534 468 600 ἧν
494 536 519 585 ὃ
546 532 710 599 λόγος,
741 532 1031 602 ἐξαιτοῦνται
1065 529 1208 590 δίκας,
1236 527 1308 578 ὅτι
1341 528 1424 589 τῆς
1454 522 1730 591 πρεπούσης
1756 521 1911 572 αὐτοῖς

320 617 572 681 εὐκοσμίας
634 612 949 683 ἠφειδηκότες,
1002 614 1284 678 ἱεροπρεπῶς
1348 607 1432 672 μὲν
1479 607 1562 657 οὐκ
1623 602 1910 656 ἐστέλλοντο
1930 619 1953 658 5

321 699 440 751 κατά
478 723 533 766 γε
574 697 628 750 τὸ
670 702 736 767 τῷ
787 695 1013 763 νομοθέτῃ
1064 696 1243 755 δοκοῦν,
1287 688 1507 758 ἐνδύμασι
1552 687 1600 739 δὲ
1663 687 1913 755 α’,λλοτρίοις

319 782 646 848 ἠμφιεσμένοι,
692 782 808 846 δρᾶν
852 777 1136 840 ἀπετόλμων
1179 774 1239 826 τὰ
1285 772 1395 840 ἱερά.
1460 769 1698 839 ἀπόδειξις
1743 767 1792 819 δὲ
1836 768 1913 818 καὶ

322 865 460 918 τοῦτό
502 868 605 917 ἐστι
650 861 1048 931 καταφρονήσεως
1092 861 1174 923 τῆς
1218 856 1424 925 ἐσχάτης
1465 857 1540 905 καὶ
1584 858 1667 904 τοῦ
1716 849 1912 916 μηδενὸς

323 950 577 1019 ἀξιοῦσθαι
608 946 757 1013 λόγου
787 943 898 1011 παρ’
932 945 1087 996 αὐτοῖς
1125 941 1208 992 τὸν
1248 939 1404 1003 νόμον.
1469 935 1567 989 εἶτα
1603 939 1704 989 πῶς
1739 933 1796 998 ἦν
1834 934 1908 984 ε’ν-

285 1052 307 1079 e
326 1037 447 1083 νοεῖν
472 1033 520 1082 ἐν
549 1029 763 1099 φροντίδι
790 1026 1009 1095 γενέσθαι
1041 1030 1137 1078 τοῖς
1172 1024 1341 1076 ἄλλοις
1371 1026 1453 1073 τοῦ
1489 1018 1633 1083 νόμον
1665 1016 1751 1081 τὴν
1775 1016 1915 1082 τήρη-
1938 1037 1985 1062 10

325 1138 421 1178 σιν,
466 1116 502 1166 εἰ
549 1114 709 1178 μηδεὶς
749 1112 892 1162 αὑτοῦ
936 1113 1032 1162 τοῖς
1077 1106 1349 1173 ἡγουμένοις
1392 1105 1417 1155 ὁ
1463 1102 1642 1168 λόγος;
1697 1098 1920 1166 ταύτῃτοί

327 1201 479 1264 φησιν
514 1192 764 1256 Ἐκδικήσω
804 1190 1017 1262 ε’μφοινῶς
1049 1192 1120 1242 ἐπὶ
1157 1188 1218 1241 τοι
1249 1190 1478 1258 πρόπολοι·
1520 1186 1595 1236 καὶ
1634 1183 1658 1234 ὃ
1692 1181 1917 1244 βούλεται

328 1283 522 1344 δηλοῦν,
553 1279 656 1329 ε”στι
690 1282 915 1328 τοιοῦτον.
981 1277 1356 1337 πλημμελοῦντα
1390 1266 1668 1321 πλειστάκις
1701 1263 1784 1315 τὸν
1808 1262 1913 1314 Ἰσ-

328 1361 467 1429 ραὴλ,
495 1364 569 1412 καὶ
603 1365 699 1414 τοῖς
732 1358 807 1410 διὰ
841 1362 936 1409 τῶν
959 1359 1219 1424 προφητῶν
1246 1354 1328 1404 οὐκ
1355 1351 1537 1403 εἴκοντα
1562 1348 1737 1415 λόγοις,
1763 1345 1918 1397 ἐκάλει

328 1444 447 1510 πρὸς
473 1443 784 1510 μετάγνωσιν,
810 1446 911 1494 ταῖς
947 1440 1119 1509 ἔξωθεν
1153 1436 1325 1489 λύπαις
1360 1436 1633 1499 ἐπανορθῶν
1659 1433 1720 1485 ὡς
1745 1427 1916 1494 πατὴρ,
1940 1451 1987 1490 15

331 1525 590 1590 ἁπτόμενος
635 1525 682 1577 δὲ
726 1526 801 1576 καὶ
843 1527 938 1575 τῶν
976 1520 1214 1583 σωμάτων
1255 1519 1407 1569 αὐτῶν
1451 1516 1556 1567 ἔσθ’
1599 1513 1690 1565 ὅτε·
1739 1511 1836 1563 οἷόν
1873 1533 1917 1561 τι

108 1619 194 1692 2¹33·
214 1617 246 1648 ii.
333 1611 467 1679 φημὶ,
508 1608 740 1676 ἐπάταξεν
784 1608 831 1657 ἐν
876 1604 1197 1672 ἀνεμοφθορίᾳ
1236 1599 1342 1653 τοῦς
1379 1601 1427 1650 ἐν
1466 1601 1596 1666 ἀγρῷ
1634 1594 1853 1662 καρποὺς,
1887 1591 1913 1657 ἢ

106 1682 233 1738 .1(1}21.i.
332 1697 540 1759 βροῦχον
567 1691 673 1742 ἔσθ’
706 1690 781 1741 ὅτε
809 1690 884 1739 καὶ
910 1687 1074 1753 ἀκρίδα
1101 1685 1281 1745 καθιεὶς,
1309 1680 1338 1746 ἦ
1367 1680 1555 1744 κάμπην
1581 1676 1917 1743 ε’πισωρεύσας,

109 1762 196 1833 ἔ86
214 1798 265 1833 Α,
295 1773 362 1839 ai)
398 1773 483 1839 τὴν
515 1772 809 1837 καλουμένην
841 1769 1084 1836 ἐρυσίβην·
1127 1765 1364 1829 λελύπηκε
1401 1763 1448 1814 δὲ
1481 1765 1555 1813 καὶ
1582 1771 1608 1790 “
1626 1762 1674 1811 ἐν
1707 1759 1919 1825 πυρώσει

109 1849 186 1933 3,Ῐῆ
202 1860 242 1880 ¹V'
335 1865 362 1887 ‘⁶
382 1860 457 1908 καὶ
483 1859 531 1908 ἐν
558 1856 764 1925 ἱκτέρῳ,”
789 1852 908 1904 κατὰ
934 1851 1019 1916 τὴν
1038 1856 1120 1901 τοῦ
1139 1847 1387 1916 προφήτου
1405 1844 1584 1914 φωνήν.
1627 1849 1775 1893 ταῦτα
1801 1838 1920 1891 κατὰ
1941 1865 1991 1890 20

334 1939 520 2006 καιροὺς
550 1938 798 2006 ἐπιφέρων,
825 1935 922 1987 οἷον
960 1934 1160 1997 ε”πληττε
1199 1928 1488 1994 λεληθότως·
1531 1929 1629 1978 νυνὶ
1660 1924 1725 1983 δὲ,
1754 1925 1920 1993 φησὶν,

334 2019 552 2083 ἐκδικήσω
581 2020 792 2089 ἐμφανεῖς
831 2019 904 2069 ἐπὶ
941 2017 1002 2067 τόι
1036 2015 1264 2084 πρόπυλα,
1290 2011 1546 2072 τουτέστιν,
1574 2009 1626 2060 οὐ
1653 2006 1921 2070 λεληθότως

334 2105 511 2157 ἐποίσω
549 2102 609 2155 τὰ
643 2103 700 2171 ἐξ
732 2103 889 2168 ὀργῆς,
917 2100 969 2150 οὐ
1003 2103 1210 2164 βροῦχος
1249 2095 1383 2146 ἕσται
1408 2094 1483 2143 καὶ
1508 2091 1705 2159 ἐρυσίβη
1731 2088 1790 2140 τὰ
1814 2088 1920 2140 καθ’

337 2189 479 2252 ὑμῶν,
519 2188 600 2238 οὐκ
639 2185 881 2252 οἷῤῥωστία
925 2179 1186 2244 σωματική·
1229 2176 1360 2228 ἀλλὰ
1397 2179 1585 2242 γυμνῶς
1622 2172 1924 2232 ἀποστίλβον

336 2275 431 2321 τῶν
474 2268 713 2332 πολεμίων
751 2265 804 2317 τὸ
847 2265 1002 2335 ξίφος,
1047 2264 1122 2313 καὶ
1165 2265 1261 2314 τοῖς
1299 2264 1361 2313 εἰς
1400 2256 1478 2321 ἐμὲ
1516 2251 1924 2318 δεδυσσεβηκόσιν
1943 2275 1993 2314 25

339 2355 563 2405 ἀπειλοῦν
597 2350 679 2402 τὸν
711 2349 924 2415 ὄλεθρον,
966 2347 1041 2397 καὶ
1085 2348 1147 2397 εἷς
1188 2342 1306 2393 αὐτὰ
1343 2346 1425 2392 τοῦ
1464 2344 1576 2390 ναοῦ
1614 2336 1673 2389 τέι
1708 2338 1924 2407 πρόπολοι,

292 2450 318 2490 b
340 2438 655 2503 καταφθεῖρον
686 2435 822 2495 ὠμῶς
858 2429 955 2484 τοῖις
989 2429 1256 2498 πληροῦντας
1295 2424 1361 2476 τον
1402 2421 1511 2474 οἶκον
1544 2422 1615 2472 τοῦ
1641 2420 1753 2471 Θεοῦ
1784 2417 1923 2469 αὐτῶν

340 2519 558 2578 οἰσεβείοις
589 2521 665 2568 καὶ
694 2511 834 2566 θόλου.
898 2511 967 2565 τίς
1000 2511 1081 2561 οῦν
1116 2510 1144 2573 ἡ
1179 2507 1402 2567 αἶσέβειοις
1442 2505 1511 2558 τίς
1537 2502 1585 2553 δὲ
1611 2504 1685 2553 καὶ
1712 2502 1736 2552 ὁ
1763 2497 1922 2560 δόλος,

341 2601 494 2666 ἕτερος
519 2599 628 2664 ἡμῖν
653 2595 901 2665 προφήτης
928 2596 1155 2662 σαφηνιεῖ
1182 2589 1336 2655 λέγων
1360 2588 1467 2653 περὶ
1501 2587 1583 2648 τῆς
1607 2579 1926 2649 Ἰερουσαλήμ

119 2687 221 2718 Mich.
341 2689 370 2712 ‘⁶
394 2685 459 2734 Οἱ
484 2680 731 2748 ἡγούμενοι
766 2679 906 2741 αὐτῆς
943 2674 1061 2740 μετὰ
1096 2673 1258 2740 δώρων
1293 2670 1471 2736 ε”κρινον
1505 2668 1580 2718 καὶ
1612 2668 1653 2716 οἱ
1684 2666 1926 2733 προφῆται
1946 2680 1996 2717 30

117 2731 162 2762 iii.
184 2741 231 2761 11.

391 2878 422 2901 2.
449 2865 519 2912 καὶ]
543 2871 579 2907 -1-
601 2866 620 2910 ἡ
640 2865 731 2899 Edd.
1064 2869 1095 2904 7.
1121 2859 1161 2893 τὰ
1180 2857 1281 2902 ἱερεῖα
1298 2855 1334 2890 b.
1662 2861 1713 2884 10.
1740 2849 1775 2883 ἐν
1792 2859 1862 2882 om.
1882 2848 1925 2882 E.

347 2924 399 2957 13.
426 2913 517 2958 ἔστι]
542 2918 577 2953 -ὶ-
598 2928 637 2947 το
656 2913 697 2946 Ε.
894 2910 946 2944 18.
972 2905 1112 2951 καθιεὶς]
1133 2905 1243 2939 καθεὶς
1262 2901 1353 2936 Edd.
1554 2909 1609 2942 29.
1635 2897 1813 2941 σαφηνίζει
1832 2894 1925 2928 Edd.

342 2960 419 3002 περὶ
437 2961 494 3002 τῆς
509 2959 734 3003 Ἱερουσιιλὴμ
751 2969 792 2991 ex
811 2957 853 2991 E.
872 2960 1108 3000 assumpserat
1126 2951 1222 2986 Aub.
1239 2950 1374 2984 favente
1392 2947 1439 2981 D.
1459 2945 1587 2981 desunt
1604 2945 1639 2978 in
1660 2943 1702 2978 B.
1791 2953 1848 2987 30.
1865 2941 1925 2975 αὐ-

343 3007 400 3049 τῆς
419 3005 512 3040 B.D.
531 3006 639 3040 αὐτῶν
657 3005 699 3039 Ε.
719 3004 811 3039 Edd.
