2049 3366
154 207 273 231 Amos.
689 192 756 227 IN
773 191 806 226 D
821 191 851 226 E
866 189 898 225 X
963 188 988 223 R
1007 188 1037 223 E
1053 187 1082 222 R
1103 186 1134 223 U
1151 186 1206 222 M.
1666 184 1741 217 (339

154 315 338 352 Amorem
376 327 466 364 erga
504 314 696 350 Christum
736 325 811 348 non
851 312 913 347 ha-

208 381 351 424 bentes,
374 392 457 415 cum
481 378 637 414 inimicis
660 378 750 426 Ejus
771 375 911 425 portio-

207 457 293 480 nem
314 444 504 480 habebunt
526 446 598 479 811
624 456 656 478 a.

155 509 390 553 Amorrhaei,
418 521 513 557 gens
538 509 708 551 barbara,
733 520 854 548 saeva,
876 513 913 543 et

207 575 394 623 frequens,
430 587 497 622 pro
531 574 700 610 barbaris
738 572 913 621 gentibus

207 639 471 676 universaliter
518 646 708 688 ponuntur
751 641 828 675 270
868 638 912 684 (13

208 704 321 740 cedro
351 709 389 740 et
418 702 568 751 quercui
600 702 751 743 similes,
784 701 912 738 Israeli

208 775 336 806 tamen
365 768 523 816 subjecti
554 771 630 804 270
661 780 701 813 c;
750 767 912 803 hostium

209 834 454 883 spiritualium
474 840 586 883 typus
608 835 680 869 271
706 846 738 868 a.

154 901 286 943 Amos,
300 900 432 936 Esaiae
446 899 653 947 Prophetae
669 903 775 946 pater
789 899 864 934 247
880 909 912 933 c.

155 966 275 1001 Amos
329 965 529 1012 Propheta,
577 969 705 1011 pastor
752 962 832 1004 fuit,
878 968 915 998 et

209 1029 412 1078 pastoritiis
441 1029 608 1065 moribus
640 1030 716 1065 246
747 1040 788 1073 a;
829 1040 913 1075 pas-

210 1095 354 1131 toribus
375 1094 547 1142 primum,
569 1093 704 1129 deinde
724 1092 914 1134 Israelitis,

210 1159 462 1208 prophetabat
510 1160 586 1195 246
621 1159 670 1203 b;
723 1169 825 1193 aram
869 1156 915 1192 ad

210 1224 348 1261 Bethel
368 1223 563 1260 delendam
586 1223 770 1271 praedixit
787 1225 863 1259 247
878 1235 914 1268 a;

212 1289 328 1326 Oziae
353 1294 390 1325 et
418 1288 661 1325 Hieroboami
683 1288 719 1324 II
748 1294 916 1335 tempore

213 1357 290 1391 247
313 1355 357 1399 d;
393 1354 463 1390 Dei
492 1366 684 1390 sermones
714 1366 753 1389 se
779 1353 916 1389 vidisse

211 1417 263 1453 ait
290 1418 367 1453 249
389 1429 430 1462 a;
462 1416 529 1452 sub
559 1416 709 1452 nomine
737 1415 915 1451 Hieroso-

210 1483 333 1531 lymae
348 1487 465 1518 totam
482 1481 672 1518 nationem
686 1481 709 1517 J
712 1481 917 1517 udaeorum

212 1547 399 1596 significat
430 1548 506 1584 248
529 1547 573 1591 d;
606 1549 682 1583 249
704 1547 753 1592 b3
793 1546 914 1594 Syna-

212 1625 336 1661 gogae
348 1618 502 1660 peccata
514 1617 784 1648 commemorat
797 1612 872 1647 248
882 1611 916 1657 d;

213 1677 526 1725 Redemptionem
559 1677 700 1713 Christi
738 1676 919 1725 praedicit

215 1745 292 1780 248
317 1755 358 1789 e3
395 1742 525 1778 vicinis
554 1742 729 1789 gentibus
759 1741 916 1777 commi-

212 1814 324 1844 natur
358 1809 435 1844 249
463 1807 511 1852 b3
552 1805 782 1853 metaphoris
816 1805 919 1853 operi

213 1878 406 1920 pastorum
435 1870 594 1919 propriis
623 1870 740 1906 utitur
769 1873 846 1906 252
873 1882 920 1916 c,

216 1937 334 1985 Syrae
387 1942 424 1973 et
478 1936 668 1971 Damasco
726 1935 920 1970 minitatur

215 2004 292 2039 253
316 2002 365 2046 (13
404 2002 494 2037 item
527 2000 735 2036 Philistaeis
768 2000 920 2036 urbibus

219 2069 297 2104 256
326 2067 351 2103 b
368 2079 378 2113 ;
418 2066 551 2115 Tyriis,
580 2065 828 2102 vendentibus
863 2065 917 2101 Is-

215 2132 364 2169 raelitas
412 2131 449 2167 in
497 2131 725 2173 servitutem,
771 2130 919 2166 minita-

214 2204 276 2235 tur
315 2200 392 2234 258
428 2197 517 2242 ab3
570 2196 659 2232 item
708 2195 920 2239 Idumaeae,

215 2263 369 2299 fratrem
395 2261 634 2310 persequenti
660 2262 735 2298 259
757 2273 800 2303 e;
830 2260 921 2297 item

214 2326 457 2367 Ammonitis‚
472 2326 509 2361 in
524 2325 706 2361 foeminas
723 2325 919 2361 saevienti-

215 2389 286 2425 bus
308 2390 384 2426 262
406 2388 452 2427 b:
492 2388 582 2424 item
611 2387 791 2423 Moabitis
820 2399 919 2423 mor-

216 2459 302 2490 tuos
328 2452 631 2489 comburentibus
653 2453 729 2488 263
753 2451 800 2496 b;
831 2451 921 2487 item

216 2518 337 2555 Judae
375 2522 413 2552 et
448 2515 736 2563 Hierosolymae
770 2517 848 2551 264
875 2527 920 2561 c3

217 2582 307 2619 item
328 2580 456 2618 Israeli
478 2581 554 2617 265
572 2592 616 2625 c3
655 2579 770 2616 totius
795 2580 923 2628 populi

218 2647 458 2688 condemnat,
501 2644 722 2692 injustitiam
761 2646 838 2681 266
874 2657 920 2690 a3

218 2712 476 2749 crudelitatem
511 2712 588 2747 266
620 2710 666 2752 d;
711 2709 921 2757 superbiam

219 2780 296 2814 267
335 2777 388 2823 b3

221 2844 296 2879 268
328 2854 374 2887 a,
419 2839 614 2888 sacrilegia
647 2841 723 2876 269
755 2851 776 2874 a
796 2851 841 2884 e;
885 2844 923 2875 et

219 2906 528 2954 ingiatitudinem
565 2906 641 2941 270
676 2916 721 2951 c;
763 2906 836 2940 271
871 2903 921 2950 b,

449 2774 714 2811 fornicationes
761 2774 922 2810 incestas

220 2970 423 3006 introducit
460 2969 582 3006 Deum
627 2969 921 3017 interrogantem
955 2931 959 3014 l

1039 307 1226 344 Israelitas
1241 307 1316 343 272
1333 305 1376 351 d3
1401 305 1488 341 item
1504 303 1550 340 ad
1566 302 1743 338 ultionem

1038 378 1254 421 surgentem
1295 374 1371 407 273
1411 382 1457 416 a,
1506 366 1746 416 reprehendit

1037 438 1214 478 Judaeos,
1250 435 1446 473 electionis
1485 446 1572 469 suae
1608 431 1745 467 oblitos

1039 504 1113 538 274
1137 514 1182 547 c3
1227 514 1248 537 a
1281 501 1374 536 falso
1407 498 1601 535 sacerdote
1635 509 1743 532 accu-

1037 572 1140 603 satur
1180 568 1256 602 276
1297 578 1342 611 a3
1392 569 1585 611 comparat
1623 562 1745 598 Deum

1037 637 1344 680 praemonentem
1366 629 1500 677 impiis
1522 627 1620 664 leoni
1642 627 1745 675 rugi-

1037 698 1114 733 enti
1146 698 1222 733 277
1243 709 1290 742 a3
1325 695 1470 743 impiOS,
1498 693 1628 730 avibus
1655 693 1745 728 irre-

1037 762 1116 798 titis
1156 764 1232 798 277
1269 761 1318 806 (13
1378 759 1596 807 ProplietaS,
1636 757 1746 794 tubae

1040 827 1195 864 Divinae
1229 828 1304 862 278
1336 838 1378 867 c;
1424 824 1633 872 Prophetas
1672 821 1746 858 Dei

1040 893 1270 928 voluntatem
1298 889 1499 926 revelatam
1527 887 1665 923 habere
1692 885 1746 921 af-

1038 958 1162 993 firmat
1187 958 1262 992 279
1285 967 1330 1000 e3
1362 959 1495 1002 gentes
1522 954 1557 988 in
1585 964 1747 999 poenam

1040 1020 1227 1057 Samariae
1243 1025 1352 1055 vocat
1370 1021 1446 1055 280
1461 1030 1501 1063 a;
1533 1017 1602 1052 Dei
1620 1022 1747 1051 tamen

1039 1085 1364 1122 mansuetudinem
1407 1082 1539 1119 asserit
1578 1083 1654 1118 284
1694 1080 1746 1126 b,

1040 1151 1246 1193 Christum,
1263 1151 1410 1186 Eonum
1427 1149 1747 1194 Pastorem,prae-

1041 1221 1225 1252 monstrat
1243 1218 1318 1252 285
1334 1228 1375 1261 a,
1406 1213 1619 1250 sacerdotes
1636 1210 1746 1247 Levi·

1039 1282 1134 1318 ticos
1187 1280 1233 1316 ad
1289 1280 1404 1316 libere
1456 1276 1748 1327 praedicandum

1040 1347 1212 1382 hortatur
1243 1347 1319 1382 285
1340 1356 1387 1390 c;
1425 1342 1616 1379 Samariae
1646 1353 1750 1377 ever-

1041 1411 1184 1447 sionem
1205 1410 1398 1446 minitatur
1419 1410 1495 1445 285
1515 1408 1564 1454 (13
1596 1405 1748 1442 Basani-

1040 1476 1128 1513 tidis
1157 1475 1279 1512 vaccis
1311 1478 1517 1522 comparat,
1548 1477 1612 1508 aut
1648 1471 1749 1518 prin-

1041 1542 1142 1590 cipes
1157 1540 1307 1577 Israelis
1325 1542 1401 1577 287
1413 1539 1455 1585 (13
1483 1543 1547 1574 aut
1562 1536 1748 1577 mulieres,

1043 1609 1119 1644 288
1150 1618 1196 1652 e3
1245 1605 1476 1653 impietatem
1512 1602 1559 1638 ad
1591 1600 1750 1637 Baethel

1041 1678 1079 1708 et
1115 1671 1285 1719 Galgala,
1324 1670 1551 1706 condemnat
1590 1668 1666 1703 289
1698 1666 1749 1712 b3

1041 1736 1131 1773 item
1170 1735 1377 1771 studiosam
1414 1733 1600 1769 idolorum
1639 1744 1752 1768 vene-

1042 1802 1227 1837 rationem
1259 1802 1337 1837 290
1368 1811 1450 1845 ae3
1494 1798 1622 1834 laudat
1654 1797 1749 1845 pati-

1042 1866 1181 1902 entiam
1229 1864 1315 1907 Dei,
1359 1868 1576 1912 peccatores
1620 1862 1667 1898 ad
1711 1874 1751 1898 se

1042 1930 1251 1967 revocantis
1285 1931 1359 1966 291
1393 1929 1440 1970 b3

1043 2002 1080 2033 et
1126 1995 1237 2031 variis
1288 1993 1477 2042 suppliciis
1530 1992 1751 2041 castigantis

1045 2063 1121 2098 293
1152 2073 1195 2102 a;
1234 2059 1325 2095 item
1354 2059 1400 2094 ab
1434 2058 1522 2107 igne
1556 2057 1750 2105 rapientis,

1042 2127 1181 2163 frustra
1201 2127 1277 2162 294
1294 2125 1334 2166 b;
1366 2123 1499 2160 asserit
1515 2123 1752 2171 majestatem

1046 2192 1131 2236 Dei,
1153 2190 1279 2227 omnia
1303 2189 1478 2231 creantis,
1500 2195 1537 2225 et
1558 2188 1752 2224 Christum

1485 1928 1576 1964 item
1610 1927 1751 1963 morbis

1044 2258 1250 2296 emittentis
1280 2259 1358 2294 295
1380 2269 1423 2299 c;
1458 2256 1543 2298 Dei,
1570 2268 1647 2292 non
1675 2268 1751 2301 sua,

1043 2324 1157 2360 verba
1184 2323 1354 2370 loquens,
1384 2321 1532 2357 Israelis
1562 2321 1753 2368 apostasin

1043 2390 1149 2437 luget
1184 2391 1262 2425 297
1295 2399 1375 2428 ac;

1044 2455 1107 2490 vix
1137 2453 1282 2489 decima
1311 2457 1416 2499 parte
1449 2451 1578 2486 relicta
1609 2451 1684 2487 298
1707 2462 1751 2491 a;

1044 2518 1194 2554 relictos
1215 2530 1278 2565 spe
1300 2516 1456 2552 Divinae
1476 2515 1753 2552 misericordiae

1045 2583 1261 2619 consolatur
1301 2583 1377 2618 298
1418 2593 1465 2623 c;

1045 2648 1170 2690 habet,
1200 2647 1321 2683 Deum
1356 2657 1570 2694 supremum
1600 2644 1754 2680 demon-

1046 2718 1164 2748 strare
1195 2713 1271 2748 299
1300 2723 1343 2752 e:
1384 2709 1550 2757 deceptis
1580 2708 1752 2754 consulit,

1046 2777 1091 2812 ad
1123 2776 1244 2812 Deum
1273 2788 1403 2811 verum
1435 2775 1574 2810 ducens
1606 2776 1682 2811 300
1705 2773 1752 2814 d;

1048 2854 1094 2877 ne
1125 2841 1295 2877 videatur
1327 2840 1501 2888 injustus,
1534 2850 1664 2874 causas
1698 2838 1754 2873 in-

1421 2386 1511 2422 item
1547 2385 1750 2427 miseriam,

1517 2580 1753 2628 propositum

1047 2905 1271 2954 crepationis
1296 2918 1383 2941 suae
1408 2904 1562 2953 profert,
1590 2902 1754 2951 Prophe-

1048 2975 1172 3005 tarum
1210 2967 1508 3016 persecutionem
1550 2968 1623 3004 301
1665 2965 1752 3006 bc;
