2018 3391
128 277 216 310 582
234 276 283 311 A.
315 288 335 310 a

310 373 331 411 5

306 1001 334 1041 b

313 1681 336 1708 C

357 141 439 182 174
745 143 793 182 B.
837 142 1112 183 CYRILLI
1150 142 1538 183 ALEXANDR.
1786 141 1813 180 i.
1831 139 1927 191 4-6.

422 278 721 317 κατοικοῦντας
747 276 1108 333 ὲνἹερουσοιλὴμ,
1137 277 1204 318 καὶ
1235 278 1379 335 ἐξαρὼ
1415 278 1463 319 ὲκ
1499 279 1571 319 τοῦ
1605 278 1739 318 τόπου
1776 276 1928 317 τούτου

419 358 470 399 τὰ
505 358 696 407 ὀνόματα
734 358 821 399 τῶν
859 358 1060 411 Βααλεὶμ,
1099 360 1167 400 καὶ
1208 361 1259 402 τὰ
1303 360 1494 410 ὀνόματα
1531 360 1617 402 τῶν
1657 357 1821 416 ἱερέων,
1861 358 1929 399 καὶ

420 444 525 491 μετὰ
575 443 660 484 τῶν
712 441 838 500 ἱερῶν
887 444 986 486 τοὺς
1035 448 1373 502 Προσκυνοῦνταε
1421 445 1491 487 ἐπὶ
1550 446 1599 487 τὰ
1650 444 1827 494 δώματα
1875 447 1927 502 τῷ

421 529 595 584 στρατιᾷ
643 531 715 568 τοῦ
760 528 956 584 οὐρανοῦ,
999 528 1067 569 καὶ
1106 527 1204 570 τοὺς
1251 529 1486 577 ὀμνύοντας
1535 528 1640 570 κατὰ
1690 532 1764 570 τοῦ
1815 535 1930 578 βασι-

419 612 532 652 λέως
567 611 723 663 αὐτῶν,
760 610 823 653 καὶ
862 613 961 654 τοὺς
990 612 1262 655 ἐκκλίνοντος
1300 613 1386 655 ἀπὸ
1423 617 1496 655 τοῦ
1538 614 1686 670 Κυρίου
1726 613 1793 653 καὶ
1831 611 1929 653 τοὺς

419 695 475 743 μή
526 699 753 752 ζΗτοῡνταε
802 695 873 737 τὸν
921 696 1085 753 Κύριον,
1130 697 1197 738 καί
1245 697 1342 738 τοὺς
1392 696 1446 745 μὴ
1498 697 1806 753 ἀντεχομένους
1853 699 1927 737 τοῦ

425 777 590 836 Κυρίου.

428 911 796 961 Καταλευκαίνει
821 909 991 963 λοιπὸν
1016 909 1070 963 τὸ
1097 913 1312 978 ἀμυδρῶς
1336 911 1585 978 εἰρημένον,
1613 912 1687 962 καὶ
1714 910 1784 961 ὅτι
1809 909 1929 961 κατὰ

352 994 433 1056 τῆς
458 992 613 1043 Ἰούδα
648 995 818 1061 φυλῆς,
851 993 969 1045 κατά
1006 1017 1056 1045 τε
1093 999 1187 1045 τῶν
1216 994 1563 1060 Ἱεροσολύμων
1601 993 1660 1045 τὰ
1698 993 1754 1062 ἐξ
1789 994 1931 1060 ὀργῆς

353 1076 666 1141 συμβήσεται,
694 1079 947 1145 διαγορεύει
974 1083 1159 1147 σαφῶς.
1230 1079 1578 1144 ἑκταθήσεσθαι
1605 1078 1697 1145 γὰρ
1723 1078 1820 1129 κατ’
1851 1079 1932 1128 αὐ-

352 1162 435 1223 τῆς
486 1158 554 1219 τὴν
599 1162 762 1212 ἑαυτοῦ
813 1162 941 1230 χεῖρά
985 1166 1148 1229 φησιν,
1201 1164 1335 1213 οἱονεὶ
1379 1161 1813 1227 καταδραττομένην
1856 1162 1932 1212 καὶ

352 1240 673 1305 πλήττουσαν,
696 1245 770 1294 καὶ
797 1244 1096 1295 ὑποτιθεΐσαν
1121 1243 1286 1298 αὐτοὺς
1311 1249 1405 1298 τοῖς
1433 1243 1549 1295 ὅσον
1574 1244 1753 1295 οὐδέπω
1778 1265 1931 1310 προσ-

353 1323 641 1388 δοκωμένοις,
692 1324 936 1388 με’λλουσί
986 1349 1034 1377 τε
1085 1330 1344 1394 καταδῃοῦν
1394 1327 1469 1377 καὶ
1519 1329 1601 1390 τῆς
1651 1325 1932 1392 ἐνεγκούσης·

353 1406 648 1472 ἀποκομίζειν
672 1407 838 1462 αὐτοὺς
863 1413 957 1462 τοῖς
992 1411 1073 1472 τῆς
1105 1410 1316 1463 δουλείας
1341 1408 1534 1476 βρόχοις
1558 1408 1925 1472 ἐνειλημμένους.

353 1490 619 1554 ἀπογυμνοῖ
653 1490 699 1540 δὲ
735 1490 790 1555 δὴ
829 1490 887 1541 τὰ
925 1490 1211 1556 ἐγκλήματα,
1239 1493 1312 1542 καὶ
1350 1494 1399 1542 ἐκ
1438 1491 1587 1554 με’σου
1617 1490 1701 1553 μὲν
1734 1492 1935 1542 ε”σεσθαί

354 1575 477 1639 φησι
515 1570 575 1623 τὰ.
614 1574 809 1641 ὀνόματα
847 1577 941 1624 τῶν
981 1573 1131 1636 Βάαλ,
1159 1573 1440 1641 οἰχήσεσθαι
1479 1574 1526 1624 δὲ
1558 1573 1649 1624 σὺν
1683 1575 1837 1627 αὐτοῖς
1871 1572 1930 1625 TEa

354 1654 433 1705 τῶν
457 1652 604 1724 ἱερέων.
672 1658 746 1706 καὶ
780 1655 850 1706 ὅτι
880 1655 963 1719 μὲν
993 1655 1154 1720 πολλὴ
1179 1657 1291 1722 παρ’
1319 1657 1472 1710 αὐτοῖς
1500 1657 1526 1720 ἡ
1552 1661 1645 1707 τῶν
1670 1656 1925 1720 σεβασμά-

353 1760 447 1788 των
491 1736 689 1801 πληθὺς,
731 1740 806 1788 καὶ
849 1737 1073 1807 διάφορος
1119 1739 1143 1788 ὁ
1186 1741 1267 1802 τῆς
1307 1738 1589 1802 πλανήσεως
1632 1737 1815 1804 τρόπος,
1856 1737 1931 1789 διὰ

354 1819 521 1871 τούτου
564 1820 794 1885 σημαίνει.
862 1820 932 1872 ὅτι
970 1821 1017 1871 δὲ
1055 1825 1121 1890 τῷ
1157 1821 1350 1890 πολέμῳ
1385 1819 1815 1885 δαπανηθήσονται,
1855 1822 1931 1871 καὶ

354 1903 654 1969 ὀλιγανδρίας
688 1906 750 1957 εἷς
784 1909 921 1954 τοῦτο
955 1902 1012 1954 τὰ
1047 1908 1141 1954 τῶν
1165 1904 1402 1954 Ἰουδαίων
1440 1904 1548 1968 ε”θνη
1579 1902 1930 1970 περιστήσεται,

356 1987 418 2038 ὡς
455 1984 519 2049 μὴ
558 1983 670 2036 εἶναι
708 1984 830 2054 τάχα
862 2009 954 2037 που
987 1984 1093 2039 τοὺς
1132 1985 1439 2052 ὀνομάζοντας
1473 1985 1559 2050 τὴν
1598 1985 1751 2044 Βάαλ,
1785 1986 1931 2052 ἤγουν

355 2072 451 2121 τοῖς
481 2072 575 2119 τῶν
609 2068 815 2119 εἰδώλων
854 2067 1065 2131 τεμένεσι
1095 2068 1388 2134 προσιζῆσαι
1423 2068 1714 2131 δυναμένους,
1747 2067 1923 2133 ὑπεσή-

355 2173 498 2214 μηνεν
534 2151 727 2219 εὐφυῶς,
755 2150 1093 2220 ἐξαρθήσεσθαι
1119 2151 1273 2216 λέγων
1300 2149 1359 2202 T&
1386 2151 1579 2219 ὀνόματα.
1604 2155 1697 2201 τῶν
1724 2150 1930 2201 εἰδώλων

354 2234 521 2295 αὐτῶν,
549 2235 623 2283 καὶ
645 2232 801 2296 με’ντοι
827 2232 905 2283 τῶν
932 2232 1072 2303 ἱερέων.
1134 2232 1193 2284 τέι
1219 2232 1266 2284 δὲ
1294 2232 1489 2300 ὀνόματά
1527 2236 1679 2301 φησιν
1711 2234 1813 2283 ἀντὶ
1847 2238 1928 2284 τοῦ

406 2434 434 2456 1.
461 2422 495 2456 ἐν
512 2422 655 2456 accessit.
672 2434 711 2455 ex
736 2422 773 2456 Β.
793 2421 879 2465 (42.)
897 2422 957 2466 τὴν
974 2434 1036 2467 pro
1051 2423 1085 2456 ἐν
1103 2423 1143 2457 E.
1163 2422 1338 2456 Neutrum
1355 2422 1458 2457 habet
1479 2423 1523 2458 D.
1806 2435 1837 2459 2.
1862 2428 1928 2459 τῶν

356 2470 504 2511 Βααλειμ
524 2469 564 2503 Β.
583 2470 653 2511 (22.
672 2470 730 2512 al.)
748 2471 805 2513 τῆς
824 2470 915 2503 Βαιιλ
937 2469 976 2503 Ε.
996 2469 1087 2503 Edd.
1395 2481 1427 2514 3.
1453 2471 1536 2514 μετὰ
1553 2474 1619 2505 τῶν
1636 2471 1732 2514 ἱερῶν
1748 2478 1928 2516 assumpta

354 2528 394 2550 ex
416 2516 456 2550 Β.
475 2516 550 2560 (42.
569 2515 631 2560 al.)
824 2528 856 2558 4.
886 2519 1029 2560 στρατιᾶ
1049 2516 1089 2550 Β.
1108 2518 1266 2560 στρατειᾷ
1287 2516 1327 2550 Ε.
1344 2517 1438 2551 Aub.
1603 2526 1635 2559 5.
1661 2518 1868 2553 ἐκκλίναντες
1886 2518 1927 2553 Ε.

354 2565 414 2597 τοῦ
431 2575 501 2597 om.
522 2562 557 2597 1⁴.
577 2562 667 2596 Edd.
687 2562 813 2607 (XII.)
872 2531 1021 2608 Κυρίου]
1037 2567 1073 2603 -†-
1094 2577 1153 2596 του
1172 2566 1258 2597 Θεου
1277 2563 1312 2597 F.
1332 2562 1422 2597 Edd.
1443 2562 1547 2608 (sol.)
1725 2572 1756 2608 7.
1782 2564 1924 2611 Κυρίου]

359 2614 396 2650 -4-
416 2609 517 2643 αὐτοῦ
538 2609 574 2643 F.
592 2609 671 2652 (Co.
677 2610 687 2651 )
972 2621 1024 2644 10.
1050 2611 1172 2654 σαφῶς
1189 2610 1331 2643 accessit
1348 2621 1388 2643 ex
1409 2609 1449 2643 B.
1455 2611 1495 2644 Ε.
1780 2622 1832 2645 ΙΙ.
1857 2609 1928 2646 οἷον

355 2657 386 2689 οἱ
404 2656 492 2701 (sic)
511 2668 574 2701 pro
592 2657 691 2690 οἱονει
710 2656 750 2691 Ε.
950 2667 1003 2690 12.
1029 2657 1158 2691 οὐδέπω
1179 2656 1314 2691 Β.Ῐ).Ε.
1332 2659 1423 2691 οὔπω
1442 2656 1533 2690 Edd.
1732 2668 1782 2699 14.
1809 2659 1928 2695 αὐτοὺς

355 2715 425 2737 om.
445 2703 498 2741 Β.,
516 2709 595 2737 ante
614 2704 666 2736 καὶ
684 2705 741 2746 τῆς
761 2703 866 2748 ἐνεγκ.
883 2708 925 2737 tr.
944 2703 990 2737 D.
1478 2703 1529 2737 16.
1555 2706 1620 2737 τῶν
1639 2703 1680 2737 Β.
1697 2704 1755 2747 τῆς
1774 2704 1814 2739 Ε.
1833 2705 1925 2740 Edd.

360 2760 412 2793 19.
438 2749 557 2784 τούτου
576 2750 667 2784 Ι).Ε.
687 2750 779 2784 Edd.
797 2750 894 2784 τοῦδε
914 2750 955 2784 Β.
1188 2761 1243 2785 2ο.
1266 2749 1495 2795 ὀλιγανδρειας
1513 2750 1554 2784 Ε.
1618 2750 1659 2783 τὰ
1676 2754 1742 2784 τῶν
1756 2749 1927 2786 Ἰουδαίων

355 2796 432 2839 ἔθνη
451 2797 641 2840 assumpsit
659 2796 751 2831 Aub.
770 2797 903 2842 primus
922 2809 963 2830 ex
976 2797 1016 2831 E.
1072 2796 1314 2842 περιστήσεται
1334 2796 1374 2830 Β.
1379 2796 1418 2830 Ε.
1436 2795 1690 2840 παραστήσεται
1708 2797 1801 2832 A.ub
1819 2813 1925 2842 παρα-

357 2842 540 2885 στήσονται
560 2843 660 2877 Pont.
877 2854 930 2877 21.
950 2846 1051 2888 ἤγουν
1068 2846 1137 2879 τοῖς
1153 2847 1218 2878 τῶν
1234 2843 1294 2877 εἷδ.
1311 2857 1382 2886 τεμ.
1399 2857 1503 2887 προσ.
1521 2843 1720 2886 δυναμενους
1737 2845 1926 2890 assumpsit

357 2888 449 2922 Aub.
468 2890 601 2932 primus
618 2902 659 2923 ex
678 2890 718 2924 E.
944 2901 997 2924 22.
1014 2890 1225 2936 ὑπεσήμηνεν
1243 2890 1283 2924 Ε.
1302 2888 1525 2933 ὑπεσήμαινεν
1546 2889 1585 2923 Β.
1604 2889 1816 2935 ὑπεσήμηνεν
1836 2891 1925 2927 Edd.

358 2944 412 2976 24.
442 2935 535 2969 Haec
552 2936 663 2979 μέντοι
682 2943 900 2972 accesserunt
918 2948 959 2971 ex
976 2936 1015 2971 13.
1020 2937 1059 2971 E.

1950 621 1971 660 5

1954 1095 2000 1120 10

1954 1511 1999 1550 15

1951 1925 2000 1950 20
