2033 3381
356 155 438 195 146
750 156 800 196 Β.
835 152 1110 195 CYRILLI
1156 149 1540 192 ALEXANDR.
1711 145 1769 186 iii.
1793 160 1831 201 9.
1859 158 1922 186 10.

353 264 401 312 ἐκ
439 263 603 329 μέρους
639 266 722 326 τῆς
755 262 902 326 με’σης
939 265 1034 312 τῶν
1069 258 1297 327 ποταμῶν,
1335 258 1363 322 ἡ
1400 256 1720 316 Βαβυλωνίων
1754 254 1925 317 σημαί-

355 369 477 396 νεται
522 349 597 410 γῆ,
641 347 716 396 καὶ
767 345 820 396 δι’
873 344 1014 407 αὐτῆς
1057 344 1406 408 αἰνιγματωδῶς
1456 340 1484 404 ἡ
1534 342 1628 389 τῶν
1679 335 1928 400 δαιμονίων

353 425 518 493 ἀγέλη.

418 509 489 560 ’ΧΗ
535 509 657 577 τάχα
694 531 739 559 τι
780 510 854 559 καὶ
894 507 1049 572 ἕτερον
1098 507 1123 556 ὁ
1173 504 1460 574 προφητικὸς
1505 504 1613 568 ἡμῖν
1656 499 1929 569 ὑπεμφαῖνει

355 589 515 656 λόγος.
571 591 783 659 ποταμῶν
817 589 910 657 γὰρ
945 590 1060 640 ἔοικε
1091 587 1170 655 *γῆν
1202 590 1455 639 ἀποκαλεῖν
1479 585 1563 650 τὴν
1586 583 1830 645 Ἰουδαίαν,
1857 579 1931 632 διά
1950 597 1971 635 5

310 680 335 717 l»
354 697 424 724 τοι
449 672 503 725 τὸ
530 674 786 727 πλείστους
812 675 859 724 ἐν
879 673 995 740 αὐτῇ
1013 670 1233 737 γενέσθαι
1257 668 1523 738 προφήτας,
1551 670 1775 730 ποταμῶν
1801 666 1932 728 δίκην

354 756 408 806 τὸ
434 755 563 810 ἔθνος
589 754 918 822 κατάρδοντας,
945 754 1020 805 καὶ
1052 752 1149 804 οἷον
1182 752 1319 805 θείοις
1354 749 1558 814 νάμασιν
1586 747 1927 814 ἐπικλύζοντας.

135 851 295 924 (fs-xcvii·
355 840 459 906 περὶ
493 836 558 889 ὧν
593 836 723 903 οἶμαί
751 861 844 890 που
879 839 1002 906 φησὶ
1041 837 1117 886 καὶ
1153 836 1177 886 ὁ
1215 833 1440 899 μακάριος
1471 832 1644 883 Δαυείδ
1670 838 1697 859 “
1719 831 1933 892 Ποταμοῖ

158 919 165 926 ⁰
356 928 382 950 ‘⁶
409 920 696 986 κροτήσουσι
733 922 848 988 χειρὶ
890 922 964 971 ἐπὶ
1001 917 1056 970 τὸ
1101 915 1257 968 αὖτό·”
1299 918 1373 967 καὶ
1415 914 1508 978 μὴν
1549 915 1625 965 καὶ
1663 911 1738 964 διὰ
1775 914 1934 981 φωνῆς

136 1013 191 1088 {23
206 1013 283 1088 {1¹1st
354 1003 561 1054 ‘Hffal'ov
582 1002 716 1057 Θεός·
758 1010 784 1032 “
801 1000 1074 1068 Εὐλογήσει
1099 1022 1155 1064 με
1183 998 1240 1050 τὰ
1266 999 1403 1064 θηρία
1429 1003 1511 1049 τοῦ
1537 998 1698 1062 ἀγροῦ,
1726 996 1935 1060 σειρῆνες

356 1092 383 1114 “
410 1088 485 1136 καὶ
511 1085 757 1152 θυγατέρες
790 1088 1050 1151 στρουθῶν,
1077 1083 1146 1134 ὅτι
1181 1082 1328 1132 ἔδωκα
1359 1082 1406 1130 ἐν
1431 1084 1489 1148 τῇ
1517 1079 1671 1148 ἐρήμῳ
1698 1078 1833 1142 ὕδωρ,
1860 1080 1934 1126 καὶ

357 1175 383 1197 “
407 1168 645 1232 ποταμοὺς
676 1170 723 1219 ἐν
749 1171 812 1235 γῇ
842 1166 1025 1236 ἀνύδρῳ
1050 1166 1244 1217 ποτίσαι
1270 1162 1324 1214 τὸ
1350 1162 1483 1227 γένος
1509 1185 1598 1225 μου
1624 1160 1677 1212 τὸ
1704 1158 1935 1218 ἐκλεκτὸν,

358 1259 384 1281 “
411 1252 529 1303 λαόν
555 1274 644 1315 μου
677 1249 729 1301 ὃν
759 1247 1160 1317 περιεποιησάμην
1191 1245 1273 1299 τὰς
1307 1243 1473 1312 ἀρετάς
1505 1267 1595 1308 μου
1626 1242 1933 1308 διηγεῖσθαι.”

138 1344 296 1421 (ΡΒ-ΗΠ·
319 1362 338 1387 c
358 1335 383 1385 ὁ
407 1334 491 1397 μὲν
517 1335 608 1400 γὰρ
637 1332 810 1399 Κύριος
837 1332 968 1395 ἡμῶν
987 1332 1175 1395 Ἰησοῦς
1201 1330 1225 1379 ὁ
1246 1327 1458 1394 Χριστὸς
1483 1326 1606 1395 τάχα
1631 1348 1723 1377 που
1749 1323 1937 1392 χειμάῤ-

141 1405 157 1432 )
357 1422 465 1487 ῥους
503 1421 683 1489 τρυφῆς
725 1416 1010 1482 ὠνόμασται,
1048 1418 1123 1466 καὶ
1158 1415 1288 1465 ε”στιν
1320 1416 1524 1477 ἀληθῶς,
1559 1413 1632 1462 καὶ
1670 1411 1825 1475 μέντοι
1863 1410 1937 1460 καὶ

140 1524 193 1554 125
209 1524 286 1556 lxvi.
358 1501 586 1563 ποταμός·
627 1502 718 1570 ε”φη
745 1500 837 1566 γάρ
871 1523 962 1551 που
996 1500 1101 1565 περὶ
1137 1498 1278 1548 αὐτοῦ
1305 1495 1380 1547 διὰ
1413 1498 1572 1564 φωνῆς
1598 1493 1743 1559 ἁγίων
1770 1490 1938 1542 *(Ἰδοῦ

145 1577 191 1598 η’
361 1592 387 1614 “
414 1585 505 1651 ἐγὼ
539 1585 735 1635 ἐκκλίνω
770 1583 838 1634 ἐπ’
875 1581 1042 1634 αὐτοὺς
1077 1582 1138 1634 ὡς
1175 1577 1386 1642 ποταμὸς
1425 1578 1617 1643 εἰρήνης,
1642 1578 1716 1627 καὶ
1750 1577 1811 1628 ὡς
1838 1597 1932 1642 χει·

467 1667 478 1681 t
496 1669 505 1682 φ
523 1669 533 1681 e
672 1667 682 1681 ⁵
816 1664 827 1680 Ι
1004 1664 1012 1677 l
1170 1664 1178 1678 ς
1250 1665 1270 1674 Α
1318 1662 1342 1677 υ
1445 1660 1464 1678 Ἰ
1681 1658 1692 1675 x
1798 1659 1812 1675 x
1921 1656 1933 1671 ἱ

360 1678 386 1696 “
413 1690 616 1735 μαρρους
659 1665 916 1732 επικλυζων
962 1664 1107 1732 δοξαν
1157 1666 1315 1713 εθνων.
1423 1683 1595 1726 ειρηται
1645 1661 1692 1710 δε
1739 1681 1814 1708 και
1865 1660 1938 1707 δια

140 1755 194 1832 {¹²³-
209 1754 275 1785 xlv.
361 1752 519 1818 φωνῆς
545 1755 628 1800 τοῦ
654 1748 829 1799 Δαυείδ
857 1754 883 1776 “
903 1750 1003 1798 Τοῦ
1033 1749 1246 1807 ποταμοῦ
1276 1742 1334 1794 τὰ
1365 1741 1612 1810 ὁρμήματα
1638 1740 1939 1809 εὐφραίνουσι

142 1829 152 1837 “
362 1840 388 1861 “
414 1831 499 1897 τὴν
524 1831 667 1884 πόλιν
691 1837 774 1882 τοῦ
799 1830 969 1882 Θεοῦ.”

438 1919 590 1966 Λυπεῖ
619 1913 666 1965 δὲ
703 1912 834 1964 οὐδὲν
869 1911 975 1963 καθ’
1004 1910 1254 1975 ὁμοιότητα
1291 1907 1377 1972 τὴν
1411 1906 1528 1974 πρὸς
1567 1904 1721 1968 αὑτὸν,
1747 1905 1822 1955 καὶ
1860 1903 1939 1954 αὐ-

362 1997 468 2051 τοῦς
498 1995 604 2050 τοῦς
637 1997 795 2062 ἁγίους
830 1994 1140 2061 ὀνομάζεσθαι
1165 1990 1416 2061 ποταμοὺς,
1441 1988 1520 2040 ἅτε
1548 1988 1604 2053 δὴ
1629 1986 1941 2055 συμμόρφους

143 2084 289 2169 ζξῡθῃ·
364 2079 615 2146 γεγονότας
639 2080 764 2148 αὐτῷ
790 2081 978 2142 νοητῶς.
1046 2074 1208 2141 ὥσπερ
1233 2073 1325 2140 γάρ
1350 2075 1453 2124 ἐστι
1482 2071 1536 2123 τὸ
1569 2075 1670 2141 φῶς
1695 2068 1779 2134 μὲν
1804 2067 1942 2123 αὐτὸς

145 2171 304 2203 mmuh.
322 2165 346 2205 (Ῑ
365 2161 418 2213 τὸ
463 2160 700 2227 ἀληθινὸν,
735 2162 826 2229 ἔφη
870 2158 924 2210 δέ
960 2181 1052 2210 που
1094 2162 1189 2211 τοῖς
1229 2156 1377 2222 ἁγίοις
1414 2153 1703 2207 ἀποστόλοις
1738 2153 1942 2215 “Ὕ“μεῖς

144 2227 173 2247 V.
198 2226 209 2247 Ι
239 2239 245 2246 .

216 2228 234 2255 4
367 2252 393 2274 ‘⁶
419 2246 527 2295 ε’στε
561 2243 614 2295 τὸ
651 2247 753 2312 φῶς
793 2247 876 2293 τοῦ
914 2239 1140 2304 κόσμου·”
1192 2240 1313 2290 οὕτω
1355 2239 1429 2288 καὶ
1468 2234 1679 2300 ποταμὸς
1721 2232 1942 2302 ὑπάρχων

365 2325 501 2381 αὐτὸς
526 2328 601 2377 καὶ
634 2326 790 2390 με’ντοι
821 2325 895 2375 καὶ
931 2325 1052 2389 ὕδωρ
1091 2322 1194 2389 ζῶν,
1220 2319 1452 2389 χαρίζεται
1486 2316 1540 2369 τὸ
1571 2321 1667 2372 τοῖς
1691 2316 1812 2370 ἰ’σοις
1838 2317 1936 2367 ἐπι·

365 2408 680 2472 σεμνύνεσθαι
724 2409 798 2458 καὶ
848 2411 942 2459 τοῖς
992 2405 1154 2471 ἁγίοις.
1233 2403 1261 2467 ἡ
1310 2402 1465 2453 τοίνυν
1513 2399 1573 2466 γῆ
1623 2403 1716 2450 τῶν
1767 2401 1944 2462 νοητῶν

418 2571 446 2593 1.
472 2557 592 2603 μέρους
609 2556 753 2590 accessit
769 2567 811 2589 ex
830 2554 923 2588 B.D.
1114 2564 1145 2587 2.
1170 2553 1213 2597 γῆ
1231 2563 1301 2586 orn.
1322 2550 1370 2585 D.
1557 2561 1591 2590 4.
1621 2549 1639 2581 ὁ
1655 2548 1764 2592 προφ.
1783 2545 1861 2590 ἡμῖν
1876 2544 1943 2579 hoc

367 2605 487 2639 ordine
508 2605 552 2639 D.
807 2611 839 2646 5.
865 2601 1048 2635 ἀποκαλεῖν
1064 2600 1123 2644 τὴν
1139 2599 1303 2633 Ἰουδαίαν
1321 2595 1438 2631 D.a.b.
1457 2594 1614 2640 [ἀπολεῖν
1632 2595 1680 2628 sic
1699 2592 1852 2639 (syllaba
1870 2604 1898 2626 s.
1917 2592 1942 2626 f.

367 2654 475 2687 lineae
492 2650 640 2695 omissa)
658 2648 710 2695 b.]
731 2649 789 2692 τὴν
804 2647 966 2683 Ἰουδαίαν
985 2649 1098 2681 καλεῖν
1116 2645 1208 2681 Edd.
1362 2643 1394 2677 6.
1422 2657 1460 2688 γε
1486 2641 1623 2686 ενῆσθαι
1642 2641 1687 2675 D.
1832 2648 1863 2684 7.
1889 2639 1943 2673 καὶ

367 2697 632 2740 οἶον-ἐπικλὺζ
651 2708 720 2730 om.
742 2697 787 2730 D.
806 2695 936 2729 habent
952 2694 1019 2729 a.b.
1156 2693 1189 2726 8.
1213 2690 1294 2736 που]
1314 2705 1384 2726 πως
1403 2689 1455 2724 Ed
1486 2715 1493 2723 .
1619 2699 1652 2733 9.
1677 2685 1718 2721 αὖ
1761 2697 1798 2720 ro
1816 2687 1881 2730 μὴν
1898 2685 1942 2720 Β.

371 2746 495 2779 Statim
513 2745 565 2779 καὶ
583 2749 803 2788 assumptum
820 2754 861 2776 ex
880 2742 926 2776 D.
1044 2752 1096 2774 11.
1122 2740 1228 2773 ἔδωκα
1245 2737 1350 2771 habet
1368 2737 1414 2770 D.
1536 2745 1589 2769 12.
1614 2735 1652 2767 τὸ
1670 2734 1727 2768 alt.
1766 2733 1824 2767 τὸν
1841 2744 1860 2766 e
1877 2744 1942 2766 suo

372 2793 492 2835 Migne
510 2793 607 2835 (cum
624 2802 699 2836 sqq.
718 2789 963 2835 conjungens).
1121 2798 1173 2827 14.
1199 2787 1217 2819 ὁ
1234 2785 1293 2819 alt.
1311 2786 1532 2827 assumptum
1550 2793 1591 2815 ex
1610 2781 1653 2815 Β.
1703 2780 1793 2823 ἡμῶν
1808 2779 1942 2823 Ἰησοῦς

370 2841 388 2871 ὁ
407 2844 467 2883 Χρ.
487 2838 613 2872 desunt
631 2838 665 2871 in
684 2837 730 2871 D.
779 2836 867 2881 τάχα
884 2850 950 2870 που
967 2839 1146 2878 assumpta
1162 2844 1203 2866 ex
1224 2831 1270 2866 D.
1447 2828 1499 2863 16.
1525 2828 1627 2862 αὐτοῦ
1646 2828 1692 2862 D.
1711 2828 1830 2861 ἑαυτοῦ
1848 2825 1942 2860 Edd.

373 2896 427 2918 21.
454 2885 529 2919 καθ’
549 2884 709 2927 ὁμοίωσιν
728 2884 773 2917 D.
1058 2891 1113 2925 23.
1139 2879 1246 2913 αὐτῶν
1263 2876 1350 2922 (Sic)
1370 2875 1461 2910 Edd.
1510 2875 1599 2922 αὐτῷ
1616 2889 1689 2921 γεγ.
1708 2874 1781 2908 inv.
1799 2872 1874 2907 ord.
1896 2872 1943 2906 D.

373 2943 427 2973 24.
452 2946 517 2964 που
534 2937 756 2975 assumptum
773 2941 813 2963 ex
832 2929 876 2963 D.
933 2927 1058 2973 ἁγίοις]
1082 2931 1118 2967 -4-
1139 2926 1241 2960 αὐτοῦ
1256 2923 1418 2969 μαθηταῖς
1436 2922 1488 2956 καὶ
1508 2922 1553 2955 D.
1713 2930 1767 2965 25.
1794 2917 1941 2964 κόσμου]

376 2983 411 3017 —†-
433 2977 551 3011 τούτου
571 2978 616 3010 D.

1957 1018 2003 1043 10

1960 1843 2008 1867 20
