2018 3391
281 174 365 213 220
666 175 715 214 Β.
759 172 1039 212 CYRILLI
1091 171 1472 212 ALEXANDR.
1739 166 1795 207 iii.
1815 166 1852 205 6.

60 288 131 321 611
152 288 201 322 A·
243 285 374 334 ἃτοῖς
415 281 489 332 διὰ
526 282 769 334 Μωυσέως
807 281 1107 343 θεσπίσμασι
1146 280 1199 332 τὸ
1244 284 1407 332 οἰκεῖον
1446 279 1609 344 ὥσπερ
1647 274 1848 344 ἀντεξά-

281 386 444 428 γοντες
486 364 680 427 θέλημα·
722 364 796 414 καὶ
836 363 978 428 ὀλίγα
1018 363 1102 426 μὲν
1143 365 1310 430 κομιδῇ
1351 367 1445 413 τῶν
1484 361 1617 412 θείων
1650 363 1856 426 πεφρον-

281 446 455 501 τικότες
496 447 664 511 νόμων,
705 448 1036 502 ἀποκλίνοντες
1071 446 1118 499 δὲ
1156 448 1274 513 πρὸς
1311 447 1365 498 τὸ
1401 448 1524 511 ἄγαν
1561 445 1743 514 ἐξήνιον
1781 444 1856 493 καὶ

57 529 185 614 113}in
281 529 497 593 λέγοντες
527 533 594 598 τῷ
631 531 790 600 Κυρίῳ
830 530 1096 581 ἐςἈπόστα
1134 531 1211 580 ἀπ’
1247 531 1372 592 ἐμοῦ,
1401 529 1534 582 ὁδούς
1571 550 1662 578 σου
1695 524 1854 576 εἰδέναι

282 618 308 639 “
335 612 387 661 οὐ
427 610 663 675 βούλομαι
686 613 728 674 ;”
786 610 882 662 εἶτα
925 616 1025 666 πῶς
1076 610 1135 662 ἂν
1175 611 1432 662 ἐνδοιάσειέ
1474 633 1542 664 τις
1583 609 1709 674 ε’ίπερ
1754 608 1897 659 ἐστὶ5

57 692 219 775 ῗῶὂῖπξξ
281 692 468 760 πτωχὸς
517 697 583 763 τῷ
633 695 858 758 πνεύματι
908 696 984 745 καὶ
1032 694 1246 747 ταπεινὸς
1296 698 1354 761 τῇ
1405 692 1583 761 καρδίᾳ,
1633 689 1750 742 κατὰ
1801 688 1855 740 τὸ

62 789 110 821 29·
144 771 147 775 ’
281 776 620 842 γεγραμμένον,
664 777 689 827 ὁ
734 776 908 846 εὐφαὴς
948 778 1023 827 καὶ
1061 776 1235 840 εὐήνιος
1279 778 1355 826 καὶ
1393 774 1520 827 πολὺ
1556 773 1752 834 βλέπων
1793 776 1855 825 εἷς

280 859 549 921 εὐπείθειαν,
585 858 638 910 ὃν
673 861 747 909 καὶ
786 860 1032 912 ἐποπτείας
1064 859 1222 927 ἀξιοῖ;
1271 861 1346 909 καὶ
1383 864 1499 924 γοῦν
1536 857 1626 924 ἔφη
1665 856 1721 906 δι’
1756 853 1855 908 ἑνὸς·

59 934 113 1008 ΞΒ·
130 934 208 965 lxvi.
234 943 260 983 b
280 945 374 991 τῶν
418 942 565 1006 ἁγίων
608 945 868 1009 προφητῶν
919 943 943 991 ὁ
988 945 1081 992 τῶν
1122 940 1249 991 ὅλων
1290 939 1410 994 Θεός
1451 947 1477 970 ‘⁶
1500 941 1593 990 Καὶ
1636 940 1710 989 ε’πῖ
1753 937 1856 987 τίνα

281 1030 308 1052 “
335 1026 600 1091 ἐπιβλεψω,
649 1025 759 1074 ἀλλ’
815 1022 843 1088 ἢ
894 1025 966 1075 ἐπὶ
1018 1022 1100 1074 τὸν
1148 1022 1364 1074 ταπεινὸν
1413 1024 1488 1073 καὶ
1535 1021 1734 1088 ἡσύχιον
1783 1020 1858 1070 καὶ
1882 1041 1928 1065 10

283 1113 308 1135 ‘⁶
334 1106 563 1172 τρέμοντα
600 1129 690 1168 μου
722 1104 829 1159 τοῦς
867 1103 1040 1170 λόγους
1063 1106 1106 1168 ;”
1148 1106 1314 1156 οὐκοῦν
1340 1103 1653 1167 κατεσπάσθη
1687 1101 1772 1164 μὲν
1797 1105 1859 1155 εἰς

282 1187 469 1255 φθορὰν
506 1187 559 1238 τὸ
605 1188 844 1256 ὑπέροφρυ
884 1188 1031 1253 γένος,
1071 1186 1369 1256 ἠφανίσθησαν
1412 1186 1460 1237 δὲ
1498 1188 1572 1236 καὶ
1617 1189 1663 1236 αἱ
1703 1186 1858 1250 γωνίαι

283 1270 436 1321 αὐτῶν.
505 1273 580 1321 καὶ
620 1276 785 1336 ’γωνίας
819 1267 948 1333 οἶμαί
981 1293 1072 1321 που
1107 1268 1165 1320 τὰ
1203 1270 1330 1337 τείχη
1369 1268 1596 1335 λέγεσθαι
1635 1268 1745 1330 νυνὶ,
1785 1268 1860 1317 καὶ

281 1352 364 1405 τὰς
390 1357 484 1403 τῶν
509 1353 694 1403 πόλεων
719 1353 992 1418 περιβολάς.
1061 1354 1246 1420 ὑψηλαὶ
1281 1351 1373 1418 γὰρ
1408 1352 1575 1404 ἀείπως
1602 1354 1648 1401 αἱ
1681 1351 1857 1417 γωνίαι,

281 1434 490 1500 πύργους
531 1435 723 1502 ε”χουσαι
766 1434 1181 1502 διαφανεστάτους.
1257 1434 1415 1497 ὅμοιον
1457 1433 1538 1483 οὖν
1582 1432 1672 1498 ἄρα
1715 1431 1860 1499 τυχὸν
1884 1456 1928 1494 15

283 1520 344 1570 ὡς
369 1521 406 1567 εἰ
431 1518 506 1567 καὶ
534 1518 661 1583 λε’γοι
692 1516 838 1568 πάλιν
856 1516 1064 1582 ’Έρημοι
1090 1521 1254 1584 τειχῶν
1280 1520 1327 1567 αἱ
1352 1517 1458 1581 παρ’
1487 1516 1641 1568 αὐτοῖς
1673 1514 1861 1565 ἔσονται

282 1598 459 1653 πόλεις.
526 1599 813 1663 ἐπηπείλησε
847 1598 894 1649 δὲ
924 1598 1041 1665 πρὸς
1067 1599 1247 1652 τούτοις
1273 1600 1347 1649 καὶ
1375 1599 1608 1666 ἐξερημοῦν
1633 1596 1717 1651 τας
1744 1593 1860 1652 ὁὸοἶνς

244 1706 265 1732 c
284 1684 426 1744 αὐτοῦ,
451 1684 596 1744 δῆλον
622 1680 671 1732 δὲ
698 1681 767 1732 ὅτι
793 1687 875 1731 τοῦ
901 1681 1116 1747 Ἰσραὴλ,
1145 1683 1215 1732 τοῦ
1247 1679 1306 1748 μῆ
1335 1677 1524 1731 διοδεύειν
1552 1679 1597 1730 τὶ
1624 1678 1857 1748 παράπαν.

283 1765 363 1814 καί
381 1787 460 1827 μοι
488 1766 614 1814 δοκεῖ
633 1764 900 1825 βούλεσθαί
925 1787 968 1814 τι
1001 1769 1208 1814 τοιοῦτον
1236 1766 1518 1826 ὑποδηλοῦν·
1559 1763 1584 1812 ὁ
1612 1760 1687 1812 διὰ
1715 1765 1861 1812 Μωυ-

63 1857 188 1932 ⁴{Rufi-6
282 1845 401 1899 σε’ως
427 1845 721 1913 προστέταχε
753 1845 893 1909 νόμος
922 1849 959 1896 εἱ
991 1850 1173 1896 τελοΐτο
1200 1844 1317 1896 κατὰ
1349 1844 1533 1910 καιροὺς
1564 1844 1592 1908 ἡ
1617 1842 1751 1910 ἑορτὴ
1778 1846 1861 1906 τῆς
1882 1869 1929 1894 20

281 1930 619 1994 σκηνοπηγίας,
661 1930 711 1978 ἐκ
760 1927 919 1992 πάσης
971 1931 1053 1991 τῆς
1096 1927 1333 1978 Ἰουδαίων
1374 1928 1529 1994 χώρας
1570 1928 1756 1976 ἀναθεῖν
1799 1930 1860 1978 εἰς

282 2009 607 2074 Ἱεροσόλυμα,
640 2013 714 2061 καὶ
748 2015 961 2076 πληροῦν
993 2011 1139 2060 ἐκεῖσε
1174 2009 1232 2061 τὰ
1272 2009 1594 2072 νενομισμένα.
1662 2008 1737 2058 ὅτε
1767 2007 1861 2058 τοί-

285 2115 365 2143 νυν
393 2094 773 2156 κατεσείσθησαν
798 2099 845 2143 αἱ
874 2095 1042 2154 πόλεις,
1070 2092 1384 2143 ἀπολώλασιν
1414 2095 1455 2142 οἱ
1489 2093 1535 2141 ἐν
1563 2092 1732 2152 αὐταῖς,
1757 2088 1860 2141 τότε

285 2177 358 2225 καὶ
400 2174 662 2243 ἠρημῶσθαί
696 2179 851 2242 φαμεν
896 2175 979 2228 τὰς
1021 2171 1152 2236 ὁδους,
1192 2177 1253 2227 ὡς
1295 2172 1477 2226 οὐδενὸς
1514 2172 1578 2223 ε”τι
1617 2173 1671 2223 δι’
1708 2173 1861 2223 αὐτῶν

287 2257 548 2323 ἐρχομένου,
576 2259 651 2307 καὶ
685 2256 801 2323 πρός
835 2280 888 2322 γε
923 2256 975 2307 τὸ
1014 2259 1179 2323 χρῆναι
1213 2261 1426 2322 πληροῦν
1459 2254 1544 2319 τὴν
1576 2255 1862 2320 τεταγμένην
1882 2273 1929 2310 25

244 2345 271 2385 d
288 2340 439 2391 αὐτοῖς
478 2338 654 2405 ἑορτὴν,
689 2338 810 2390 καθὰ
847 2343 920 2390 καὶ
957 2339 1134 2405 πρώην,
1170 2337 1450 2391 διοῖττοντος.
1518 2337 1731 2388 πέπτωκε
1769 2336 1862 2403 γὰρ

287 2425 349 2474 εἷς
388 2427 526 2472 τοῦτο
564 2421 882 2486 ταλαιπωρίας
921 2420 980 2471 τὰ
1019 2425 1113 2471 τῶν
1157 2421 1392 2470 Ἰουδαίων
1429 2417 1660 2484 τάγματα,
1697 2420 1759 2472 ὡς
1795 2417 1860 2481 μὴ

286 2501 398 2553 εἶναι
422 2504 528 2557 τοὺς
554 2502 865 2570 ἑορτάζοντας,
883 2503 998 2568 μήτε
1025 2502 1119 2567 μὴν
1144 2504 1192 2553 ἐν
1211 2502 1467 2554 εὐπαθείαις
1493 2499 1604 2551 εἶναι
1632 2501 1861 2551 δύνασθαι

334 2673 367 2703 5.
392 2659 433 2693 ἂν
450 2666 670 2705 assumptum
688 2672 728 2694 ex
749 2661 794 2693 D.
814 2659 909 2694 deest
926 2660 961 2693 in
981 2660 1022 2693 B.
1200 2668 1231 2704 7.
1257 2656 1400 2703 εὐφαὴς]
1421 2657 1546 2703 εὐφυὴς
1563 2656 1708 2701 conjecit
1726 2656 1861 2701 Migne.

289 2718 321 2750 9.
349 2707 401 2739 καὶ
419 2719 488 2740 om.
509 2707 550 2741 B.
778 2718 830 2740 ΙΙ.
856 2722 921 2751 μου
938 2707 1015 2741 τοὺς
1031 2708 1155 2752 λόγους
1172 2705 1238 2739 hoc
1255 2705 1376 2739 ordine
1395 2704 1436 2738 Β.
1678 2714 1729 2747 13.
1755 2704 1863 2738 αὐτῶν

289 2764 360 2786 om.
380 2753 420 2786 B.
440 2753 543 2787 habet
561 2753 596 2789 b.
645 2754 714 2789 νυνὶ
734 2754 775 2787 B.
795 2756 852 2788 νῦν
868 2754 903 2788 b.
923 2753 1014 2787 Edd.
1468 2749 1521 2784 16.
1547 2751 1591 2785 ὡς
1607 2750 1750 2784 accessit
1767 2762 1808 2784 ex
1825 2751 1860 2784 b.

294 2808 346 2842 17.
373 2798 536 2843 ἠπείλησε
553 2800 588 2835 b.
967 2801 1019 2833 18.
1045 2800 1153 2833 αὐτῶν
1169 2811 1187 2833 e
1205 2810 1268 2832 suo
1287 2797 1420 2842 Migne.
1470 2797 1573 2840 δῆλον
1590 2797 1625 2830 δὲ
1643 2796 1694 2830 ὅτι
1712 2796 1746 2830 b.
1767 2797 1859 2831 Edd.

291 2846 446 2879 τουτέστι
466 2847 507 2880 Β.
714 2858 768 2881 21.
795 2847 927 2882 ἀναθεῖν
946 2847 987 2880 Β.
1006 2846 1167 2889 ἀναβῆναι
1186 2845 1276 2879 Edd.
1498 2854 1552 2887 23.
1578 2843 1798 2877 ἀπολώλασιν
1817 2843 1860 2878 Β.

292 2892 344 2923 καὶ
361 2892 599 2928 ἀπολωλέκασι
619 2893 709 2927 Edd.
854 2905 908 2938 27.
927 2897 993 2927 τῶν
1007 2905 1075 2926 om.
1092 2893 1138 2927 D.
1291 2890 1344 2924 28.
1364 2888 1595 2934 ἑορτάζοντας]
1619 2890 1696 2923 Hoc
1714 2890 1859 2924 verbum

291 2937 392 2970 nobis
411 2938 502 2972 dedit
522 2941 568 2974 D.
588 2941 680 2985 quod
699 2941 844 2984 conjecit
861 2951 999 2985 quoque
1017 2939 1149 2984 Migne.
1169 2938 1365 2983 ἐργάζοντας
1387 2936 1475 2971 Edd.
1495 2937 1670 2971 Neutrum
1688 2936 1790 2971 habet
1806 2936 1860 2977 B..

292 2983 402 3027 spatio
420 2986 547 3020 relictO.
599 2988 722 3021 Statim
740 2986 821 3030 μήτε
839 2985 1264 3031 μὴν-περιλελειμμένους
1281 2995 1349 3018 om.
1371 2983 1415 3017 D.
