2018 3387
168 189 249 228 xiv.
277 201 372 242 3-5.
534 190 605 230 IN
648 190 1070 231 ZACHARIAM.
1130 188 1386 230 T0M.vl.
1671 187 1751 224 515

243 298 537 363 Μεμνήμεθα
568 298 636 362 δὲ,
667 299 736 350 ὅτι
770 302 845 350 καὶ
881 302 928 350 ἐν
954 303 1253 364 παραβολαῖς
1288 298 1611 362 εὐαγγελικαῖς
1649 316 1745 344 τοι·

167 381 303 430 οῦτόν
334 403 379 430 τι
418 381 584 449 φησίν.
647 382 671 431 ὁ
709 379 796 444 μὲν
827 380 921 446 γὰρ
959 379 1190 441 βασιλεὺς
1230 381 1254 430 ὁ
1293 378 1399 432 τοὺς
1437 375 1616 442 γάμους
1655 377 1751 425 ε’πι-

166 466 317 511 τελῶν
344 465 409 530 τῷ
437 466 517 531 υἱῲ
545 463 700 525 αὐτοῦ,
728 462 949 530 πέπομφε
983 461 1090 515 τοὺς
1125 462 1301 514 οἰκέτας
1328 462 1620 524 συναγείρειν
1645 456 1752 510 τοὺς

168 543 493 606 κεκλημένους.
549 547 590 594 οἱ
626 544 673 594 δὲ
710 543 816 597 τοῦς
853 550 1114 597 καλοῦντας
1149 546 1222 594 ἐπὶ
1255 541 1518 607 πανήγυριν
1552 540 1753 592 ἀνοσίως

126 625 556 690 5περιυβρίσαντες
595 627 670 675 καὶ
709 625 1027 686 ἀπεκτονότες,
1066 629 1331 675 τελευταῖον
1369 624 1438 674 ἐπ’
1472 624 1626 675 αὐτοῖς
1666 623 1754 670 διε-

168 706 435 772 χειρίσαντο
460 705 542 757 τὸν
568 706 681 757 υἱόν.
736 704 833 757 εἶτα
868 706 916 757 τί
946 713 1068 774 φησι
1105 709 1187 770 τῆς
1217 708 1499 772 παραβολῆς
1526 706 1550 754 ὁ
1577 703 1752 768 λόγος;

170 794 196 816 “
221 788 283 838 ‘O
327 787 374 838 δὲ
415 788 645 850 βασιλεῦς
690 789 920 854 ὠργίσθη,
961 791 1036 838 καὶ
1080 789 1276 856 πέμψας
1322 787 1381 838 τὰ
1424 787 1755 852 στρατεύματα

169 875 197 898 “
220 869 362 919 αὐτοῦ
397 869 618 920 ἀπώλεσε
653 869 761 923 τοὺς
797 875 953 936 φονεῖς
987 870 1195 931 ἐκείνους,
1222 871 1297 919 καὶ
1323 869 1408 932 τὴν
1434 869 1575 919 πόλιν
1602 868 1755 917 αὐτῶν
1773 868 1798 908 b

169 957 195 979 ‘⁶
223 951 516 1017 ε’νε’πρησεν.”
558 951 692 1002 ἕσται
718 951 774 1015 δὴ
802 952 883 1002 οῦν
903 953 950 1002 ἐν
976 951 1067 1021 'logo
1095 952 1217 1020 φησὶ
1244 956 1339 1004 τοῖς
1366 953 1413 1001 ἐν
1440 950 1577 1020 ἡμέρα
1604 972 1756 1017 παρα-

104 1055 150 1080 10
170 1033 337 1101 τάξεως
379 1033 792 1097 ἀντανισταμένοις
838 1038 1074 1099 γεννικῶς,
1117 1035 1192 1083 καὶ
1235 1036 1509 1083 δαπανῶσιν
1548 1030 1755 1098 ἐχθρούς.

170 1112 404 1183 ἀπόδειξις
443 1114 490 1165 δὲ
527 1120 666 1165 τοῦτο
701 1118 783 1178 τῆς
816 1119 878 1169 εἰς
916 1115 1057 1183 λῆξιν
1083 1117 1227 1180 ὀργῆς
1263 1117 1338 1165 καὶ
1371 1112 1636 1178 κινημάτων
1663 1116 1757 1162 τῶν

171 1195 407 1259 ἀνωτάτω,
435 1199 509 1246 καὶ
549 1199 760 1260 ἱσοπαλῆ
799 1195 884 1260 τὴν
921 1197 1052 1260 δίκην
1085 1195 1343 1261 ἐπάγοντος
1380 1200 1475 1248 τοῖς
1515 1199 1576 1248 εἷς
1615 1193 1758 1244 αὐτὸν

170 1277 580 1348 πεπαρῳνηκόσιν.
646 1276 933 1330 ἀπεκτόνασι
977 1278 1083 1344 γὰρ,
1134 1280 1195 1331 ὡς
1241 1278 1374 1346 ἔφην,
1419 1276 1501 1327 τὸν
1547 1275 1758 1344 ἀρχηγὸν

173 1362 255 1423 τῆς
280 1360 412 1426 ζωῆς.
468 1359 623 1425 ἐπειδὴ
650 1360 697 1411 δὲ
723 1359 783 1411 τὰ
807 1360 927 1426 πέρα
953 1358 1101 1425 λόγου
1126 1362 1201 1410 καὶ
1229 1359 1467 1422 θαύματος
1500 1358 1670 1424 πρέποι
1701 1357 1758 1409 ἂν

107 1455 153 1493 15
173 1442 290 1510 αὐτῇ
325 1444 399 1492 καὶ
437 1441 557 1510 μόνῃ
597 1442 828 1493 δύνασθαι
866 1445 1126 1508 κατορθοῦν
1157 1445 1216 1509 τῇ
1255 1445 1348 1492 τῶν
1380 1440 1506 1492 ὅλων
1540 1441 1760 1500 βασιλίδι

174 1522 332 1591 φύσει,
352 1523 575 1592 ταύτῃτοί
597 1529 748 1593 φησιν
776 1526 838 1578 ὡς
863 1524 1094 1584 στήσονται
1120 1522 1205 1586 μὲν
1229 1529 1263 1574 οἱ
1289 1519 1423 1578 πάθες
1450 1524 1593 1585 αὐτοῦ,
1614 1525 1761 1586 δῆλον

174 1604 224 1655 δὲ
251 1604 320 1655 ὅτι
345 1609 580 1672 Χριστοῦ,
611 1607 648 1657 ἐν
674 1610 724 1677 τῇ
751 1605 892 1676 ἡμέρᾳ
920 1606 1048 1678 ἐκείνῃ
1075 1606 1148 1656 ἐπὶ
1177 1606 1222 1656 τὶ
1259 1605 1348 1675 ἔρος
1379 1604 1459 1656 τῶν
1486 1603 1659 1655 ἐλαιῶν·
1705 1603 1760 1655 τὸ
1779 1621 1800 1647 0

175 1686 223 1737 δὲ
262 1687 417 1755 ῥήξεις
460 1689 680 1751 ὑπομενεῖ
717 1687 977 1754 τέσσαρας,
1021 1687 1104 1738 δύο
1144 1685 1242 1751 μὲν,
1280 1689 1341 1739 εἷς
1385 1686 1444 1737 ἕω
1486 1708 1536 1736 τε
1580 1686 1657 1736 καὶ
1700 1688 1763 1740 εἶς

175 1768 396 1834 ἑσπέραν,
438 1768 586 1834 ἤγουν
623 1773 684 1823 εἷς
722 1767 976 1820 Θάλασσαν·
1024 1770 1145 1819 οὕτω
1183 1767 1277 1834 γὰρ
1318 1767 1400 1818 τὸν
1440 1770 1521 1831 τῆς
1560 1766 1763 1832 ἑσπέρας

108 1870 157 1895 20
175 1848 321 1901 τόπον
365 1852 620 1901 ἀποκαλεῖν
666 1849 770 1903 ε”θος
820 1854 879 1917 τῇ
924 1849 1224 1919 θεοπνεύστῳ
1268 1853 1448 1917 γραφῇ·
1510 1848 1570 1900 τὰ
1614 1847 1763 1913 γεμὴν

175 1931 309 1998 ἕτερα
347 1931 429 1982 δύο
467 1931 781 1983 κατανεύοντά
817 1955 931 1994 πως,
964 1931 1018 1983 τὸ
1055 1930 1142 1995 μὲν
1177 1935 1239 1985 εἷς
1277 1931 1449 1997 ἄρκτον
1480 1932 1555 1982 καὶ
1593 1932 1760 2002 βορῥᾶν,

176 2012 230 2064 τὸ
269 2012 318 2064 δὲ
352 2018 414 2067 εἷς
452 2014 599 2076 κλίμα
637 2012 691 2064 τὸ
732 2013 881 2064 νότιον.
941 2012 1389 2080 καταῤῥαγήσεσθαι
1428 2011 1476 2063 δὲ
1512 2015 1586 2063 καὶ
1621 2011 1763 2065 αὐτὰς

177 2094 268 2164 ε”φη
315 2094 400 2148 τὰς
444 2094 668 2164 κορυφὰς,
711 2097 772 2148 ὡς
816 2094 900 2149 τὰς
948 2094 1126 2164 μεταξὺ
1176 2099 1432 2162 πληρῶσαι
1483 2092 1758 2163 φάραγγας,

177 2176 415 2241 ἀδοκήτως
445 2176 876 2240 κατασεσεισμένας
912 2176 990 2232 ἕως
1015 2178 1210 2238 ’Ao-affl·
1261 2176 1392 2240 κώμη
1420 2173 1467 2226 δὲ
1498 2177 1614 2239 αὕτη
1645 2174 1764 2241 πρὸς

111 2274 158 2311 25
177 2259 430 2325 ἐσχατιαῖς,
457 2260 519 2313 ὡς
543 2258 701 2324 λόγος,
729 2260 800 2310 τοῦ
831 2260 942 2328 ὅρους
968 2257 1166 2323 κειμένη.

254 2339 525 2404 Παρεικάζει
559 2339 708 2405 γεμὴν
739 2338 822 2391 τὸν
854 2338 941 2391 ὧδε
977 2342 1195 2406 διαβριθῆ
1232 2337 1434 2402 σεισμὸν
1465 2342 1531 2407 τῷ
1564 2361 1759 2404 γεγενη-
1782 2345 1809 2385 (1

179 2420 303 2489 μένῳ
329 2419 449 2471 κατὰ
474 2420 658 2487 καιροὺς
684 2422 758 2472 ἐπὶ
784 2421 965 2487 Ὀζίου,
990 2427 1072 2472 τοῦ
1099 2423 1175 2472 καὶ
1197 2419 1432 2487 Ἀζαριόυ.
1483 2419 1639 2483 ἐπειδὴ
1670 2419 1764 2485 γὰρ

180 2502 286 2556 τοὺς
313 2505 395 2566 τῆς
421 2503 670 2563 βασιλείας
699 2503 868 2554 διέπων
895 2503 1071 2556 θώκους
1103 2504 1151 2553 ἐν
1174 2507 1270 2556 τοῖς
1293 2500 1657 2568 Ἱεροσολύμοις,
1685 2500 1765 2551 ἅτε

181 2583 238 2648 δὴ
272 2586 348 2635 καὶ
381 2583 606 2652 ὑπάρχων
632 2586 680 2634 ἐκ
712 2587 794 2648 τῆς
819 2583 974 2635 Ἰούδα
1005 2587 1175 2652 φυλῆς,
1199 2583 1455 2648 τετόλμηκε
1481 2581 1763 2648 παρανόμως

231 2766 262 2789 2.
289 2756 307 2788 ὁ
325 2755 382 2789 alt.
402 2760 625 2799 assumptum
643 2766 684 2788 ex
703 2754 744 2788 C.
976 2767 1008 2796 4.
1037 2753 1134 2787 Haec
1152 2754 1206 2787 ἐπὶ
1223 2752 1407 2797 πανήγυριν
1424 2758 1645 2786 accesserunt
1662 2763 1703 2785 ex
1723 2752 1763 2786 C.

183 2810 217 2846 5.
243 2802 488 2846 διεχειρίσαντο
508 2802 549 2836 C.
568 2800 791 2846 διεχρήσαντο
810 2799 902 2834 Edd.
1055 2799 1087 2833 6.
1115 2814 1165 2835 τις
1182 2800 1262 2843 (sic)
1282 2798 1323 2833 C.
1481 2809 1534 2832 10.
1561 2797 1704 2842 ἐχθρούς
1724 2798 1764 2833 C.

183 2847 318 2891 ἐχθροῖς
335 2848 393 2882 iid.
633 2859 685 2881 11.
711 2848 896 2891 κινημάτων
916 2845 1002 2880 B.C.
1023 2860 1132 2890 νικημ.
1153 2846 1245 2880 Edd.
1486 2856 1538 2879 12.
1564 2843 1657 2888 δίκην
1676 2845 1763 2879 B.C.

183 2894 274 2937 νίκην
290 2893 350 2928 iid.
529 2895 582 2928 16.
609 2893 716 2939 φύσει
735 2893 776 2928 C.
795 2892 904 2937 φύσιν
920 2892 980 2926 iid-
1158 2893 1211 2926 18.
1238 2892 1395 2936 ὑπομενεῖ
1412 2891 1458 2926 D.
1477 2891 1537 2925 iid·
1555 2891 1709 2935 ὑπομένει
1728 2891 1764 2926 b.

183 2940 359 2982 ὑπομένειν
375 2939 416 2974 C.
481 2941 527 2977 εἷς
544 2939 659 2985 prius]
685 2945 720 2980 —†-
742 2940 801 2983 τὴν
820 2939 853 2974 b.
919 2938 961 2972 ἕω
980 2938 1056 2973 C.b.
1076 2937 1122 2982 ἠῶ
1142 2938 1233 2973 Edd.
1478 2949 1533 2981 24.
1559 2937 1621 2973 ἕως
1642 2937 1764 2973 B.C.b.

184 2986 217 3022 ἐς
235 2985 326 3021 Edd.
518 2988 572 3021 28.
599 2985 741 3031 θώκους]
761 2987 900 3029 θρόνους
919 2986 961 3020 C.

888 3052 1010 3094 31'2

1817 781 1977 811 SMattln.

1817 836 1894 855 xxu.
1916 832 1943 864 7.

1820 1290 1909 1319 Acta
1925 1289 1981 1319 SS.

1820 1334 1910 1373 App.
1929 1333 1972 1363 iii.

1825 1385 1836 1406 1
1847 1386 1873 1407 ἕ.
