1997 3361
112 174 222 227 iii.5.
551 181 622 221 IN
665 184 938 225 ABACUC.
1000 188 1148 228 ΤΟΜ.
1187 189 1244 229 ΙΙ.
1603 195 1682 235 133

108 283 192 344 μὲν
232 284 291 335 τὰ
333 288 514 340 ἐκείνων
564 291 735 359 οἴχεται
786 297 859 345 καὶ
898 296 1243 365 κατηφάνισται
1283 305 1540 363 παντελῶς,
1583 304 1675 353 ἐδί-

108 366 247 434 δαξεν
273 369 414 419 εἰπών
442 378 468 400 “
492 374 680 439 Κερατα
718 376 766 426 ἐν
797 380 962 444 χερσὶν
992 381 1175 439 αὐτοῦ,”
1202 381 1261 431 τὰ
1286 384 1677 451 καταστρέφοντα
1696 412 1717 436 ο

106 449 323 510 δηλονότι
349 451 408 502 τὰ
433 454 614 506 ἐκείνων
640 456 800 523 κράτη,
827 462 901 510 καὶ
927 460 1023 512 οἷον
1048 462 1363 529 ἐκκεραίζοντα
1393 464 1478 527 τὴν
1504 469 1671 532 ὑπερο-

104 530 237 596 ψίαν.
299 532 369 583 ὅτι
419 535 467 586 δὲ
517 536 711 599 ἔμελλεν
759 542 1013 608 ἀνασώζειν
1063 545 1196 608 ἡμᾶς,
1245 550 1675 612 προσαποδείκνυσι

62 622 83 660 5
103 611 257 676 λέγων
282 612 433 667 ’Έθετο
465 619 698 684 ὀιγοίπησιν
745 624 957 693 κραταιέιν
994 626 1146 689 ἰσχύος
1178 631 1323 679 αὐτοῦ.
1384 632 1675 694 σεσῴσμεθα

101 692 193 759 γὰρ
233 701 259 724 “
278 698 361 761 οὐκ
397 699 454 767 ἐξ
488 700 636 767 ἔργων
666 706 979 771 δικαιοσύνης,
1009 705 1039 757 ἃ
1068 709 1384 774 ἐποιήσαμεν”
1411 715 1553 775 αὐτοὶ,
1590 716 1672 765 οὐκ
1732 730 1890 771 Τίῖ-ὶίἰ-ς.

1732 796 1889 830 Heb.vii.

100 775 157 843 ἐξ
177 778 459 845 αὐχημάτων
486 789 698 847 νομικῶν·
733 789 993 840 τετελείωκε
1019 789 1112 855 γὰρ
1138 793 1163 841 ὁ
1189 792 1327 856 νόμος
1347 794 1522 845 οὐδένα·
1559 798 1668 847 ἀλλ’
1736 850 1782 882 ¹9·

98 857 155 925 εξ
191 860 473 927 ἡμερότητος
515 872 597 916 τοῦ
636 871 760 919 Θεοῦ
801 873 876 920 καὶ
921 871 1127 938 Πατρὸς,
1166 874 1394 942 κραταιὰν,
1429 877 1670 929 τουτέστιν

98 941 299 1008 ἰσχυρὰν
335 947 410 995 καὶ
446 946 675 1013 μεγάλην,
710 949 840 1006 θέντος
878 951 964 1016 τὴν
1003 953 1116 1020 ὑπὲρ
1155 956 1286 1019 ἡμῶν
1323 958 1558 1024 ἀγάπησιν
1587 967 1668 1012 τοῦ

33 1038 79 1064 10
96 1024 227 1074 Υἱοῦ.
272 1031 300 1053 “
320 1027 460 1078 Οὕτω
486 1028 580 1095 γὰρ
604 1031 852 1096 ἠγάπησεν
877 1035 902 1084 ὁ
929 1034 1051 1088 Θεὸς
1077 1039 1154 1086 καὶ
1175 1038 1343 1106 Πατὴρ
1368 1040 1449 1091 τὸν
1471 1042 1665 1107 κόσμον,
1728 1064 1759 1115 §3
1775 1066 1875 1100 Joan.

96 1110 123 1132 ‘⁶
148 1104 272 1157 ὥστε
315 1107 397 1159 τὸν
432 1110 549 1161 Υἱὸν
587 1114 729 1164 αὐτοῦ
770 1113 853 1165 τὸν
897 1121 1127 1183 μονογενῆ
1162 1120 1369 1184 δέδωκεν,
1408 1123 1483 1174 ἵνα
1517 1131 1609 1180 πᾶς
1641 1129 1665 1177 ὁ
1727 1110 1836 1141 ¹¹¹'I6'

95 1192 122 1215 ‘⁶
145 1189 379 1240 πιστεύων
404 1195 466 1246 εἷς
492 1193 633 1245 αὐτὸν
657 1194 722 1259 μὴ
754 1196 1008 1262 ἀπόληται,
1032 1202 1141 1251 ἀλλ’
1169 1201 1252 1270 ε”χῃ
1287 1203 1405 1269 ζωὴν
1432 1206 1661 1259 αἱώνιον.”
1682 1217 1709 1258 d

92 1269 381 1334 σεσώσμεθα
418 1274 474 1338 δὴ
515 1276 596 1327 οῦν
636 1278 693 1346 ἐξ
723 1277 911 1345 ἀγάπης
949 1288 1031 1332 τοῦ
1072 1287 1196 1335 Θεοῦ
1234 1288 1308 1335 καὶ
1348 1287 1551 1355 Πατρός,
1589 1295 1664 1342 καὶ

90 1350 184 1415 μὴν
209 1355 284 1403 καὶ
310 1356 450 1407 αὐτοῦ
475 1364 557 1408 τοῦ
581 1363 698 1411 Υἱοῦ
722 1361 804 1412 τὸν
830 1362 944 1429 ὑπὲρ
970 1364 1101 1427 ἡμῶν
1124 1366 1415 1423 ἀνατλάντος
1441 1375 1659 1424 θάνατον·

26 1445 73 1484 15
91 1435 128 1483 εἱ
154 1436 228 1485 καὶ
253 1436 421 1498 ἀνεβίω
448 1439 612 1504 πάλιν,
643 1444 947 1510 καταργήσας
971 1446 1056 1509 μὲν
1081 1447 1134 1499 τὸ
1160 1452 1242 1513 τῆς
1268 1454 1450 1519 φθορᾶς
1480 1454 1661 1520 κράτος,

89 1515 370 1582 ἀποστήσας
411 1520 459 1572 δὲ
499 1523 631 1586 ἡμῶν
670 1523 755 1589 τὴν
797 1528 1039 1594 ἁμαρτίαν.
1096 1530 1334 1599 τοιγάρτοι
1368 1536 1443 1585 καὶ
1481 1536 1661 1603 ἔφασκε

88 1604 116 1627 “
142 1599 347 1666 Μείζονα
386 1603 555 1669 ταύτης
596 1606 784 1673 ἀγάπην
821 1610 964 1664 οὐδεὶς
1001 1610 1107 1679 ἔχει,
1144 1613 1220 1664 ἵνα
1263 1638 1331 1669 τις
1373 1616 1458 1681 τὴν
1497 1620 1660 1687 ψυχὴν
1722 1640 1839 1673 mxv.

89 1686 116 1710 ‘⁶
139 1681 279 1734 αὐτοῦ
303 1688 363 1751 θῇ
390 1685 503 1752 ὑπὲρ
528 1691 622 1738 τῶν
648 1690 804 1757 φίλων
829 1693 1008 1745 αὐτοῦ.”
1051 1695 1245 1762 κραταιέι
1269 1706 1517 1765 τοιγαροῦν
1543 1703 1660 1766 ἀλη-
1725 1693 1772 1724 ¹3-

88 1766 181 1816 θῶς
225 1765 253 1828 ἡ
291 1766 528 1832 οἰγοίπησις
565 1773 647 1834 τῆς
686 1773 839 1835 ἰσχύος
875 1780 958 1825 τοῦ
997 1779 1121 1827 Θεοῦ
1154 1780 1229 1829 καὶ
1270 1779 1476 1847 Πατρὸς,
1511 1782 1566 1833 δι’
1605 1784 1659 1849 ἧς

20 1867 69 1892 20
88 1845 162 1894 καὶ
188 1847 390 1900 θανάτου
421 1853 495 1901 καὶ
533 1852 760 1920 ἁμαρτίας
791 1858 866 1907 καὶ
892 1860 974 1921 τῆς
1007 1864 1091 1909 τοῦ
1125 1861 1353 1922 διαβόλου
1383 1866 1657 1935 πλεονεξίας
1675 1889 1696 1915 e

86 1926 361 2013 ἐξῃρήμεθα.

396 2126 484 2182 Πρὸ
510 2130 742 2185 προσώπου
769 2133 898 2175 αὐτοῦ
926 2137 1178 2192 Πορεύσεται
1204 2140 1341 2187 λόΓοε.
1673 2155 1696 2193 5

160 2239 505 2302 Προβαδιεῖται,
531 2245 694 2310 φησὶν,
721 2247 861 2297 αὐτοῦ
885 2248 1212 2316 προάγγελσις
1237 2256 1312 2304 καὶ
1344 2256 1650 2321 προαναπτή-

84 2339 218 2368 σεται
237 2323 422 2384 θρῦλος,
440 2324 514 2373 καὶ
540 2325 690 2379 πολῦς
710 2327 844 2378 ἔσται
870 2331 1013 2396 λόγος
1032 2336 1135 2397 περὶ
1162 2336 1316 2386 αὐτοῦ.
1361 2336 1458 2399 ἅμα
1484 2361 1532 2388 τε
1559 2340 1653 2405 γὰρ

17 2418 67 2457 25
84 2400 133 2451 ἐκ
151 2403 233 2464 τῆς
257 2403 393 2468 ἁγίας
417 2406 648 2472 παρθένου
674 2410 941 2475 γεγέννηται
956 2415 1181 2480 Χριστὸς,
1199 2420 1272 2468 καὶ
1299 2418 1411 2483 ἧκον
1438 2420 1570 2474 εὐθὺς
1595 2423 1653 2491 ἐξ

133 2568 162 2592 1.
187 2558 263 2605 μὲν]
287 2564 324 2601 -Ι-
346 2561 385 2605 δὴ
404 2562 497 2597 Edd.
514 2564 630 2599 invitis
650 2566 695 2601 D.
708 2567 742 2601 b.
1002 2582 1033 2605 2.
1060 2572 1177 2619 εἰπὼν]
1200 2579 1237 2615 -Ι-
1253 2574 1305 2610 ὅτι
1323 2576 1369 2610 D.
1418 2578 1458 2611 τὰ
1476 2590 1546 2612 om.
1565 2579 1651 2616 D.b.

81 2616 115 2646 4.
138 2604 321 2649 ἀνασώζειν
345 2608 430 2644 D.b.
455 2610 646 2647 ἀνασώσειν
664 2614 705 2648 Β.
725 2614 815 2649 Edd.
879 2619 1188 2661 προσαποδείκνυσι
1207 2621 1290 2656 D.b.
1309 2625 1475 2666 προαποδ.
1496 2625 1537 2659 Β.
1560 2626 1648 2661 Edd.

81 2650 115 2685 6.
139 2652 205 2696 γὰρ
226 2662 447 2699 assumptum
469 2669 510 2691 ex
535 2658 709 2695 B.D.a.b.
757 2660 777 2694 ἃ
804 2661 870 2697 a.b.
892 2663 982 2697 Edd.
1002 2665 1046 2698 ὧν
1065 2666 1158 2700 B.D.
1207 2669 1302 2703 αὐτοὶ
1326 2670 1371 2704 D.
1394 2669 1486 2713 ἡμεῖς
1506 2683 1536 2705 a.
1556 2672 1648 2708 Edd.

83 2705 115 2740 7.
141 2704 283 2742 νομικῶν
300 2709 524 2747 assumptum
543 2716 584 2739 ex
604 2706 683 2741 D.a.
749 2708 866 2743 οὐδένα
886 2709 1010 2744 B.D.a.
1029 2712 1126 2747 οὐδὲν
1144 2713 1235 2748 Edd.
1529 2730 1562 2762 9.
1588 2723 1650 2754 τοῦ

80 2745 159 2778 Υἷοῦ
178 2746 245 2780 a.b.
264 2747 356 2782 Edd.
373 2748 500 2784 desunt
516 2751 553 2785 in
570 2752 664 2787 B.D.
892 2767 945 2791 10.
974 2757 1070 2792 Haec
1087 2760 1104 2792 ὁ
1123 2761 1207 2795 Θεὸς
1224 2761 1276 2794 καὶ
1294 2762 1410 2806 Πατὴρ
1428 2773 1649 2801 accesserunt

80 2801 121 2823 ex
137 2791 183 2831 D,
200 2799 279 2836 post
295 2796 423 2839 κόσμον
439 2802 572 2842 transp.
590 2811 620 2833 a.
1025 2815 1038 2838 1
1049 2817 1078 2839 1.
1103 2805 1244 2841 δέδωκεν
1263 2808 1355 2842 B.D.
1368 2821 1398 2843 a.
1416 2810 1537 2846 ἔδωκεν
1555 2812 1648 2849 Edd.

85 2847 137 2870 12.
162 2838 230 2883 ἔχει
250 2839 296 2873 D.
535 2845 586 2878 18.
614 2846 654 2890 θῇ
675 2847 716 2881 Β.
737 2847 827 2881 Edd.
845 2847 942 2891 θήσει
961 2850 1006 2883 D.
1057 2851 1190 2895 ἀληθῶς
1207 2862 1426 2900 assumptum
1445 2869 1485 2891 ex
1506 2858 1550 2902 D,
1569 2867 1648 2903 post

79 2881 180 2926 ἆγάπ.
199 2890 242 2920 tr.
261 2885 304 2920 B.
435 2901 487 2935 19.
513 2891 707 2938 Assumpta
722 2895 780 2938 τῆς
796 2894 915 2940 ἰσχύος
932 2909 973 2930 ex
992 2897 1051 2937 D.‚
1071 2902 1157 2933 Θεοῦ
1175 2901 1227 2934 καὶ
1245 2913 1285 2934 ex
1305 2901 1346 2936 B.
1471 2915 1526 2939 22.
1552 2906 1644 2952 Πρὸ]

79 2926 163 2963 Ἀπὸ
182 2930 228 2965 D.
276 2935 544 2979 προπορεύσεται
564 2938 610 2973 D.
775 2952 829 2983 24.
855 2942 995 2988 θρῦλος]
1018 2944 1074 2978 Sic
1092 2947 1224 2980 correxi
1242 2959 1282 2981 ex
1300 2948 1334 2982 b.
1352 2949 1477 2993 θρῦλος
1495 2963 1582 2986 corr.
1602 2954 1646 2987 ad

80 2974 203 3018 θρύλος
220 2989 250 3012 a.
268 2979 415 3023 θρύλλος
433 2982 478 3017 D.
499 2983 590 3018 Edd.
769 2997 821 3032 25.
849 2989 898 3032 ἐκ]
920 2991 973 3023 διὰ
992 2991 1025 3024 b.
1073 2993 1246 3037 γεγένηται
1264 2994 1356 3029 Edd.
