2049 3366
148 192 167 214 A
176 192 282 214 ΗΜΘΝ
291 192 383 215 ΙΊῚΟ.

201 303 278 337 472
296 314 338 343 a;
371 313 453 337 cum
476 301 520 336 sit
539 300 768 336 Judacorum
790 305 906 348 pater,

200 366 405 402 secundum
450 378 611 407 carnem,
650 365 803 401 unitatis
851 369 907 400 cst

200 435 311 478 typus
346 432 419 466 841
456 441 498 474 e;

201 495 334 530 ficatus
356 497 431 530 854
455 494 489 529 d.

146 558 403 601 Abstinentia,
451 559 662 600 vinolentis,

548 442 613 478 per
649 429 759 465 fidem
795 429 904 477 justi-

711 571 732 594 a
778 558 905 603 Joele;

201 624 414 665 luxuriosis,
447 637 467 659 a
501 624 541 660 S.
569 624 681 659 Paulo
716 635 905 659 commen-

201 689 311 724 datur
332 690 405 725 201
430 701 463 725 e.

147 754 331 802 Abyssus,
350 754 395 790 (le
413 753 651 789 multitudine
670 752 906 800 Angelorum

203 819 342 855 dictum
384 821 461 855 500
497 832 538 860 c;

202 884 434 920 credentium
462 885 538 920 566
559 896 599 924 e;
632 883 722 918 item
752 882 797 917 de
827 888 908 918 toto

588 818 676 854 item
716 818 761 853 dc
800 817 908 853 turba

202 961 341 997 genere
360 949 525 984 humano
548 950 624 985 507
646 960 678 983 e.

149 1014 334 1056 Accarim,
361 1026 499 1049 nomen
527 1013 640 1055 urbis,
661 1025 707 1048 ex
736 1012 908 1048 Hebraea

203 1079 366 1114 editione
386 1078 470 1114 libri
490 1076 610 1114 Amos
630 1078 734 1113 abest
757 1079 832 1113 247
851 1077 886 1112 (l.

148 1144 334 1185 Aoearon,
382 1143 405 1179 i.
438 1156 470 1180 e.
519 1142 747 1183 Eradicatio,
794 1142 908 1178 exitio

203 1208 411 1245 devovetur
433 1210 508 1244 595
530 1221 572 1250 e;
606 1207 652 1244 ad
679 1207 791 1243 fidem
817 1220 906 1243 con-

203 1286 344 1316 versus,
376 1273 547 1310 tribunus
581 1273 645 1309 fiet
677 1272 907 1309 Judaeorum

205 1341 281 1375 734
303 1338 371 1374 ab.

148 1404 410 1446 Accaronitae,
433 1403 640 1439 Samariam
668 1407 705 1438 et
724 1402 747 1437 J
753 1401 908 1437 udaeam

203 1469 417 1506 lacerabant
447 1470 524 1504 249
555 1480 596 1509 e3

204 1534 393 1582 adjutores
415 1535 491 1570 257
514 1545 556 1578 c3
591 1534 666 1568 258
689 1544 723 1569 a.

154 1606 177 1619 “
192 1598 411 1647 Accipere‚’'
428 1599 453 1635 i.
466 1610 497 1634 e.
515 1610 582 1647 pro
603 1601 757 1646 peccato
779 1597 911 1632 offerre

209 1667 258 1701 72
279 1664 325 1707 b;
357 1663 470 1700 modo
491 1663 538 1699 de
561 1662 712 1711 populo,
733 1661 845 1698 modo
867 1661 912 1697 de

207 1729 465 1766 sacerdotibus
485 1729 626 1765 dictum
645 1729 692 1764 72
711 1740 730 1763 c
742 1740 750 1773 ;
784 1728 860 1764 206
877 1739 910 1762 e.

151 1794 344 1836 Accolere,
378 1794 601 1836 insecuram,
641 1792 814 1834 incolere,
855 1803 911 1827 se-

207 1871 334 1895 curam
355 1858 543 1906 significat
561 1857 675 1894 vitam
697 1859 773 1893 780
795 1868 814 1893 c
827 1856 861 1892 d,

151 1923 298 1968 Achab,
320 1923 406 1959 Rex
426 1922 588 1963 Israelis,
603 1926 755 1970 propter
769 1925 910 1956 metum

207 1993 245 2024 et
301 1975 585 2036 perversitatem
641 1985 912 2022 condemnatus

158 2082 160 2084 >
212 2055 259 2089 14
281 2065 323 2094 a;
368 2052 458 2088 item
488 2056 641 2099 propter
669 2050 822 2086 caedem
856 2049 911 2085 in-

153 2148 162 2149 ?
207 2117 377 2156 nocentis
410 2116 568 2153 Naboth
602 2117 648 2154 18
680 2128 724 2158 a;
769 2128 790 2151 a
822 2127 912 2163 rege

209 2182 404 2231 Syriorum
419 2181 584 2224 invasus,
597 2186 766 2217 servatur
782 2181 858 2217 249
874 2192 892 2216 e
902 2194 910 2222 ;

210 2250 287 2285 250
309 2247 355 2289 d;
386 2246 553 2284 luxuriae
579 2245 824 2286 convincitur,
846 2244 913 2281 do-

208 2327 313 2350 mum
346 2314 549 2350 eburneam
582 2312 722 2348 faciens
758 2313 834 2348 286
866 2311 910 2353 d;

210 2378 400 2415 Israelitas
428 2377 560 2414 habuit
593 2377 800 2413 imitatores
833 2388 912 2412 sce-

153 2470 156 2472 -
207 2443 328 2490 lerum
349 2455 501 2479 suorum
524 2444 597 2478 451
622 2441 645 2477 d
660 2454 700 2483 e;
733 2441 914 2488 sanguine

643 1467 906 1503 Idumaeorum

210 2514 248 2545 et
267 2507 526 2556 persecutione
546 2506 735 2555 gaudebat
755 2508 831 2542 453
853 2505 891 2542 b.

155 2573 295 2616 Achar,
331 2572 377 2608 de
414 2571 651 2608 anathemate
687 2569 843 2611 furatus,
879 2575 916 2606 et

210 2637 299 2674 furti
347 2635 552 2678 convictus,
591 2635 787 2683 lapidatur,
831 2646 913 2670 cum

210 2702 383 2738 omnibus
403 2701 478 2737 suis
500 2703 549 2737 47
571 2713 593 2736 a
608 2712 641 2735 c.

156 2767 298 2809 Achaz,
319 2767 440 2803 Judae
460 2779 527 2802 rex
546 2764 681 2813 impius
703 2766 724 2800 8
747 2776 789 2810 e;
820 2770 914 2799 tem-

211 2831 314 2879 plum
336 2830 470 2878 spoliat
490 2831 513 2866 9
535 2842 576 2870 a;
609 2834 646 2865 et
672 2828 817 2875 polluit,
840 2828 916 2863 filio

212 2907 278 2942 per
296 2895 425 2944 ignem
448 2893 630 2930 translato
651 2895 674 2929 9
695 2893 741 2935 b;
776 2894 847 2929 181
872 2905 893 2928 a
906 2907 914 2934 ;

213 2958 259 2995 ad
285 2958 557 3007 propulsandos
578 2957 718 3007 Syrios,
741 2957 916 3006 Assyrios
950 2995 953 3002 ¹

693 180 754 215 ΙΝ
779 179 853 214 1)ss
868 177 901 212 Χ
964 177 993 211 R
1011 176 1038 211 b:
1056 176 1085 211 R
1104 175 1205 211 1:311.

1664 177 1738 209 (3335

1035 296 1210 333 conducit
1239 298 1288 331 92
1311 294 1354 339 b;
1392 297 1464 330 145
1488 307 1506 331 c
1525 294 1568 339 (13
1602 297 1677 330 250
1700 309 1741 340 ιη

1036 364 1107 399 391
1143 373 1188 406 c;
1235 363 1311 397 457
1343 360 1365 396 d
1390 372 1434 405 e;
1483 360 1529 395 ab
1568 361 1743 408 Aegypto

1035 440 1144 475 opem
1195 431 1338 473 petens,
1388 425 1527 461 ironice
1575 425 1744 461 Prudens

1034 492 1241 540 appellatur
1272 493 1345 527 186
1367 503 1446 536 ae;
1482 503 1503 526 a
1532 489 1649 539 Syriis
1680 490 1746 526 de-

1034 556 1153 592 victus
1183 555 1388 603 castigatur
1419 557 1492 591 391
1518 566 1562 599 c;
1596 556 1672 590 458
1701 567 1742 599 e;

1036 620 1333 661 naereticorum,
1388 619 1550 655 infantes
1604 619 1744 655 Christi

1037 687 1283 734 perdentium,
1303 691 1415 734 typus
1437 687 1514 720 459
1532 684 1567 720 b.

981 751 1120 793 Achor,
1151 751 1221 787 i.e.
1245 750 1363 786 Vallis
1393 749 1655 797 perversionis,
1686 748 1746 784 In-

1034 815 1199 851 ferorum
1221 821 1333 864 typus
1355 817 1404 850 46
1426 826 1468 859 e;
1500 817 1549 849 47
1573 827 1605 850 c.

981 880 1188 927 Acquisitio
1251 880 1333 921 Dei,
1391 879 1566 914 timentes
1623 878 1745 914 Deum

1037 947 1113 981 863
1137 946 1171 980 b.

980 1010 1138 1053 Acuere,
1170 1022 1322 1050 cornua,
1361 1009 1437 1044 sive
1472 1014 1618 1057 gentes,
1656 1006 1745 1055 quid

1035 1077 1082 1112 sit
1104 1078 1180 1112 065
1204 1089 1222 1112 c
1241 1076 1287 1121 d;
1320 1078 1397 1112 006
1419 1075 1454 1111 d.

983 1141 1117 1184 Adam,
1148 1141 1283 1189 quibus
1312 1141 1419 1176 malis
1454 1147 1625 1176 naturam
1660 1152 1745 1175 nos-

1037 1213 1132 1241 tram
1155 1206 1354 1253 subjecerit
1377 1208 1426 1242 95
1445 1205 1468 1240 d
1483 1218 1524 1249 e;
1556 1204 1748 1252 exemplar

1035 1276 1274 1318 peccatorum
1306 1270 1455 1306 Israelis
1487 1272 1537 1306 99
1559 1270 1640 1315 ed;
1672 1269 1745 1316 spi-

1037 1334 1159 1370 rituali
1175 1335 1297 1382 gratia
1314 1335 1533 1382 prophetiae
1551 1347 1627 1370 non
1646 1346 1748 1370 care-

1035 1399 1099 1435 bat
1128 1399 1343 1447 priusquam
1372 1405 1634 1448 transgressus
1667 1404 1748 1435 erat

1038 1466 1115 1501 227
1155 1476 1200 1510 e;
1259 1463 1468 1506 Secundus,
1510 1464 1556 1500 de
1595 1463 1747 1500 Christo

1037 1530 1184 1570 dicitur,
1202 1529 1306 1578 quasi
1323 1530 1371 1566 sit
1388 1529 1574 1566 secundae
1595 1530 1746 1577 generis

1036 1594 1190 1630 humani
1217 1594 1401 1642 primitiae
1424 1596 1499 1631 228
1522 1606 1563 1639 c;
1595 1594 1748 1642 ejectio-

1036 1659 1094 1695 nis
1124 1672 1260 1695 causae
1294 1659 1362 1695 fuit
1392 1659 1566 1695 omnibus
1597 1661 1673 1695 472
1702 1671 1744 1703 e;

1035 1737 1146 1773 quam
1177 1724 1320 1772 peccati
1357 1724 1413 1760 sui
1447 1737 1607 1772 poenam
1640 1724 1748 1759 nobis

1035 1790 1202 1826 intulerit
1224 1791 1300 1826 552
1322 1802 1355 1826 e.

981 1855 1140 1896 Adama,
1162 1854 1250 1890 urbs
1279 1853 1523 1895 sodomitica,
1545 1853 1633 1901 igne
1660 1865 1744 1889 coe-

1034 1920 1120 1956 lesti
1141 1919 1341 1968 absumpta
1367 1920 1439 1956 163
1462 1919 1498 1955 b.

981 1986 1147 2024 Adamas
1168 1984 1369 2033 significat,
1390 1990 1454 2020 aut
1477 1983 1652 2019 duritiam
1673 1984 1746 2019 As-

1036 2050 1222 2099 syriorum
1245 2051 1322 2086 325
1341 2061 1379 2094 c;
1411 2055 1475 2084 aut
1496 2048 1565 2084 Dei
1580 2048 1748 2083 Verbum

1035 2115 1304 2152 immutabilem
1337 2116 1412 2151 325
1437 2114 1484 2155 d;
1520 2119 1584 2149 aut
1615 2112 1746 2149 Chris-

1036 2185 1130 2221 tum,
1153 2179 1336 2227 Lapidem
1365 2177 1560 2214 electionis
1581 2177 1747 2225 Angula-

1035 2257 1114 2282 rem
1138 2246 1213 2281 326
1236 2256 1278 2286 c;

1036 2311 1107 2347 Dei
1121 2309 1323 2346 essentiam
1337 2308 1610 2344 immutabilem
1627 2310 1703 2345 325
1713 2309 1750 2344 b.

982 2375 1098 2418 Ader,
1120 2375 1203 2411 Rex
1231 2373 1374 2422 Syriae,
1401 2378 1533 2409 contra
1560 2373 1749 2409 Israelitas

1037 2439 1316 2490 expeditionem
1338 2438 1503 2486 suscepit
1528 2440 1574 2473 14
1597 2450 1638 2484 a,·
1670 2440 1748 2474 457

1037 2504 1087 2546 b;
1133 2504 1207 2539 duo
1241 2510 1279 2539 et
1310 2502 1467 2551 triginta
1499 2514 1609 2550 reges
1648 2502 1750 2538 ducit

1039 2568 1160 2605 socios
1182 2570 1258 2604 250
1281 2580 1327 2613 a3
1359 2567 1469 2603 urbes
1498 2579 1609 2614 quam
1637 2567 1751 2614 pluri-

1038 2646 1119 2670 mas
1140 2633 1274 2669 evertit
1294 2635 1340 2669 19
1357 2633 1380 2668 b
1397 2645 1406 2678 3
1437 2633 1475 2668 in
1497 2644 1628 2668 manus
1648 2632 1750 2680 regis

1038 2697 1171 2735 Achab
1192 2711 1214 2734 a
1230 2697 1315 2734 Deo
1335 2697 1507 2742 traditus,
1523 2697 1568 2733 ab
1589 2709 1633 2732 eo
1653 2696 1750 2732 male

1040 2763 1240 2799 dimittitur
1263 2765 1310 2798 14
1333 2762 1401 2799 ad.

985 2826 1218 2869 Admonitio‚
1241 2826 1377 2874 duplici
1397 2825 1522 2868 modo,
1545 2838 1645 2861 nunc
1665 2837 1750 2873 sup-

1039 2891 1169 2940 pliciis,
1198 2903 1299 2927 nunc
1331 2890 1506 2939 praemiis
1535 2890 1749 2938 propositis,

1039 2956 1251 2993 adhibenda
1271 2961 1327 2992 est
1354 2958 1422 2993 151
1449 2968 1482 2992 e.

1159 3034 1188 3071 4
1209 3032 1241 3059 M
1266 3032 1288 3062 2

1322 2255 1450 2279 murus
1475 2242 1749 2284 adamantinus,
