2001 3361
269 199 345 234 718

318 314 546 351 Basanitidis
579 317 616 348 et
647 311 780 347 Libani
811 311 1024 346 diminutio-

319 392 418 420 nem,
440 384 477 414 et
496 383 634 413 terram
661 388 788 412 coram
814 376 895 411 Deo
923 387 1023 411 com-

320 449 460 480 motam
509 441 685 477 describit
733 443 807 477 481
850 453 893 485 c;

320 508 430 544 etiam
469 506 626 542 Divinae
664 512 827 541 terrores
866 507 941 541 483
977 505 1023 549 d;

319 573 440 608 Deum
462 571 747 619 expectantibus
761 570 871 611 Eum,
886 570 1024 605 bonum

949 440 1025 476 irae

321 649 401 672 esse
418 636 588 679 affirmat,
605 635 763 671 inimicis
784 635 1024 671 tenebrosum

322 703 398 737 484
413 714 453 745 c;
485 713 553 736 nec
568 706 693 736 tamen
711 699 888 735 lsraelem
904 698 1025 734 fundi-

320 771 380 802 tus
397 771 659 813 consumptum
676 765 719 800 in·
733 767 809 801 485
825 764 870 806 d;
900 776 1026 812 quam-

320 831 375 866 vis
390 836 470 866 tota
490 830 594 878 regio
611 831 689 878 ejus
707 829 909 866 desolanda
929 834 1027 864 esset

322 898 398 932 486
416 908 457 936 e;
490 895 632 943 virgam
655 894 806 930 1sraelis
827 894 1026 930 contritam

320 961 364 996 iri
400 960 579 1008 praedicit
613 962 688 995 488
723 959 770 1004 d;
815 965 851 994 et
885 958 1024 994 nullam

319 1025 399 1061 fore
455 1030 587 1073 postea
643 1023 927 1060 seminationem
980 1035 1026 1058 ex

321 1090 472 1125 nomine
489 1090 569 1137 ejus
586 1091 663 1125 490
678 1102 719 1134 c;
750 1089 840 1124 item
862 1089 1028 1135 dispersa

320 1155 362 1190 iri
379 1154 563 1201 sculptilia
582 1154 675 1201 ejus,
693 1159 730 1189 et
746 1166 812 1201 pro
830 1153 1026 1201 sepulchro

320 1219 442 1267 posita
461 1217 662 1254 conflatilia
679 1220 752 1254 491
773 1231 813 1262 e;
845 1222 1027 1265 regnante

320 1284 483 1320 Ezechia
495 1283 742 1331 prophetabat
758 1285 834 1319 493
849 1283 888 1327 b:
916 1282 1027 1330 pedes

322 1348 649 1396 Evangelistarum
694 1347 889 1395 praevidit,
929 1359 1023 1382 nun-

323 1414 415 1449 tium
463 1413 574 1460 pacis,
624 1412 700 1448 sive
749 1411 901 1460 Cyrum,
952 1412 1027 1448 sive

322 1477 692 1525 Baptistam‚audivit
707 1479 782 1513 493
798 1489 832 1521 e;
857 1476 1026 1517 Judaeis,

323 1548 452 1589 utpote
504 1542 741 1583 redimendis,
791 1541 1028 1576 commendat

322 1607 562 1649 festivitatem
585 1608 661 1642 494
685 1619 726 1650 a;
760 1605 918 1641 Ninives
939 1618 1025 1641 con-

323 1671 611 1707 summationem
645 1671 835 1718 praevidet
871 1673 947 1707 495
983 1682 1027 1715 c3

323 1737 413 1772 item
433 1736 722 1772 insufflationem
743 1735 781 1770 in
802 1735 931 1771 faciem
950 1736 1029 1783 ejus

326 1804 403 1838 496
420 1802 456 1842 b,
479 1801 498 1837 i.
512 1814 541 1837 e.
564 1800 724 1836 Satanae
745 1800 1029 1836 diminutionem

326 1868 403 1903 496
435 1879 480 1906 e;
520 1865 784 1901 contumeliam
816 1871 851 1900 et
883 1864 1030 1900 Israelis

326 1939 362 1968 et
395 1931 517 1967 Judae
552 1943 719 1966 aversam
762 1929 815 1971 iri,
852 1930 927 1965 sive
967 1942 1031 1976 per

328 1996 481 2044 Cyrum,
507 1996 583 2031 sive
613 2007 679 2042 per
703 1994 895 2030 Christum
925 2006 1031 2041 prae-

328 2062 416 2097 dicit
448 2062 524 2096 497
547 2073 588 2105 a;
630 2060 717 2095 item
748 2071 936 2095 armorum
968 2059 1030 2094 de-

328 2126 574 2166 molitionem,
593 2124 759 2172 equitum
776 2124 1033 2159 confusionem

330 2193 406 2227 498
420 2191 459 2235 b;
481 2190 703 2238 principum,
716 2195 909 2236 premente
922 2188 1033 2233 malo,

330 2256 620 2291 infirmationem
652 2257 727 2290 498
759 2267 802 2298 e3
841 2260 1034 2301 portarum

330 2320 562 2368 apertionem
579 2322 655 2355 499
671 2332 690 2354 e
704 2332 711 2361 3
744 2318 908 2354 Niniven
924 2317 1032 2365 pisci-

330 2397 399 2420 nae
437 2389 629 2432 comparat
664 2386 740 2420 500
776 2395 816 2428 c;
867 2382 1035 2430 ejusdem

331 2454 461 2497 captae
482 2449 629 2485 dolores
654 2448 775 2496 pingit
805 2450 877 2484 501
904 2447 948 2492 d;
984 2452 1033 2487 et,

333 2514 502 2562 quamvis
529 2513 781 2549 habitaculum
803 2512 849 2547 sit
869 2512 1034 2552 leonum,

333 2579 514 2626 direptam
549 2578 594 2613 iri
623 2579 855 2613 demonstrat
886 2579 961 2613 503
991 2575 1035 2620 b;

333 2644 424 2680 item
454 2642 760 2679 exterminandos
790 2653 871 2677 esse
902 2640 1035 2688 spolia-

334 2714 434 2744 tores
464 2708 558 2755 ejus,
591 2712 629 2743 et
658 2719 725 2742 nec
758 2706 877 2753 ipsam
910 2717 1037 2740 rursus

335 2772 558 2808 audiendam
593 2774 669 2808 504
699 2771 781 2815 bc;
825 2770 947 2806 eidem
980 2769 1036 2805 in-

334 2837 484 2872 vehitur
511 2842 688 2883 tanquam
718 2834 1037 2882 sanguinolentae,

337 2906 373 2936 et
402 2901 573 2936 mendaci
602 2903 678 2936 504
700 2899 745 2945 b3
776 2905 813 2935 et
839 2898 1037 2939 meretrici,

339 2965 481 3001 Gentes
494 2965 590 3001 vitiis
606 2965 682 3000 suis
697 2963 889 3000 seducenti
905 2964 982 3000 505
997 2975 1037 3007 e;

804 193 1015 229 INDEX
1074 191 1320 228 RERUM.

1692 204 1854 227 NAHUM.

1149 322 1260 357 quam
1308 322 1463 358 passura
1509 310 1556 346 sit
1607 310 1854 358 ignominiam

1147 380 1423 422 praemonstrat
1445 377 1522 411 506
1544 375 1566 410 (1
1578 388 1587 421 ;
1620 387 1731 422 quam
1752 386 1856 422 spec-

1147 440 1308 475 tantium
1329 440 1696 476 commiserationem
1717 442 1793 476 507
1811 451 1831 475 6
1843 451 1853 484 5

1149 517 1242 552 quae
1272 505 1465 546 Ammoni,
1486 505 1678 555 Aegypto,
1699 504 1854 553 Libyae,

1148 569 1399 611 commiserat,
1444 569 1564 616 ipsam
1611 569 1743 605 eadem
1790 581 1855 603 ex-

1148 638 1338 680 perturam
1359 645 1439 669 esse
1462 636 1537 670 508
1559 633 1603 679 b;
1640 634 1855 682 despectam

1149 697 1191 732 iri
1227 700 1304 734 510
1336 698 1379 743 b;
1425 704 1474 739 et,
1509 704 1688 746 tanquam
1727 699 1853 739 ficum,

1150 763 1329 799 caducam
1365 765 1441 799 510
1473 775 1517 807 e;
1561 763 1742 811 populum
1774 763 1855 798 fore

1150 833 1329 875 tanquam
1348 828 1522 864 mulieres
1545 830 1618 864 511
1644 828 1688 872 b;
1720 833 1757 863 et
1777 827 1857 876 igni

1150 898 1187 928 et
1204 905 1297 940 aqua
1315 893 1448 929 urbem
1463 893 1655 928 obsessam
1668 892 1712 928 iri
1727 895 1773 929 51
1784 895 1801 928 1
1818 904 1855 937 e;

1150 958 1253 1005 quasi
1280 970 1345 1005 per
1364 958 1527 994 locustas
1553 957 1750 1006 regionem
1777 969 1857 993 om-

1151 1035 1237 1058 nem
1283 1023 1363 1070 ejus
1416 1023 1636 1058 devoratam
1685 1024 1761 1058 512
1809 1033 1855 1063 e;

1150 1086 1359 1135 principum
1373 1093 1575 1134 stuporem,
1590 1086 1715 1135 populi
1727 1086 1858 1134 fugam

1151 1155 1227 1188 513
1260 1153 1303 1197 d3
1344 1152 1595 1199 poenitentiae
1628 1151 1770 1187 nullam
1801 1162 1858 1186 re-

1151 1217 1268 1265 linqui
1301 1217 1425 1253 locum
1461 1220 1537 1253 514
1569 1229 1609 1262 6;
1655 1216 1859 1252 laetaturos

1151 1294 1282 1318 omnes
1322 1294 1416 1329 quos
1455 1282 1604 1318 laeserit
1642 1281 1754 1317 exitio
1797 1293 1858 1317 ca-

1152 1347 1274 1383 dentis
1296 1349 1372 1382 515
1395 1359 1424 1382 e.

1099 1412 1265 1452 Nathan,
1289 1411 1325 1447 in
1347 1411 1542 1454 Zacharia,
1568 1411 1755 1459 Propheta
1784 1423 1858 1446 non

1153 1489 1265 1513 verax
1289 1479 1364 1513 785
1387 1489 1418 1511 e.

1098 1542 1228 1583 Natio,
1245 1548 1267 1560 “
1282 1540 1568 1581 formidabilis,’'
1583 1539 1681 1587 apud
1697 1539 1859 1581 Joelem,

1153 1606 1294 1642 dictum
1331 1606 1376 1641 (16
1415 1605 1567 1641 locustis
1607 1607 1683 1641 203
1719 1617 1764 1649 c3
1814 1604 1859 1639 de

1152 1670 1320 1706 hostibus
1363 1672 1439 1706 203
1471 1669 1515 1713 d;

1155 1738 1231 1772 204
1253 1747 1284 1770 6.

1101 1800 1288 1836 Nativitas
1311 1799 1453 1835 Christi
1474 1797 1665 1846 praedicta
1686 1801 1761 1834 437
1784 1810 1818 1833 a.

1102 1865 1262 1906 Natura,
1284 1876 1395 1912 quam
1425 1863 1471 1898 sit
1498 1863 1601 1903 dura,
1625 1863 1661 1897 in
1684 1861 1861 1897 Israelitis

1565 1669 1610 1704 de
1649 1668 1860 1704 Haereticis

1157 1930 1276 1965 visum
1294 1931 1366 1965 198
1382 1940 1422 1971 a;
1450 1927 1639 1975 unius-cuj
1647 1939 1760 1974 usque
1776 1939 1861 1962 suas

1156 1994 1268 2030 habet
1303 1993 1466 2028 maculas
1503 1993 1578 2028 202
1615 1992 1663 2036 dg
1708 1991 1861 2027 Christo

1159 2058 1347 2094 Crucifixo
1367 2057 1521 2105 lugebat
1543 2059 1620 2093 230
1636 2057 1660 2092 b
1674 2069 1693 2092 6
1710 2069 1720 2102 3
1749 2056 1862 2092 etiam

1158 2124 1237 2159 sine
1257 2123 1340 2170 lege
1363 2121 1544 2161 Mosaica,
1565 2121 1749 2157 incestum
1770 2133 1861 2156 con-

1157 2188 1347 2224 demnavit
1378 2189 1453 2223 268
1475 2186 1519 2231 b;
1562 2187 1642 2221 Deo
1672 2185 1862 2227 obediens,

1158 2252 1331 2299 exemplo
1361 2257 1418 2287 est
1449 2251 1557 2286 nobis
1588 2253 1665 2287 300
1696 2263 1737 2295 a;
1777 2250 1863 2298 lege

1156 2317 1304 2353 talionis
1338 2316 1542 2352 delectatur
1579 2316 1654 2351 360
1686 2326 1726 2358 6;
1771 2313 1864 2349 nihil

1158 2387 1215 2418 est
1230 2381 1301 2417 nisi
1318 2380 1507 2416 Creatoris
1522 2379 1718 2415 arbitrium
1733 2381 1808 2415 376
1823 2390 1861 2423 a;

1158 2448 1194 2482 in
1234 2445 1386 2481 Adamo
1431 2450 1615 2492 corrupta,
1657 2457 1678 2479 a
1722 2442 1864 2491 Spiritu

1158 2511 1359 2547 reformata
1390 2512 1465 2546 553
1495 2509 1518 2544 b
1534 2521 1543 2553 ;
1589 2508 1636 2544 ad
1669 2508 1863 2543 arbitrium

1158 2576 1241 2618 Dei,
1262 2575 1450 2611 interdum
1469 2574 1689 2609 immutatur
1710 2575 1785 2609 547
1807 2571 1844 2606 d.

1106 2642 1267 2682 Nautae,
1287 2652 1373 2675 cum
1393 2639 1417 2675 J
1422 2651 1494 2674 ona
1514 2643 1709 2686 precantes
1727 2637 1798 2672 371
1816 2635 1862 2679 b;

1161 2710 1198 2740 et
1250 2704 1413 2740 sortibus
1464 2708 1614 2739 utentes
1663 2700 1864 2736 laudantur

1163 2771 1238 2806 372
1260 2769 1304 2814 b;
1344 2768 1443 2803 idola
1471 2766 1624 2814 quisque
1653 2776 1719 2799 sua
1746 2763 1862 2799 habe-

1161 2834 1252 2869 bant
1282 2834 1357 2870 372
1387 2832 1432 2877 d3
1475 2831 1599 2866 Deum
1629 2828 1864 2865 Judaeorum

1161 2897 1384 2934 verebantur
1406 2898 1481 2933 373
1503 2895 1548 2939 d;
1578 2893 1719 2930 Jonam
1746 2893 1861 2929 inter-

1162 2967 1339 3009 rogantes
1381 2959 1579 2996 laudantur
1618 2961 1692 2994 373
1734 2970 1779 3001 e;
1827 2962 1864 2993 et
