2049 3366
123 215 430 240 PERSECUTORES.

120 323 352 367 Peccatores,
401 337 475 360 non
524 325 640 372 equis,
685 325 883 372 armisque,

174 389 304 425 salvati
325 395 446 431 crunt,
470 389 506 425 in
528 389 679 425 Judicio
701 392 776 426 274
796 389 828 425 b.

120 454 332 497 Peccatum,
353 467 490 490 nomen
514 453 693 490 Sacrificii
714 466 781 501 pro
803 466 885 501 pcc-

174 524 258 553 cato
292 518 406 554 oblati
444 522 492 555 70
521 532 565 563 03
609 521 685 555 206
714 518 762 563 (13
807 530 885 553 non

175 583 358 630 sanguine
418 584 600 631 pecudum
661 582 885 631 expiandum

177 648 226 683 85
249 660 270 682 a
293 660 302 692 3

181 713 255 748 132
296 712 318 746 b
342 725 351 757 3

177 776 311 823 quippe
332 790 424 824 quae
452 783 696 813 monumenta
723 776 796 812 sint
817 776 884 811 im-

176 841 324 887 pietatis
364 844 436 878 147
467 841 516 888 (13
562 855 582 877 a
617 842 700 878 Deo
740 847 887 888 separat

181 907 254 941 172
287 918 335 951 e,
379 906 547 954 originis,
582 919 691 954 quam
729 918 887 953 poenam

178 969 313 1006 habeat
350 972 422 1007 188
459 984 507 1016 a,

182 1036 254 1070 188
286 1035 309 1070 b
329 1048 339 1080 3

179 1099 292 1136 habet
321 1101 537 1148 patientem,
566 1101 595 1136 si
626 1102 757 1149 majuS,
788 1100 885 1136 ulto-

178 1177 256 1200 rem
293 1167 368 1202 303
404 1166 457 1211 b3
499 1178 574 1201 non
607 1178 716 1201 omne
752 1171 808 1201 est
841 1165 888 1200 ad

178 1235 338 1265 mortem
379 1232 455 1267 304
484 1243 504 1266 a
520 1244 530 1276 3

180 1293 405 1330 Sanctorum
438 1307 567 1342 preces
602 1295 729 1330 inanes
766 1294 886 1330 reddit

180 1362 256 1396 324
290 1372 336 1405 ej
384 1372 405 1395 a
442 1359 618 1395 Michaea
654 1359 886 1407 intelligitur,

179 1424 355 1460 delictum
404 1424 441 1460 in
489 1424 673 1464 homines,
722 1436 797 1459 non
850 1423 885 1458 in

362 660 382 682 a
412 647 635 684 Christianis
665 647 885 688 cavendum,

405 725 472 759 pro
511 713 687 748 altaribus
732 712 884 755 dictum,

558 971 646 1018 quid
680 970 886 1006 remedium

385 1036 414 1071 si
448 1036 495 1071 sit
535 1036 731 1081 mediocre,
767 1036 887 1071 Deum

580 1230 609 1265 si
645 1230 692 1265 sit
725 1230 886 1278 gravius,

179 1489 313 1534 Deum,
350 1490 591 1524 commissum
632 1490 708 1525 396
744 1501 792 1534 a3
841 1487 886 1523 ab

179 1554 398 1602 Evangelio,
426 1566 501 1589 non
529 1566 550 1589 a
576 1554 692 1602 Lege,
720 1558 886 1588 amotum

181 1620 257 1654 412
267 1631 285 1654 e
296 1631 306 1664 3
323 1624 364 1654 ut
372 1624 553 1665 tyrannus
565 1618 747 1653 insultans
760 1617 889 1653 Eccle-

181 1683 267 1725 siae,
291 1683 336 1719 ab
364 1696 407 1720 ea
432 1683 718 1731 reprehenditur
743 1684 819 1718 464
842 1694 887 1727 e3

182 1749 259 1784 465
274 1761 295 1783 a
310 1761 320 1794 3
345 1748 382 1784 in
397 1747 548 1784 Christo
567 1748 737 1784 aboletur
754 1749 829 1783 465
845 1746 888 1791 b;

183 1813 416 1848 submersum
457 1819 515 1848 est
553 1812 658 1859 quasi
706 1812 743 1847 in
785 1811 888 1852 mari,

181 1890 247 1924 per
274 1876 466 1913 Christum
495 1879 570 1913 472
588 1877 637 1923 b;
674 1879 749 1912 473
772 1889 818 1921 33
852 1875 890 1910 in

183 1941 336 1977 Christo
397 1941 597 1977 fidentibus
662 1940 887 1976 domandum

184 2008 261 2042 495
288 2007 341 2052 b;
380 2006 462 2050 reti,
492 2005 550 2041 vel
579 2017 740 2053 sagenae
769 2010 889 2040 totum

183 2070 364 2106 mundum
408 2069 611 2106 includenti
655 2075 891 2117 comparatur

186 2138 258 2172 531
286 2147 330 2180 c3
367 2137 442 2171 537
467 2135 518 2180 b3
557 2135 646 2170 item
669 2135 764 2182 jugo
791 2147 890 2169 com-

184 2200 287 2235 muni
310 2201 385 2236 538
404 2200 453 2244 dg
485 2199 652 2247 originis,
677 2211 743 2246 per
766 2205 891 2247 tyran-

186 2265 311 2300 nidem
340 2264 627 2313 Babyloniorum
662 2269 892 2310 representa-

186 2336 259 2371 tur,
288 2331 364 2365 548
386 2342 436 2375 a3
470 2329 508 2364 in
536 2328 688 2364 Christo
714 2328 892 2376 propitia—

187 2400 267 2430 tum
299 2396 375 2430 550
403 2406 449 2439 03
492 2395 568 2429 552
596 2393 641 2438 d;
682 2393 719 2428 in
746 2392 892 2428 Adamo

188 2459 478 2495 condemnatum
513 2460 589 2494 552
621 2457 672 2503 (13
717 2463 892 2505 quantam

188 2523 360 2559 habuerit
387 2522 637 2571 tyrannidem,
669 2522 706 2556 in
741 2521 893 2557 Christo

189 2588 370 2624 sublatam
399 2589 475 2623 555
493 2600 538 2633 eg
576 2587 652 2622 556
670 2598 716 2632 e3
754 2588 829 2622 557
847 2598 892 2631 03

188 2659 319 2689 contra
355 2652 424 2687 Dei
466 2656 638 2687 naturam
679 2650 893 2691 admissum,

190 2721 334 2753 veniam
364 2729 441 2751 non
469 2716 580 2751 habet
612 2716 688 2751 592
710 2715 761 2760 (13
800 2714 896 2750 redi-

189 2782 274 2818 vivo
296 2781 457 2821 Christo,
475 2785 664 2815 mortuum
684 2785 741 2815 est
758 2781 834 2815 614
852 2779 894 2824 (13

191 2846 331 2882 mundo
357 2845 530 2881 universo
558 2843 726 2879 incubuit
750 2845 826 2880 632
850 2856 871 2879 a
885 2857 896 2890 3

191 2911 228 2946 in
250 2910 402 2946 Christo
423 2921 619 2945 excussum
638 2910 714 2945 632
730 2909 754 2944 b
771 2921 781 2954 3
815 2921 898 2957 pec-

193 2975 284 3010 catis
318 2974 551 3022 ignorantiae
581 2978 644 3009 aut
673 2973 898 3010 infirmitatis

669 205 877 240 lNDEX
939 206 1183 242 RERUM.

1643 208 1717 242 727

1010 326 1179 374 indulget
1218 326 1401 362 Dominus
1440 328 1516 362 658
1553 338 1572 362 e
1596 339 1605 371 3
1655 338 1720 373 per

1012 391 1256 439 Babylonem,
1307 392 1328 427 i.
1365 404 1397 427 c.
1447 391 1717 431 confusionem,

1010 456 1226 503 exprimitur
1254 458 1330 491 668
1361 456 1410 501 b3
1449 469 1469 491 a
1496 456 1576 491 Deo
1606 455 1719 503 longe

1011 521 1167 556 removit
1189 534 1319 556 omnes
1338 523 1413 557 752
1431 533 1451 556 a
1469 534 1478 565 3
1509 521 1544 555 in
1567 519 1719 556 Christo

1011 591 1223 621 removetur
1246 588 1320 621 752
1338 585 1360 620 b
1379 599 1407 621 c.

958 649 1169 691 Peccatum,
1192 650 1360 697 originis,
1383 650 1518 686 mentis
1539 657 1596 685 est
1616 650 1717 685 infir-

1011 714 1121 749 mitas
1144 717 1218 751 722
1242 715 1291 761 (13
1322 717 1398 752 833
1417 728 1446 750 c.

960 779 1087 820 Pedes,
1110 779 1144 814 in
1174 780 1371 815 securitate
1399 779 1520 827 positi,
1546 784 1719 814 constan-

1010 844 1100 879 tiam
1121 844 1157 878 in
1179 844 1316 891 pietate
1337 844 1550 892 significant
1572 847 1647 879 577
1663 844 1699 879 b.

959 908 1080 948 Pellis‚
1103 909 1192 955 spei,
1215 910 1360 944 animae
1384 909 1603 950 indumenti,
1624 909 1719 956 figu—

1011 986 1051 1008 ra
1073 975 1150 1009 410
1167 986 1197 1008 e.

960 1037 1153 1073 Pemmata
1191 1038 1435 1074 daemonibus
1475 1038 1597 1074 afferri
1630 1049 1720 1073 con-

1012 1108 1116 1137 sueta
1138 1104 1186 1138 59
1204 1102 1239 1138 b.

959 1166 1211 1208 Pentecostes,
1240 1167 1340 1208 Dies,
1363 1179 1384 1202 a
1409 1167 1515 1203 Joele
1543 1167 1719 1203 describi-

1012 1237 1072 1266 tur
1093 1234 1169 1267 227
1187 1245 1232 1277 a3
1268 1244 1333 1279 pcr
1357 1231 1589 1279 Sophoniam
1614 1244 1718 1279 prae-

1012 1296 1111 1332 dicta
1132 1298 1207 1332 616
1226 1309 1245 1332 c
1261 1297 1294 1331 d.

960 1360 1107 1405 Perdix,
1130 1374 1200 1396 ova
1226 1373 1291 1396 sua
1311 1373 1385 1396 non
1408 1361 1565 1408 parienS,
1588 1361 1720 1396 stulto-

1011 1438 1093 1460 rum
1115 1431 1225 1473 typus
1245 1428 1321 1462 536
1339 1438 1369 1460 c.

958 1489 1228 1538 Peregrinatio,
1264 1490 1416 1538 hujusce
1449 1490 1545 1526 vitae
1585 1490 1720 1537 duplici

1012 1555 1176 1602 praemio
1198 1555 1474 1603 compensanda
1496 1557 1571 1591 739
1590 1568 1622 1591 e.

959 1620 1162 1668 Peregrini,
1178 1633 1245 1667 pro
1267 1619 1427 1660 Sanctis,
1446 1620 1481 1655 in
1499 1626 1598 1655 terra
1617 1632 1719 1655 com-

1012 1685 1255 1725 morantibus,
1279 1685 1419 1720 dictum
1442 1687 1517 1720 574
1535 1697 1566 1719 e.

960 1748 1180 1796 Perjurium,
1227 1749 1486 1784 maledictione
1533 1749 1719 1790 affectum,

1013 1813 1133 1848 Esdra
1165 1813 1322 1861 jubente
1357 1815 1433 1849 694
1463 1813 1511 1858 (13
1561 1815 1637 1850 696
1665 1813 1718 1859 b3

1013 1876 1246 1914 Christicolis
1266 1877 1557 1913 abominandum
1580 1880 1655 1914 725
1673 1890 1719 1923 a3

1011 1942 1130 1978 veloci
1145 1942 1285 1989 judicio
1306 1943 1510 1978 devovetur
1531 1945 1608 1978 854
1626 1954 1658 1978 e.

958 2005 1092 2042 Persae
1113 2019 1178 2054 per
1199 2007 1408 2054 symbolum
1425 2007 1627 2043 bestiarum
1647 2007 1722 2054 sig-

1014 2071 1151 2107 nificati
1171 2074 1219 2107 54
1237 2071 1259 2106 d
1276 2085 1285 2117 3
1316 2073 1396 2108 Deo
1417 2072 1528 2107 dante
1548 2084 1722 2119 regnum,

1014 2142 1266 2184 regnaverunt
1302 2139 1350 2172 55
1376 2149 1419 2177 a;
1461 2136 1579 2172 tribus
1609 2136 1723 2183 pluri-

1014 2213 1094 2236 mas
1120 2200 1329 2236 habuerunt
1362 2203 1434 2236 145
1452 2213 1498 2246 e,
1533 2213 1647 2248 prope
1675 2200 1722 2236 ad

1013 2265 1194 2300 terminos
1228 2265 1395 2300 Orientis
1433 2265 1544 2313 positi
1583 2264 1720 2300 descri-

1015 2330 1153 2365 buntur
1188 2331 1264 2366 280
1296 2329 1340 2373 d3
1386 2330 1490 2377 quasi
1527 2342 1610 2366 cum
1646 2329 1721 2365 As-

1015 2394 1122 2442 syriis
1149 2394 1340 2441 conjuncti
1364 2394 1623 2430 describuntur
1644 2396 1721 2430 514

1015 2471 1059 2504 a3
1103 2458 1342 2506 arrogantiae
1375 2458 1535 2494 convicti
1572 2461 1649 2495 524
1676 2471 1722 2504 a;

1016 2535 1128 2570 quare
1153 2523 1264 2571 nigro
1290 2523 1415 2559 colore
1443 2523 1618 2571 descripti
1645 2525 1717 2560 701

1016 2588 1039 2623 d
1055 2600 1065 2633 3
1099 2590 1174 2624 702
1193 2600 1225 2623 c.

963 2651 1190 2690 Persecuti0‚
1232 2651 1431 2692 Ecclesiae,
1471 2652 1550 2699 igni
1587 2663 1724 2699 purga-

1016 2716 1112 2751 torio
1133 2722 1370 2763 comparatur
1392 2718 1467 2752 794
1485 2729 1506 2751 a
1520 2716 1555 2752 b.

964 2780 1262 2821 Persecutiones,
1291 2780 1479 2816 Ecclesiae
1503 2780 1723 2828 praedicun-

1018 2850 1078 2880 tur
1100 2846 1175 2880 773
1193 2856 1212 2880 c
1228 2844 1262 2879 d.

965 2909 1240 2950 Persecutores,
1286 2908 1475 2944 Ecclesiae
1515 2908 1725 2951 irridentes,

1020 2973 1058 3009 in
1077 2972 1289 3021 lachrymas
1309 2978 1447 3010 exeunt
1469 2975 1541 3009 401
1561 2985 1593 3009 c.
