2070 3387
104 173 172 213 vii.
215 188 305 229 1—3.
449 175 520 215 IN
568 175 986 216 ZACHAMAM.
1049 173 1202 214 TUM.
1237 172 1323 213 III.
1603 172 1686 212 373

101 280 159 331 τὰ
183 283 562 348 προηγγελμένα,
585 288 806 351 σαφηνιῶ
833 283 992 345 πάλιν,
1021 282 1134 332 αὐτὸ
1161 282 1386 346 παραθεὶς
1411 278 1464 329 τὸ
1494 279 1690 344 γράμμα

103 361 157 412 τὸ
184 364 318 428 ἱερόν.
377 365 640 431 γέγραπται
674 365 720 416 δὲ
754 367 900 418 οὕτως
927 366 975 414 ἐν
1001 368 1058 431 τῇ
1084 363 1282 429 τετάρτῃ
1308 366 1402 412 τῶν
1428 363 1690 421 βασιλειῶν

104 453 131 474 “
161 448 255 495 Καὶ
292 450 359 514 τῷ
393 449 504 510 μηνὶ
542 451 609 515 τῷ
648 448 848 516 πέμπτῳ
887 446 1067 513 ἑβδόμῃ
1105 451 1188 495 τοῦ
1227 443 1388 508 μηνὸς,
1420 442 1554 494 οὗτος
1593 443 1685 491 ε’νι-
1752 442 1898 527 ἓᾷῗξὸ

103 532 130 555 ‘⁴
156 526 294 581 αυτὸς
319 529 715 582 ἐννεακαιδέκατος
749 533 816 597 τῷ
845 525 1278 594 Ναβουχοδονόσορ
1309 528 1508 586 βασιλεῖ
1532 527 1690 583 Βαβυ-
1708 542 1730 567 a
1763 535 1843 569 710
1861 535 1911 568 A

63 625 85 664 5
105 614 132 637 ‘⁶
158 612 322 669 λῶνος,
346 607 462 673 ἦλθε
488 609 832 676 Ναβουζαρδάν
860 610 884 659 ὁ
909 609 1240 676 ἀρχιμάγειρος
1267 609 1292 658 ὁ
1319 605 1468 659 ἑστὼς
1495 604 1693 655 ἐνώπιον

106 696 132 718 “
156 690 395 749 βασιλέως
439 695 729 752 Βαβυλῶνος
774 696 834 745 εἷς
871 690 1200 756 Ἰερουσαλὴμ,
1235 691 1309 740 καὶ
1347 688 1574 752 ἐνέπρησε
1610 685 1693 737 τὸν

106 779 132 800 “
160 770 286 822 οἷκον
316 772 494 838 Κυρίου
521 775 595 824 καὶ
621 772 703 824 τὸν
731 771 857 824 οἶκον
881 778 963 824 τοῦ
990 771 1231 833 βασιλέως
1271 772 1345 821 καὶ
1384 769 1562 822 πάντας
1586 767 1693 821 τοὺς

106 860 133 882 “
160 853 309 907 οἴκους
347 853 665 920 Ἰερουσαλὴμ
710 857 784 905 καὶ
826 854 983 905 πάντα
1027 851 1153 904 οἶκον
1196 851 1448 918 ἐνέπρησεν
1490 852 1515 901 ὁ
1554 852 1687 917 ἁρχι-

108 942 135 965 “
165 935 430 1002 μάγειρος,”
506 934 604 986 εἶτα
655 935 1030 1003 κεχειροτόνηκεν
1082 936 1156 986 ἐπὶ
1202 933 1285 984 τὸν
1335 931 1694 998 περιλειφθέντα
1757 941 1877 972 1¹›·²²-

42 1043 89 1068 10
108 1019 254 1081 δῆμον
306 1017 363 1086 ἐξ
400 1017 603 1084 Ἰσραὴλ
652 1017 736 1068 τὸν
778 1017 1026 1079 Γοδολιάν,
1072 1017 1121 1067 ἐν
1161 1017 1270 1080 μηνὶ
1311 1018 1378 1083 τῷ
1415 1014 1603 1082 ἑβδόμῳ
1642 1011 1696 1063 ὃν
1757 1028 1878 1067 Ib·25·

108 1098 327 1150 ὑπελθὼν
353 1099 639 1166 ἐχειρώσατο
677 1101 753 1150 καὶ
785 1099 1049 1150 ἀπέκτεινεν
1072 1096 1283 1161 Ἰσμαὴλ
1323 1096 1417 1150 υἱὸς
1452 1095 1697 1146 Ναθανιόυ

109 1184 207 1232 υἱοῦ
232 1180 478 1245 Ἐλισαμά
503 1183 552 1231 ἐκ
586 1187 669 1232 τοῦ
700 1181 973 1247 σπέρματος
1011 1184 1105 1230 τῶν
1134 1178 1392 1239 βασιλέων·
1434 1176 1697 1241 γέγραπται
1715 1185 1742 1225 b

109 1262 201 1328 γὰρ
228 1263 323 1314 ὡδί.
387 1263 552 1313 οὐκοῦν
577 1261 821 1329 ἐπειδήπερ
851 1261 1154 1325 συμβέβηκεν
1189 1261 1226 1311 ἐν
1264 1266 1325 1329 τῷ
1363 1258 1566 1327 πέμπτῳ
1600 1262 1695 1325 μηνὶ

110 1345 185 1395 καὶ
221 1346 269 1394 ἐν
308 1344 456 1413 ἡμέρᾳ
492 1347 550 1412 τῇ
583 1343 762 1411 ἑβδόμῃ
802 1345 981 1393 ἁλῶναι
1016 1341 1100 1405 μὲν
1135 1340 1194 1392 τὰ
1218 1339 1544 1406 Ἰεροσόλυμα,
1580 1361 1693 1389 κατ-

44 1447 90 1486 15
111 1429 438 1491 εμπρησθῆναι
470 1425 517 1476 δὲ
550 1424 633 1476 τὸν
664 1424 794 1488 ναὸν,
821 1428 1203 1491 προσαποθανεῖν
1241 1422 1288 1473 δὲ
1324 1423 1399 1472 καὶ
1432 1419 1516 1471 τὸν
1544 1423 1693 1470 Γοδο-

112 1509 220 1558 λίαν
247 1509 295 1558 ἐν
321 1512 386 1577 τῷ
412 1507 599 1577 ἑβδόμῳ
630 1509 752 1571 μηνὶ,
780 1505 903 1574 τάχα
933 1530 1026 1558 που
1061 1505 1178 1571 πρὸς
1217 1503 1483 1566 ἀνάμνησιν
1508 1504 1590 1564 τῆς
1614 1506 1698 1551 τοῦ

110 1588 358 1658 προφήτου
393 1592 554 1658 φωνῆς
593 1593 635 1640 οἱ
674 1589 953 1640 κατάλοιποι
991 1593 1086 1638 τῶν
1120 1585 1358 1637 Ἰουδαίων
1393 1580 1698 1649 ἐνηνεγμένοι,

111 1671 436 1722 τετυπώκασιν
474 1672 530 1740 ἐξ
565 1670 756 1735 ἁπάσης
794 1674 876 1734 τῆς
914 1670 1189 1736 περιοικίδος
1224 1669 1261 1719 ἐν
1293 1673 1387 1735 μηνὶ
1415 1672 1474 1736 τῷ
1500 1667 1699 1734 πέμπτῳ

113 1756 188 1803 καὶ
227 1755 275 1803 ἐν
312 1756 370 1822 τῇ
405 1752 583 1821 ἑβδόμῃ
614 1759 696 1804 τοῦ
729 1754 875 1816 μηνὸς
912 1751 1180 1813 ἀναβαίνειν
1218 1748 1428 1801 ἅπαντας
1461 1751 1523 1800 εἷς
1552 1747 1696 1812 Ἱερο-

47 1862 95 1886 20
115 1834 320 1897 σόλυμα,
362 1837 437 1885 καὶ
486 1835 682 1900 ἁγιάσαι
731 1834 817 1898 μὲν
861 1833 1094 1897 νηστείαν,
1137 1829 1318 1893 κομμὸν
1370 1829 1417 1879 δὲ
1463 1831 1736 1880 ποιεῖσθαιο

114 1915 325 1982 καθάπερ
360 1917 434 1966 ἐπὶ
469 1921 614 1985 νεκρῷ
648 1918 724 1966 καὶ
759 1914 1027 1980 ἐποιμώζειν
1061 1913 1251 1981 κειμένῳ
1289 1911 1465 1976 τρόπον
1499 1907 1602 1958 τινὰ
1633 1919 1700 1977 τῷ

116 2002 224 2066 ναῷ,
251 2001 309 2065 τῇ
344 2020 393 2048 τε
425 1998 562 2048 πόλει
597 1997 1016 2062 κατεμπρησθείσῃ
1052 1993 1106 2045 τὸ
1141 1996 1190 2044 ἐκ
1225 1996 1306 2056 τῆς
1334 1991 1702 2057 ὑστεροβουλίας

115 2079 314 2146 δάκρυον
358 2080 547 2146 ἐπιχεῖν.
612 2076 761 2147 ᾤοντο
806 2077 867 2139 δὲ,
910 2076 981 2127 ὅτι
1022 2076 1241 2141 λατρείας
1286 2074 1440 2126 αὐτοῖς
1484 2075 1567 2134 τῆς
1612 2072 1697 2121 ἀν-

116 2160 349 2225 δανούσης
390 2163 498 2229 Θεῷ
539 2160 713 2226 τρόπος
757 2160 920 2210 οὑτοσὶ
962 2157 1227 2225 πανσόφως
1266 2155 1530 2223 ἐξηύρηται.
1588 2153 1699 2203 ἀλλ’

49 2264 96 2302 25
117 2241 369 2307 ἐπράττετο
409 2241 493 2304 μὲν
537 2241 602 2292 ἔτι
645 2246 729 2292 τοῦ
762 2239 965 2306 Ἰσραὴλ
1004 2238 1093 2290 ὑπὸ
1131 2237 1213 2289 τὸν
1251 2241 1333 2301 τῆς
1372 2236 1702 2302 αἰχμαλωσίας

118 2323 324 2386 κειμένου
368 2322 526 2389 ζυγὸν,
574 2324 786 2387 οὐδεμιᾶς
837 2321 886 2372 δὲ
927 2322 1176 2390 φροντίδος
1217 2324 1298 2370 τοῦ
1339 2319 1463 2368 θείου
1502 2338 1697 2384 τετυχη-

119 2404 254 2457 κότος
290 2410 416 2454 ναοῦ.

191 2484 384 2548 Ἐπειδὴ
419 2484 467 2536 δὲ
498 2485 780 2548 ἐπανῆλθον,
806 2482 891 2547 τὴν
924 2486 1129 2549 Περσῶν
1162 2481 1358 2549 ἀφέντες
1395 2482 1468 2530 καὶ
1506 2477 1704 2542 Μήδων,

168 2658 201 2692 3.
227 2646 279 2680 καὶ
299 2645 339 2680 C.
357 2645 392 2680 ἐν
408 2644 468 2679 iid.
533 2646 573 2688 τῇ
592 2645 666 2686 ἑβδ.
686 2643 778 2678 Edd.
796 2644 907 2678 invito
926 2642 967 2677 C.
986 2642 1050 2687 (cf.
1068 2642 1159 2676 infra
1177 2642 1242 2686 726
1260 2641 1311 2685 a.)
1548 2647 1582 2683 5.
1608 2640 1626 2671 ὁ
1644 2639 1703 2672 alt.

122 2698 346 2737 assumptum
362 2704 405 2726 ex
423 2692 464 2726 (J.
483 2691 581 2735 (XI.)
786 2691 818 2724 8.
849 2690 945 2723 Haec
963 2690 1015 2722 καὶ
1032 2689 1207 2723 πάντα-ὁ
1224 2687 1464 2732 ἀρχιμάγειρος
1482 2690 1704 2719 accesserunt

122 2751 163 2774 ex
182 2739 275 2774 C.D.
452 2749 505 2772 10.
533 2737 584 2783 ἐν]
611 2742 643 2776 4-
667 2739 712 2783 τῷ
733 2736 773 2771 C.
792 2737 901 2770 invito
920 2736 965 2770 D.
1136 2745 1188 2768 12.
1214 2734 1363 2776 ἐλισαμα
1383 2733 1423 2767 C.
1443 2732 1592 2772 ἐλισάβα
1610 2730 1703 2765 Edd.

127 2787 180 2820 18.
206 2787 438 2820 τετυπὼκασιν
453 2784 584 2819 habent
603 2784 742 2818 B.C·.D.
762 2784 817 2817 De
833 2783 900 2816 hoc
918 2782 1025 2817 verbo
1043 2780 1213 2815 dubitavit
1230 2780 1424 2813 Pontanus.
1578 2788 1630 2821 19.
1651 2777 1705 2810 καὶ

124 2838 347 2876 assumptum
364 2844 405 2865 ex
425 2831 466 2866 C.
516 2833 554 2875 τῇ
574 2843 644 2865 om.
665 2830 705 2864 C.
1109 2838 1163 2862 20.
1188 2826 1359 2861 ποιεῖσθαι
1377 2825 1419 2859 C.
1437 2824 1592 2858 τίθεσθαι
1610 2822 1704 2857 Edd.

127 2889 181 2922 23.
208 2878 327 2913 αὐτοὺς
346 2878 386 2911 C.
439 2877 648 2920 ἁνδανούσης
667 2876 707 2911 C.
726 2874 939 2921 ἀρεσκούσης
958 2873 1050 2908 Edd.
1299 2883 1355 2914 24.
1380 2869 1515 2915 οὑτοσὶ]
1538 2870 1596 2904 Sic
1613 2869 1707 2903 edidi

125 2936 167 2958 ex
186 2923 227 2958 C.
245 2924 305 2969 qui
323 2923 458 2958 οὗτοσεὶ
475 2924 591 2958 habet.
609 2923 706 2960 οὗτος
727 2924 772 2958 D.
793 2921 883 2956 Edd.
949 2921 1128 2966 πάνσοφος
1156 2919 1247 2954 Edd.
1272 2918 1388 2953 invitis
1408 2917 1549 2951 B.C.D.
1609 2914 1706 2960 ἐξηύ-

125 2984 221 3015 ρηται
241 2971 286 3005 D.
306 2970 397 3005 Edd.
417 2970 579 3015 ἐξηύρητο
599 2969 640 3004 C.
834 2977 888 3011 25.
916 2970 976 3002 τοῦ
994 2967 1089 3002 deest
1107 2968 1142 3001 in
1162 2966 1254 3001 Edd.
1273 2970 1352 3000 ante
1371 2964 1505 3009 Migne.
