2053 3382
100 781 188 816 869
203 778 253 814 A.

99 1012 259 1044 S.Matth.

99 1067 175 1087 xxv.
197 1066 247 1094 31.

100 1100 154 1130 Ps.
174 1110 248 1131 xcv.

97 1152 260 1223 *ἑδΜ-ἰῖίῑίι.

99 1246 165 1267 xvl.
186 1244 235 1276 27.

98 1678 132 1708 S.
146 1677 225 1707 Luc.

97 1731 117 1751 ι.
139 1731 147 1750 1
159 1727 184 1760 7.

97 1769 260 1819 ξῖΜειὶῖὴ.

98 1823 142 1844 111.
163 1821 193 1852 3.

99 2005 152 2035 Ps.
172 2016 242 2036 xcv.

103 2057 151 2087 13.

99 2165 229 2215 SLLuc.

98 2219 154 2240 λιι.
173 2219 225 2249 53.

322 174 408 215 624
711 178 762 218 B.
797 176 1073 218 CYRILLI
1119 177 1509 220 ALEXANDR.
1724 178 1779 219 iv.
1803 190 1844 230 4,
1867 188 1906 230 5.

280 295 303 333 5
390 286 468 329 τήν
506 287 668 344 ἡμέραν
709 286 859 345 Κυρίου
901 288 978 331 τήν
1015 290 1205 339 μεΓάλΗν
1250 288 1314 332 καὶ
1358 290 1562 346 ἐπιφανῆ,
1598 288 1645 331 ὃς
1688 289 1908 330 ἀποκατα-

391 369 534 411 στήσει
569 369 747 426 καρδίαν
773 370 937 428 Πατρὸε
970 372 1080 429 Πρὸς
1114 370 1205 414 υἰόν
1233 371 1301 413 καὶ
1337 372 1514 430 καρδίαν
1541 370 1773 429 ἀνθρώπου
1800 371 1907 427 Πρὸς

387 452 461 494 τὸν
488 452 668 495 ΠλΗσίον
697 453 838 506 αὐτοῦ,
864 455 932 496 ἵνα
959 455 1015 504 μὴ
1043 455 1160 497 ἔλθω
1188 455 1257 497 καὶ
1282 457 1463 499 Πατάξω
1488 455 1566 498 τήν
1594 460 1666 504 Γῆν
1693 455 1841 513 ἅρδΗν.

395 594 663 665 Ἀπόδειξις
721 596 1005 662 ἡμερότητος
1060 601 1135 650 καὶ
1195 599 1489 668 ἀνεξικακίας
1539 602 1678 662 Θεοῦ,
1727 597 1782 649 τὸ
1834 598 1910 647 καί

319 677 484 728 Ἠλίαν
523 678 632 742 ἡμῖν
663 678 730 730 τὶν
762 682 980 741 Θεσβὶτην
1011 679 1392 750 προαναλάμψαι
1431 679 1550 731 κατὰ
1589 680 1793 746 καιροὺς,
1833 680 1907 730 ὅτε
1929 701 1950 738 5

281 759 555 826 απαρέσται
592 761 764 812 λοιπὸν
799 763 823 812 ὁ
862 761 1040 828 Κριτὴς
1074 767 1171 816 τοῖς
1206 761 1296 813 ἀνὰ
1334 767 1497 813 πᾶσαν
1524 761 1609 826 τὴν
1640 761 1908 825 οἰκουμένην

321 841 732 908 προαγγέλλοντα.
795 843 1119 909 καταβήσεται
1159 843 1252 911 γὰρ
1291 844 1448 911 κριτὴς
1487 846 1536 895 ἐν
1574 848 1633 911 τῇ
1671 844 1787 913 δόξῃ
1825 850 1908 894 τοῦ

323 928 448 976 Θεοῦ
483 927 559 976 καί
594 924 784 992 Πατρὸς
817 927 842 976 ὁ
870 926 999 989 Υἱὸς,
1031 926 1421 996 δορυφορούντων
1447 926 1680 993 ἀγγέλων,
1707 929 1782 977 καὶ
1817 949 1903 977 κα·

322 1010 486 1058 θιεῖται
512 1006 598 1071 μὲν
617 1014 645 1036 “
661 1008 735 1059 ἐπὶ
761 1007 932 1073 θρόνου
958 1007 1101 1078 δόξης
1127 1009 1309 1072 αὖτοῦ,”
1332 1010 1502 1075 κρίνων
1527 1008 1612 1073 τὴν
1639 1009 1909 1072 οἰκουμένην

322 1090 371 1139 ἐν
396 1088 688 1158 δικαιοσύνῃ,
723 1090 963 1141 ἀποδώσει
998 1091 1045 1141 δὲ
1080 1090 1269 1145 πάντως
1304 1090 1489 1161 ἑκάστῳ
1525 1089 1645 1141 κατὰ
1678 1089 1732 1141 τὸ
1768 1090 1907 1155 ἔργον
1931 1114 1978 1139 10

322 1172 477 1223 αὐτοῦ.
530 1171 685 1234 ἐπειδὴ
721 1170 769 1222 δὲ
803 1173 851 1221 ἐν
882 1173 1131 1226 πλείσταις
1166 1171 1309 1235 ε’σμέν
1345 1174 1603 1237 ἁμαρτίαις,
1637 1171 1908 1237 προβαδίζει

321 1253 567 1321 χρησίμως
603 1253 627 1303 ὁ
665 1253 918 1307 θεσπέσιος
952 1253 1214 1323 προφήτης,
1250 1259 1312 1308 εἰς
1347 1255 1619 1323 ὁμοψυχίαν
1645 1254 1776 1318 ἄγων
1801 1252 1907 1306 τοὺς

320 1337 394 1386 ἐπὶ
418 1338 501 1399 τῆς
525 1338 625 1400 γῆς,
652 1335 727 1386 ἵνα
763 1335 820 1399 δὴ
851 1335 1128 1399 σύμπαντες
1162 1340 1224 1390 εἰς
1259 1336 1453 1401 ἑνότητα
1479 1336 1565 1400 τὴν
1592 1335 1668 1387 διὰ
1701 1335 1907 1389 πίστεως

319 1417 626 1482 ἐνηνεγμένοι,
672 1418 748 1467 καί
789 1421 884 1467 τῶν
924 1422 984 1471 εἰς
1031 1417 1312 1486 φαυλότητα
1354 1417 1744 1481 σπουδασμάτων
1781 1418 1903 1468 ἀπο·

274 1499 627 1563 ὺπαυσάμενοι,
666 1505 883 1565 πληροῦν
920 1499 1103 1550 ἕλοιντο
1142 1499 1195 1551 τὸ
1234 1499 1427 1566 ἀγαθὸν,
1467 1502 1588 1551 οὕτω
1623 1523 1672 1551 τε
1710 1504 1906 1550 σωθεῖεν
1930 1521 1974 1557 ¹5

319 1580 759 1648 καταφοιτήσαντος
797 1586 880 1631 τοῦ
921 1585 1109 1647 Κριτοῦ.
1162 1581 1356 1649 φθάσας
1390 1581 1474 1646 μὲν
1505 1583 1586 1632 οὖν
1618 1583 1643 1632 ὁ
1677 1580 1902 1645 μακάριος

322 1661 598 1726 Βαπτιστὴς
622 1662 842 1727 Ἰωάννης
875 1666 1114 1728 προῆλθεν
1141 1670 1167 1693 “
1182 1665 1231 1714 ἐν
1256 1663 1489 1728 πνεύματί
1518 1686 1565 1714 τε
1604 1665 1679 1714 καὶ
1713 1662 1903 1724 δυνάμει

323 1752 352 1774 “
377 1744 596 1796 Ἠλίου.”
655 1743 766 1794 ἀλλ’
804 1742 967 1808 ὥσπερ
1009 1743 1148 1798 αὐτὸς
1194 1745 1456 1811 διεκήρυττε
1508 1745 1663 1811 λέγων
1702 1745 1903 1795 ί(Ἑτοι-

321 1833 348 1856 “
373 1825 559 1889 μάσατε
610 1825 697 1889 τὴν
741 1825 851 1876 ὁδὸν
898 1827 1088 1891 Κυρίου,
1134 1827 1310 1881 εὐθείας
1359 1832 1529 1878 ποιεῖτε
1580 1826 1664 1880 τὰς
1713 1828 1903 1893 τρίβους

321 1915 348 1938 “
374 1908 555 1971 αὐτοῦ,”
599 1908 720 1959 οὕτω
766 1910 842 1958 καὶ
887 1908 912 1958 ὁ
961 1908 1216 1962 θεσπέσιος
1257 1909 1432 1963 Ἱ-Ιλιάς
1476 1907 1616 1974 ἐγγὺς
1654 1907 1768 1959 ὅντα
1806 1910 1903 1959 δια-
1926 1933 1975 1957 20

321 1989 532 2057 κηρύττει
562 1988 681 2053 τότε,
715 1992 790 2041 καὶ
826 1989 944 2040 ὅσον
971 1990 1151 2042 οὐδέπω
1186 1990 1525 2057 παρεσόμενον,
1551 1991 1627 2041 ἵνα
1663 1990 1795 2059 κρίνῃ
1818 1989 1904 2055 τὴν

320 2071 590 2136 οἰκουμένην
635 2073 684 2122 ἐν
728 2070 1018 2140 δικαιοσύνῃ.
1091 2074 1166 2123 καὶ
1217 2078 1299 2123 νῦν
1341 2072 1426 2136 μὲν
1469 2072 1585 2126 ἴσως
1635 2072 1908 2140 διχονοοῦσί

319 2177 453 2217 τινες,
493 2156 568 2205 καί
610 2153 886 2221 μεμέρισται
925 2154 1082 2220 πατὴρ
1122 2152 1208 2216 μὲν
1247 2153 1367 2221 πρὸς
1409 2154 1519 2217 υἱὸν,
1564 2153 1659 2208 υἱὸς
1700 2154 1747 2205 δὲ
1784 2153 1903 2220 πρὸς

282 2237 516 2304 ρπατέρα.
584 2237 609 2286 ὁ
652 2235 738 2300 μὲν
776 2234 869 2301 γὰρ
911 2236 1221 2287 πεπίστευκεν
1260 2240 1323 2290 εἰς
1365 2235 1600 2301 Χριστὸν,
1647 2236 1672 2286 ὁ
1716 2235 1765 2287 δὲ
1806 2241 1903 2290 τοῖς

320 2319 538 2372 ἀπίστοις
562 2319 693 2369 ἐστὶν
716 2318 991 2383 ἐναρίθμιος,
1015 2317 1160 2383 ἕτεροι
1188 2317 1236 2368 δὲ
1263 2317 1539 2382 διεστήκασι
1564 2320 1647 2382 τῆς
1672 2316 1903 2382 ἀλλήλων
1924 2344 1972 2381 25

319 2399 520 2466 ἀγάπης,
571 2399 963 2466 διεσχοινισμένοι
1019 2399 1137 2465 πρὸς
1194 2399 1368 2467 ἔχθραν
1417 2402 1492 2450 καὶ
1550 2398 1903 2464 ἀκαταλήκτους

319 2482 480 2548 ὀργὰς,
531 2483 607 2533 καὶ
653 2480 737 2536 τὰς
794 2482 866 2550 ἐφ’
918 2483 1095 2551 ὁτῳοῦν
1141 2486 1237 2533 τῶν
1286 2483 1334 2532 ἐν
1385 2482 1555 2550 κόσμῳ
1609 2480 1902 2547 πραγμάτων

321 2564 621 2633 φιλονεικίας.
685 2562 1072 2628 ἀποκαταστήσει
1114 2563 1263 2630 γεμὴν
1306 2565 1331 2615 ὁ
1375 2562 1640 2632 προφήτης,
1685 2567 1748 2617 εἰς
1789 2563 1902 2626 μίαν

365 2717 399 2752 3.
424 2705 477 2741 ἵνα
494 2706 538 2751 μὴ
556 2706 650 2742 ἔλθω
668 2707 720 2741 καὶ
741 2707 777 2741 F.
796 2705 888 2741 Edd·
906 2706 950 2741 cf.
970 2707 1070 2742 infra.
1087 2706 1132 2751 μὴ
1150 2706 1260 2740 ἐλθὼν
1279 2706 1320 2740 B.
1340 2706 1416 2751 (22.
1436 2704 1501 2750 al.)
1647 2715 1680 2747 4.
1706 2703 1761 2750 τὸ]
1781 2706 1839 2739 τὸν
1857 2704 1901 2741 Β.

319 2763 352 2795 5.
377 2753 450 2799 ὅτε]
471 2754 523 2787 ὅτι
541 2754 690 2788 correxit
708 2754 844 2799 Migne.
967 2755 1000 2788 8.
1031 2754 1129 2788 Haec
1146 2756 1164 2787 ὁ
1182 2754 1260 2789 Υἱὸς
1277 2759 1498 2787 accesserunt
1514 2763 1556 2786 ex
1576 2750 1617 2785 B.
1741 2762 1794 2785 12.
1821 2753 1901 2795 ὁμο-

319 2800 468 2846 ψυχίαν]
487 2801 720 2846 ὀλιγοψυχίαν
738 2800 782 2835 Β.
882 2811 935 2843 14.
960 2799 1189 2846 ἐνηνεγμένοι]
1206 2799 1444 2845 συνενηγμένοι
1464 2798 1566 2832 Pont.
1585 2796 1788 2842 συνηγμένοι
1805 2799 1900 2834 Aub-

323 2856 376 2891 17.
401 2861 436 2880 τε
454 2852 678 2893 assumptum
696 2859 738 2881 ex
758 2847 802 2882 Β.
930 2858 986 2881 20.
1012 2846 1132 2892 αὐτοῦ]
1152 2849 1211 2880 τοῦ
1229 2849 1317 2880 Θεοῦ
1334 2846 1426 2889 ἡμῶν
1443 2844 1536 2879 Edd.
1594 2843 1716 2879 Ἠλίας
1733 2844 1838 2879 habet
1856 2845 1901 2879 B.

319 2892 510 2936 διακηρύξει
526 2893 588 2928 iid.
685 2904 741 2939 23.
765 2893 876 2939 πατὴρ
893 2894 954 2937 μὲν
971 2893 1038 2928 hoc
1055 2893 1177 2927 ordine
1197 2893 1239 2927 B.
1288 2891 1341 2938 δέ]
1366 2896 1403 2932 4-
1424 2892 1467 2927 ὡς
1485 2890 1544 2926 iid.
1641 2900 1697 2935 25.
1722 2890 1880 2926 ἀπίστοις

318 2938 527 2975 ἀποστόλοις
544 2939 605 2975 iid.
750 2940 806 2975 26.
832 2939 1137 2986 διεσχοινισμένοι]
1156 2939 1390 2985 διεσχισμένοι
1407 2937 1468 2973 iid.
1620 2938 1676 2972 28.
1701 2937 1879 2983 προφήτης

324 2989 359 3024 -ὶ-
382 2985 434 3019 καὶ
451 2985 510 3021 iid.
