<?xml version="1.0" encoding="UTF-8"?>
<!DOCTYPE html PUBLIC "-//W3C//DTD XHTML 1.0 Transitional//EN"
    "http://www.w3.org/TR/xhtml1/DTD/xhtml1-transitional.dtd">
<html xmlns="http://www.w3.org/1999/xhtml" xml:lang="en" lang="en">
 <head>
  <title>
</title>
<meta http-equiv="Content-Type" content="text/html;charset=utf-8" />
  <meta name='ocr-system' content='tesseract 3.04.00' />
  <meta name='ocr-capabilities' content='ocr_page ocr_carea ocr_par ocr_line ocrx_word'/>
</head>
<body>
  <div class='ocr_page' id='page_1' title='image "./operacyrilli02cyriuoft/operacyrilli02cyriuoft_0336.png"; bbox 0 0 2007 3387; ppageno 0'>
   <div class='ocr_carea' id='block_1_1' title="bbox 90 897 1886 953">
    <p class='ocr_par' dir='ltr' id='par_1_1' title="bbox 90 897 1886 953">
     <span class='ocr_line' id='line_1_1' title="bbox 90 897 1886 953; baseline 0.001 -3"><span class='ocrx_word' id='word_1_1' title='bbox 90 898 462 952; x_wconf 69' lang='lat' dir='ltr'><strong>682A.aE12</strong></span> <span class='ocrx_word' id='word_1_2' title='bbox 527 898 716 953; x_wconf 89' lang='lat' dir='ltr'>TON</span> <span class='ocrx_word' id='word_1_3' title='bbox 782 899 1312 953; x_wconf 81' lang='grc' dir='ltr'>ΠΡΟΦΗΤΗΝ</span> <span class='ocrx_word' id='word_1_4' title='bbox 1378 897 1886 953; x_wconf 82' lang='grc' dir='ltr'><strong>ΖΑΧΑΡΙΑΝ.</strong></span> 
     </span>
    </p>
   </div>
   <div class='ocr_carea' id='block_1_2' title="bbox 90 1299 258 1353">
    <p class='ocr_par' dir='ltr' id='par_1_2' title="bbox 90 1299 258 1353">
     <span class='ocr_line' id='line_1_2' title="bbox 90 1299 258 1353; baseline 0 -12"><span class='ocrx_word' id='word_1_5' title='bbox 90 1304 190 1353; x_wconf 86' lang='grc' dir='ltr'>Κεφ.</span> <span class='ocrx_word' id='word_1_6' title='bbox 213 1299 258 1341; x_wconf 80' lang='grc' dir='ltr'>δ’.</span> 
     </span>
    </p>
   </div>
   <div class='ocr_carea' id='block_1_3' title="bbox 271 1399 290 1424">
    <p class='ocr_par' dir='ltr' id='par_1_3' title="bbox 271 1399 290 1424">
     <span class='ocr_line' id='line_1_3' title="bbox 271 1399 290 1424; baseline 0 0"><span class='ocrx_word' id='word_1_7' title='bbox 271 1399 290 1424; x_wconf 86' lang='grc'><strong>2</strong></span> 
     </span>
    </p>
   </div>
   <div class='ocr_carea' id='block_1_4' title="bbox 651 1118 1542 1174">
    <p class='ocr_par' dir='ltr' id='par_1_4' title="bbox 651 1118 1542 1174">
     <span class='ocr_line' id='line_1_4' title="bbox 651 1118 1542 1174; baseline 0.001 -2"><span class='ocrx_word' id='word_1_8' title='bbox 651 1118 971 1173; x_wconf 81' lang='grc' dir='ltr'>ΤΟΜΟΣ</span> <span class='ocrx_word' id='word_1_9' title='bbox 1038 1119 1542 1174; x_wconf 73' lang='grc' dir='ltr'><strong>ΔΕΥΤΕΡΟΣ.</strong></span> 
     </span>
    </p>
   </div>
   <div class='ocr_carea' id='block_1_5' title="bbox 315 1297 1935 1769">
    <p class='ocr_par' dir='ltr' id='par_1_5' title="bbox 315 1297 1935 1769">
     <span class='ocr_line' id='line_1_5' title="bbox 315 1297 1891 1356; baseline -0.001 -16"><span class='ocrx_word' id='word_1_10' title='bbox 315 1297 390 1340; x_wconf 81' lang='grc' dir='ltr'>Καὶ</span> <span class='ocrx_word' id='word_1_11' title='bbox 416 1298 679 1356; x_wconf 73' lang='grc' dir='ltr'>ἐπέστρεψεν</span> <span class='ocrx_word' id='word_1_12' title='bbox 706 1300 728 1342; x_wconf 87' lang='grc' dir='ltr'>ὁ</span> <span class='ocrx_word' id='word_1_13' title='bbox 756 1299 932 1347; x_wconf 74' lang='grc' dir='ltr'>α”Π-ελοο</span> <span class='ocrx_word' id='word_1_14' title='bbox 970 1300 992 1344; x_wconf 89' lang='grc' dir='ltr'>ὁ</span> <span class='ocrx_word' id='word_1_15' title='bbox 1030 1300 1176 1342; x_wconf 77' lang='grc' dir='ltr'>λαλῶν</span> <span class='ocrx_word' id='word_1_16' title='bbox 1214 1301 1258 1342; x_wconf 80' lang='grc' dir='ltr'>ὲν</span> <span class='ocrx_word' id='word_1_17' title='bbox 1296 1299 1404 1351; x_wconf 77' lang='grc' dir='ltr'>ἐμοὶ,</span> <span class='ocrx_word' id='word_1_18' title='bbox 1432 1299 1500 1341; x_wconf 79' lang='grc' dir='ltr'>καὶ</span> <span class='ocrx_word' id='word_1_19' title='bbox 1536 1299 1728 1356; x_wconf 63' lang='grc' dir='ltr'>ἑξήτειρέ</span> <span class='ocrx_word' id='word_1_20' title='bbox 1760 1314 1811 1348; x_wconf 83' lang='grc' dir='ltr'>με</span> <span class='ocrx_word' id='word_1_21' title='bbox 1843 1299 1891 1343; x_wconf 85' lang='grc' dir='ltr'>ὃν</span> 
     </span>
     <span class='ocr_line' id='line_1_6' title="bbox 380 1378 1892 1441; baseline -0.001 -17"><span class='ocrx_word' id='word_1_22' title='bbox 380 1383 537 1439; x_wconf 81' lang='grc' dir='ltr'>τρόπον</span> <span class='ocrx_word' id='word_1_23' title='bbox 580 1384 683 1425; x_wconf 85' lang='grc' dir='ltr'>ὅταν</span> <span class='ocrx_word' id='word_1_24' title='bbox 723 1383 924 1441; x_wconf 60' lang='grc' dir='ltr'>ὲΕεΓερθξι</span> <span class='ocrx_word' id='word_1_25' title='bbox 966 1384 1197 1440; x_wconf 71' lang='grc' dir='ltr'>ἄνθρωπος</span> <span class='ocrx_word' id='word_1_26' title='bbox 1240 1384 1284 1427; x_wconf 74' lang='grc' dir='ltr'>ἐξ</span> <span class='ocrx_word' id='word_1_27' title='bbox 1329 1386 1461 1426; x_wconf 78' lang='grc' dir='ltr'>ὕπνου</span> <span class='ocrx_word' id='word_1_28' title='bbox 1505 1383 1647 1434; x_wconf 79' lang='grc' dir='ltr'>αὐτοῦ,</span> <span class='ocrx_word' id='word_1_29' title='bbox 1693 1382 1761 1423; x_wconf 81' lang='grc' dir='ltr'>καὶ</span> <span class='ocrx_word' id='word_1_30' title='bbox 1799 1378 1892 1423; x_wconf 81' lang='grc' dir='ltr'>εἶπε</span> 
     </span>
     <span class='ocr_line' id='line_1_7' title="bbox 379 1463 1935 1524; baseline -0.001 -17"><span class='ocrx_word' id='word_1_31' title='bbox 379 1465 486 1523; x_wconf 71' lang='grc' dir='ltr'>πρὸς</span> <span class='ocrx_word' id='word_1_32' title='bbox 525 1466 576 1514; x_wconf 72' lang='grc' dir='ltr'>με</span> <span class='ocrx_word' id='word_1_33' title='bbox 615 1464 667 1507; x_wconf 80' lang='grc' dir='ltr'>Τί</span> <span class='ocrx_word' id='word_1_34' title='bbox 703 1465 751 1508; x_wconf 86' lang='grc' dir='ltr'>σὺ</span> <span class='ocrx_word' id='word_1_35' title='bbox 789 1467 985 1519; x_wconf 63' lang='grc' dir='ltr'>βλέπε-ηας</span> <span class='ocrx_word' id='word_1_36' title='bbox 1025 1466 1093 1507; x_wconf 78' lang='grc' dir='ltr'>καὶ</span> <span class='ocrx_word' id='word_1_37' title='bbox 1132 1463 1230 1508; x_wconf 76' lang='grc' dir='ltr'>εἶπα</span> <span class='ocrx_word' id='word_1_38' title='bbox 1264 1467 1471 1524; x_wconf 80' lang='grc' dir='ltr'>Ἑώρακα</span> <span class='ocrx_word' id='word_1_39' title='bbox 1511 1466 1578 1507; x_wconf 76' lang='grc' dir='ltr'>καὶ</span> <span class='ocrx_word' id='word_1_40' title='bbox 1616 1465 1707 1508; x_wconf 72' lang='grc' dir='ltr'>ἰδοὺ</span> <span class='ocrx_word' id='word_1_41' title='bbox 1746 1465 1935 1521; x_wconf 86' lang='grc' dir='ltr'>λυχνία5</span> 
     </span>
     <span class='ocr_line' id='line_1_8' title="bbox 380 1550 1891 1606; baseline 0.002 -17"><span class='ocrx_word' id='word_1_42' title='bbox 380 1554 508 1606; x_wconf 64' lang='grc' dir='ltr'>χρυσῆ</span> <span class='ocrx_word' id='word_1_43' title='bbox 545 1551 638 1601; x_wconf 81' lang='grc' dir='ltr'>ὃλΗ,</span> <span class='ocrx_word' id='word_1_44' title='bbox 678 1550 746 1591; x_wconf 80' lang='grc' dir='ltr'>καὶ</span> <span class='ocrx_word' id='word_1_45' title='bbox 780 1551 828 1593; x_wconf 83' lang='grc' dir='ltr'>τὸ</span> <span class='ocrx_word' id='word_1_46' title='bbox 863 1550 1104 1599; x_wconf 73' lang='grc' dir='ltr'>λαμπάδιον</span> <span class='ocrx_word' id='word_1_47' title='bbox 1142 1551 1290 1592; x_wconf 80' lang='grc' dir='ltr'>ἐπάνω</span> <span class='ocrx_word' id='word_1_48' title='bbox 1327 1552 1472 1603; x_wconf 56' lang='grc' dir='ltr'>αὐτῆς,</span> <span class='ocrx_word' id='word_1_49' title='bbox 1504 1551 1571 1592; x_wconf 78' lang='grc' dir='ltr'>καὶ</span> <span class='ocrx_word' id='word_1_50' title='bbox 1603 1551 1710 1592; x_wconf 77' lang='grc' dir='ltr'>ἑπτά</span> <span class='ocrx_word' id='word_1_51' title='bbox 1748 1552 1891 1606; x_wconf 83' lang='grc' dir='ltr'>λύχνοι</span> 
     </span>
     <span class='ocr_line' id='line_1_9' title="bbox 379 1631 1893 1691; baseline 0.001 -17"><span class='ocrx_word' id='word_1_52' title='bbox 379 1633 531 1674; x_wconf 77' lang='grc' dir='ltr'>ἐπάνω</span> <span class='ocrx_word' id='word_1_53' title='bbox 557 1634 702 1686; x_wconf 60' lang='grc' dir='ltr'>αὐτῆς,</span> <span class='ocrx_word' id='word_1_54' title='bbox 730 1634 794 1675; x_wconf 80' lang='grc' dir='ltr'>καὶ</span> <span class='ocrx_word' id='word_1_55' title='bbox 820 1634 927 1676; x_wconf 75' lang='grc' dir='ltr'>ἑπτά</span> <span class='ocrx_word' id='word_1_56' title='bbox 954 1634 1262 1691; x_wconf 76' lang='grc' dir='ltr'>ἐπαρυστρίὸεο</span> <span class='ocrx_word' id='word_1_57' title='bbox 1292 1631 1381 1675; x_wconf 69' lang='grc' dir='ltr'>τοῖς</span> <span class='ocrx_word' id='word_1_58' title='bbox 1414 1635 1580 1690; x_wconf 72' lang='grc' dir='ltr'>λύχνοις</span> <span class='ocrx_word' id='word_1_59' title='bbox 1618 1632 1706 1676; x_wconf 70' lang='grc' dir='ltr'>τοῖς</span> <span class='ocrx_word' id='word_1_60' title='bbox 1744 1635 1893 1675; x_wconf 80' lang='grc' dir='ltr'>ὲπάνω</span> 
     </span>
     <span class='ocr_line' id='line_1_10' title="bbox 382 1714 1893 1769; baseline 0.001 -12"><span class='ocrx_word' id='word_1_61' title='bbox 382 1716 528 1769; x_wconf 61' lang='grc' dir='ltr'>αὐτῆς,</span> <span class='ocrx_word' id='word_1_62' title='bbox 556 1717 625 1758; x_wconf 78' lang='grc' dir='ltr'>καὶ</span> <span class='ocrx_word' id='word_1_63' title='bbox 662 1716 737 1758; x_wconf 74' lang='grc' dir='ltr'>δύο</span> <span class='ocrx_word' id='word_1_64' title='bbox 773 1714 915 1758; x_wconf 73' lang='grc' dir='ltr'>ἐλαῖαι</span> <span class='ocrx_word' id='word_1_65' title='bbox 952 1718 1102 1759; x_wconf 87' lang='grc' dir='ltr'>ἐπάνω</span> <span class='ocrx_word' id='word_1_66' title='bbox 1139 1717 1285 1769; x_wconf 60' lang='grc' dir='ltr'>αὐτῆς,</span> <span class='ocrx_word' id='word_1_67' title='bbox 1311 1717 1384 1766; x_wconf 84' lang='grc' dir='ltr'>μία</span> <span class='ocrx_word' id='word_1_68' title='bbox 1423 1718 1469 1759; x_wconf 81' lang='grc' dir='ltr'>ὲκ</span> <span class='ocrx_word' id='word_1_69' title='bbox 1502 1717 1655 1761; x_wconf 74' lang='grc' dir='ltr'>δεξιῶν</span> <span class='ocrx_word' id='word_1_70' title='bbox 1680 1721 1754 1759; x_wconf 84' lang='grc' dir='ltr'>τοῦ</span> <span class='ocrx_word' id='word_1_71' title='bbox 1786 1725 1893 1766; x_wconf 84' lang='grc' dir='ltr'>λαμ-</span> 
     </span>
    </p>
   </div>
   <div class='ocr_carea' id='block_1_6' title="bbox 381 1799 1231 1850">
    <p class='ocr_par' dir='ltr' id='par_1_6' title="bbox 381 1799 1231 1850">
     <span class='ocr_line' id='line_1_11' title="bbox 381 1799 1231 1850; baseline 0.001 -8"><span class='ocrx_word' id='word_1_72' title='bbox 381 1799 535 1842; x_wconf 76' lang='grc' dir='ltr'>παδίου</span> <span class='ocrx_word' id='word_1_73' title='bbox 562 1801 692 1842; x_wconf 65' lang='grc' dir='ltr'>αὐτῆς</span> <span class='ocrx_word' id='word_1_74' title='bbox 719 1800 787 1841; x_wconf 80' lang='grc' dir='ltr'>καὶ</span> <span class='ocrx_word' id='word_1_75' title='bbox 812 1800 886 1850; x_wconf 83' lang='grc' dir='ltr'>μία</span> <span class='ocrx_word' id='word_1_76' title='bbox 913 1801 958 1845; x_wconf 72' lang='grc' dir='ltr'>ἐξ</span> <span class='ocrx_word' id='word_1_77' title='bbox 984 1801 1231 1850; x_wconf 83' lang='grc' dir='ltr'>εὐωνύμων.</span> 
     </span>
    </p>
   </div>
   <div class='ocr_carea' id='block_1_7' title="bbox 312 1927 1962 2412">
    <p class='ocr_par' dir='ltr' id='par_1_7' title="bbox 312 1927 1962 2412">
     <span class='ocr_line' id='line_1_12' title="bbox 388 1927 1962 2001; baseline 0 -19"><span class='ocrx_word' id='word_1_78' title='bbox 388 1929 460 1982; x_wconf 81' lang='grc' dir='ltr'>Τὸ</span> <span class='ocrx_word' id='word_1_79' title='bbox 501 1927 772 2001; x_wconf 64' lang='grc' dir='ltr'>ἐπέστρεψεν</span> <span class='ocrx_word' id='word_1_80' title='bbox 811 1931 860 1982; x_wconf 85' lang='grc' dir='ltr'>ἐν</span> <span class='ocrx_word' id='word_1_81' title='bbox 908 1930 1089 1986; x_wconf 73' lang='grc' dir='ltr'>τούτοις·</span> <span class='ocrx_word' id='word_1_82' title='bbox 1133 1932 1220 1999; x_wconf 83' lang='grc' dir='ltr'>οὐχ</span> <span class='ocrx_word' id='word_1_83' title='bbox 1263 1933 1324 1985; x_wconf 81' lang='grc' dir='ltr'>ὡς</span> <span class='ocrx_word' id='word_1_84' title='bbox 1368 1932 1417 1983; x_wconf 85' lang='grc' dir='ltr'>ἐκ</span> <span class='ocrx_word' id='word_1_85' title='bbox 1458 1929 1606 1983; x_wconf 85' lang='grc' dir='ltr'>τόπου</span> <span class='ocrx_word' id='word_1_86' title='bbox 1646 1929 1890 1995; x_wconf 88' lang='grc' dir='ltr'>νοήσομεν·</span> <span class='ocrx_word' id='word_1_87' title='bbox 1913 1955 1962 1982; x_wconf 90' lang='lat'>10</span> 
     </span>
     <span class='ocr_line' id='line_1_13' title="bbox 313 2012 1893 2082; baseline 0 -18"><span class='ocrx_word' id='word_1_88' title='bbox 313 2014 470 2078; x_wconf 76' lang='grc' dir='ltr'>εὔηθες·</span> <span class='ocrx_word' id='word_1_89' title='bbox 510 2012 605 2080; x_wconf 80' lang='grc' dir='ltr'>γὰρ</span> <span class='ocrx_word' id='word_1_90' title='bbox 645 2017 827 2081; x_wconf 63' lang='grc' dir='ltr'>κομιδῇ</span> <span class='ocrx_word' id='word_1_91' title='bbox 869 2019 1116 2078; x_wconf 86' lang='grc' dir='ltr'>νομιοῦμεν</span> <span class='ocrx_word' id='word_1_92' title='bbox 1155 2013 1203 2064; x_wconf 82' lang='grc' dir='ltr'>δὲ</span> <span class='ocrx_word' id='word_1_93' title='bbox 1231 2018 1436 2077; x_wconf 85' lang='grc' dir='ltr'>μᾶλλον,</span> <span class='ocrx_word' id='word_1_94' title='bbox 1473 2012 1559 2077; x_wconf 87' lang='grc' dir='ltr'>τὴν</span> <span class='ocrx_word' id='word_1_95' title='bbox 1597 2015 1659 2068; x_wconf 80' lang='grc' dir='ltr'>ὡς</span> <span class='ocrx_word' id='word_1_96' title='bbox 1695 2013 1753 2082; x_wconf 80' lang='grc' dir='ltr'>ἐξ</span> <span class='ocrx_word' id='word_1_97' title='bbox 1783 2012 1893 2080; x_wconf 80' lang='grc' dir='ltr'>ὁρά-</span> 
     </span>
     <span class='ocr_line' id='line_1_14' title="bbox 313 2094 1889 2165; baseline 0.001 -20"><span class='ocrx_word' id='word_1_98' title='bbox 313 2117 436 2149; x_wconf 74' lang='grc' dir='ltr'>σεως</span> <span class='ocrx_word' id='word_1_99' title='bbox 473 2098 555 2160; x_wconf 79' lang='grc' dir='ltr'>τῆς</span> <span class='ocrx_word' id='word_1_100' title='bbox 592 2096 641 2146; x_wconf 81' lang='grc' dir='ltr'>ἐν</span> <span class='ocrx_word' id='word_1_101' title='bbox 678 2098 843 2163; x_wconf 78' lang='grc' dir='ltr'>χερσὶν</span> <span class='ocrx_word' id='word_1_102' title='bbox 878 2094 951 2164; x_wconf 82' lang='grc' dir='ltr'>ἐφ’</span> <span class='ocrx_word' id='word_1_103' title='bbox 979 2096 1139 2162; x_wconf 80' lang='grc' dir='ltr'>ἑτέραν</span> <span class='ocrx_word' id='word_1_104' title='bbox 1171 2095 1305 2150; x_wconf 73' lang='grc' dir='ltr'>εὐθὺς</span> <span class='ocrx_word' id='word_1_105' title='bbox 1342 2097 1417 2146; x_wconf 79' lang='grc' dir='ltr'>καὶ</span> <span class='ocrx_word' id='word_1_106' title='bbox 1449 2095 1635 2162; x_wconf 79' lang='grc' dir='ltr'>γείτονα</span> <span class='ocrx_word' id='word_1_107' title='bbox 1658 2096 1889 2165; x_wconf 86' lang='grc' dir='ltr'>μεταφοί-</span> 
     </span>
     <span class='ocr_line' id='line_1_15' title="bbox 312 2176 1893 2247; baseline 0.001 -18"><span class='ocrx_word' id='word_1_108' title='bbox 312 2201 466 2242; x_wconf 88' lang='grc' dir='ltr'>τησιν,</span> <span class='ocrx_word' id='word_1_109' title='bbox 493 2181 640 2242; x_wconf 86' lang='grc' dir='ltr'>δῆλον</span> <span class='ocrx_word' id='word_1_110' title='bbox 665 2177 713 2228; x_wconf 84' lang='grc' dir='ltr'>δὲ</span> <span class='ocrx_word' id='word_1_111' title='bbox 740 2177 809 2229; x_wconf 83' lang='grc' dir='ltr'>ὅτι</span> <span class='ocrx_word' id='word_1_112' title='bbox 834 2177 1166 2242; x_wconf 86' lang='grc' dir='ltr'>πνευματικήν.</span> <span class='ocrx_word' id='word_1_113' title='bbox 1218 2177 1372 2242; x_wconf 87' lang='grc' dir='ltr'>ἐπειδὴ</span> <span class='ocrx_word' id='word_1_114' title='bbox 1399 2176 1445 2229; x_wconf 80' lang='grc' dir='ltr'>δὲ</span> <span class='ocrx_word' id='word_1_115' title='bbox 1477 2177 1664 2247; x_wconf 79' lang='grc' dir='ltr'>νήψεως</span> <span class='ocrx_word' id='word_1_116' title='bbox 1689 2177 1893 2243; x_wconf 83' lang='grc' dir='ltr'>ἀκράτου</span> 
     </span>
     <span class='ocr_line' id='line_1_16' title="bbox 313 2258 1893 2328; baseline -0.001 -17"><span class='ocrx_word' id='word_1_117' title='bbox 313 2260 444 2328; x_wconf 83' lang='grc' dir='ltr'>χρεία</span> <span class='ocrx_word' id='word_1_118' title='bbox 469 2261 545 2311; x_wconf 82' lang='grc' dir='ltr'>καὶ</span> <span class='ocrx_word' id='word_1_119' title='bbox 576 2262 658 2324; x_wconf 83' lang='grc' dir='ltr'>τῆς</span> <span class='ocrx_word' id='word_1_120' title='bbox 685 2258 800 2327; x_wconf 76' lang='grc' dir='ltr'>ὑπὲρ</span> <span class='ocrx_word' id='word_1_121' title='bbox 834 2266 943 2311; x_wconf 86' lang='grc' dir='ltr'>νοῦν</span> <span class='ocrx_word' id='word_1_122' title='bbox 979 2258 1062 2311; x_wconf 77' lang='grc' dir='ltr'>τὸν</span> <span class='ocrx_word' id='word_1_123' title='bbox 1095 2259 1401 2327; x_wconf 81' lang='grc' dir='ltr'>ἀνθρώπινον,</span> <span class='ocrx_word' id='word_1_124' title='bbox 1427 2259 1476 2311; x_wconf 79' lang='grc' dir='ltr'>ἕν</span> <span class='ocrx_word' id='word_1_125' title='bbox 1501 2283 1554 2326; x_wconf 89' lang='grc' dir='ltr'>γε</span> <span class='ocrx_word' id='word_1_126' title='bbox 1589 2259 1646 2324; x_wconf 84' lang='grc' dir='ltr'>δὴ</span> <span class='ocrx_word' id='word_1_127' title='bbox 1676 2260 1893 2324; x_wconf 82' lang='grc' dir='ltr'>μάλιστα</span> 
     </span>
     <span class='ocr_line' id='line_1_17' title="bbox 314 2341 1960 2412; baseline -0.002 -19"><span class='ocrx_word' id='word_1_128' title='bbox 314 2341 507 2405; x_wconf 79' lang='grc' dir='ltr'>τούτοις,</span> <span class='ocrx_word' id='word_1_129' title='bbox 559 2341 737 2406; x_wconf 86' lang='grc' dir='ltr'>λεπτὴν</span> <span class='ocrx_word' id='word_1_130' title='bbox 785 2341 971 2394; x_wconf 77' lang='grc' dir='ltr'>ἐνετίθει</span> <span class='ocrx_word' id='word_1_131' title='bbox 1019 2341 1305 2409; x_wconf 83' lang='grc' dir='ltr'>ἐγρήγορσιν</span> <span class='ocrx_word' id='word_1_132' title='bbox 1353 2345 1421 2412; x_wconf 74' lang='grc' dir='ltr'>τῷ</span> <span class='ocrx_word' id='word_1_133' title='bbox 1472 2341 1708 2411; x_wconf 87' lang='grc' dir='ltr'>Προφήτῃ</span> <span class='ocrx_word' id='word_1_134' title='bbox 1753 2341 1890 2406; x_wconf 83' lang='grc' dir='ltr'>Θεὸς,</span> <span class='ocrx_word' id='word_1_135' title='bbox 1913 2361 1960 2401; x_wconf 87' lang='lat'>15</span> 
     </span>
    </p>
   </div>
   <div class='ocr_carea' id='block_1_8' title="bbox 274 2423 1892 2494">
    <p class='ocr_par' dir='ltr' id='par_1_8' title="bbox 274 2423 1892 2494">
     <span class='ocr_line' id='line_1_18' title="bbox 274 2423 1892 2494; baseline -0.002 -15"><span class='ocrx_word' id='word_1_136' title='bbox 274 2452 297 2479; x_wconf 85' lang='lat' dir='ltr'>c</span> <span class='ocrx_word' id='word_1_137' title='bbox 313 2423 638 2488; x_wconf 76' lang='grc' dir='ltr'>μεσιτεύοντος</span> <span class='ocrx_word' id='word_1_138' title='bbox 661 2423 878 2491; x_wconf 68' lang='grc' dir='ltr'>ἀγγέλου</span> <span class='ocrx_word' id='word_1_139' title='bbox 906 2429 990 2476; x_wconf 85' lang='grc' dir='ltr'>τοῦ</span> <span class='ocrx_word' id='word_1_140' title='bbox 1019 2426 1096 2475; x_wconf 85' lang='grc' dir='ltr'>καὶ</span> <span class='ocrx_word' id='word_1_141' title='bbox 1127 2429 1388 2478; x_wconf 77' lang='grc' dir='ltr'>λαλοῦντος·</span> <span class='ocrx_word' id='word_1_142' title='bbox 1413 2425 1462 2475; x_wconf 87' lang='grc' dir='ltr'>ἐν</span> <span class='ocrx_word' id='word_1_143' title='bbox 1487 2425 1625 2494; x_wconf 77' lang='grc' dir='ltr'>αὐτῷ,</span> <span class='ocrx_word' id='word_1_144' title='bbox 1653 2426 1715 2478; x_wconf 80' lang='grc' dir='ltr'>ὡς</span> <span class='ocrx_word' id='word_1_145' title='bbox 1740 2427 1892 2476; x_wconf 86' lang='grc' dir='ltr'>δοκεῖν</span> 
     </span>
    </p>
   </div>
   <div class='ocr_carea' id='block_1_9' title="bbox 312 2505 1890 2657">
    <p class='ocr_par' dir='ltr' id='par_1_9' title="bbox 312 2505 1890 2657">
     <span class='ocr_line' id='line_1_19' title="bbox 312 2505 1890 2576; baseline -0.001 -17"><span class='ocrx_word' id='word_1_146' title='bbox 312 2506 361 2576; x_wconf 71' lang='grc' dir='ltr'>ἐξ</span> <span class='ocrx_word' id='word_1_147' title='bbox 405 2506 534 2558; x_wconf 73' lang='grc' dir='ltr'>ὕπνου</span> <span class='ocrx_word' id='word_1_148' title='bbox 578 2505 862 2574; x_wconf 80' lang='grc' dir='ltr'>διεγερθῆναι.</span> <span class='ocrx_word' id='word_1_149' title='bbox 931 2506 1121 2571; x_wconf 82' lang='grc' dir='ltr'>τοιαύτη</span> <span class='ocrx_word' id='word_1_150' title='bbox 1159 2506 1252 2573; x_wconf 84' lang='grc' dir='ltr'>γάρ</span> <span class='ocrx_word' id='word_1_151' title='bbox 1295 2529 1396 2560; x_wconf 81' lang='grc' dir='ltr'>πως</span> <span class='ocrx_word' id='word_1_152' title='bbox 1433 2508 1536 2558; x_wconf 85' lang='grc' dir='ltr'>ἐστὶ</span> <span class='ocrx_word' id='word_1_153' title='bbox 1572 2509 1655 2570; x_wconf 75' lang='grc' dir='ltr'>τῆς</span> <span class='ocrx_word' id='word_1_154' title='bbox 1695 2507 1744 2557; x_wconf 80' lang='grc' dir='ltr'>ἐν</span> <span class='ocrx_word' id='word_1_155' title='bbox 1780 2505 1890 2570; x_wconf 82' lang='grc' dir='ltr'>ἡμῖν</span> 
     </span>
     <span class='ocr_line' id='line_1_20' title="bbox 312 2589 1889 2657; baseline 0 -16"><span class='ocrx_word' id='word_1_156' title='bbox 312 2590 515 2645; x_wconf 79' lang='grc' dir='ltr'>διανοίας</span> <span class='ocrx_word' id='word_1_157' title='bbox 540 2591 568 2656; x_wconf 86' lang='grc' dir='ltr'><strong><em>ἡ</em></strong></span> <span class='ocrx_word' id='word_1_158' title='bbox 594 2589 902 2655; x_wconf 80' lang='grc' dir='ltr'>κατάστασις,</span> <span class='ocrx_word' id='word_1_159' title='bbox 928 2593 1003 2643; x_wconf 85' lang='grc' dir='ltr'>καὶ</span> <span class='ocrx_word' id='word_1_160' title='bbox 1035 2591 1162 2644; x_wconf 82' lang='grc' dir='ltr'>πολὺ</span> <span class='ocrx_word' id='word_1_161' title='bbox 1199 2589 1256 2656; x_wconf 84' lang='grc' dir='ltr'>δὴ</span> <span class='ocrx_word' id='word_1_162' title='bbox 1292 2592 1435 2656; x_wconf 84' lang='grc' dir='ltr'>μείων</span> <span class='ocrx_word' id='word_1_163' title='bbox 1459 2589 1589 2657; x_wconf 79' lang='grc' dir='ltr'>παρὰ</span> <span class='ocrx_word' id='word_1_164' title='bbox 1619 2589 1706 2655; x_wconf 86' lang='grc' dir='ltr'>τὴν</span> <span class='ocrx_word' id='word_1_165' title='bbox 1739 2591 1889 2642; x_wconf 76' lang='grc' dir='ltr'>οὖσαν</span> 
     </span>
    </p>
   </div>
   <div class='ocr_carea' id='block_1_10' title="bbox 316 2766 1891 3048">
    <p class='ocr_par' dir='ltr' id='par_1_10' title="bbox 316 2766 1891 3048">
     <span class='ocr_line' id='line_1_21' title="bbox 366 2766 1891 2813; baseline 0 -11"><span class='ocrx_word' id='word_1_166' title='bbox 366 2779 395 2809; x_wconf 85' lang='lat'>1,</span> <span class='ocrx_word' id='word_1_167' title='bbox 416 2779 447 2803; x_wconf 84' lang='lat'>2.</span> <span class='ocrx_word' id='word_1_168' title='bbox 476 2769 533 2804; x_wconf 89' lang='lat' dir='ltr'>Sic</span> <span class='ocrx_word' id='word_1_169' title='bbox 552 2769 593 2804; x_wconf 86' lang='lat' dir='ltr'>B.</span> <span class='ocrx_word' id='word_1_170' title='bbox 657 2773 807 2803; x_wconf 88' lang='grc' dir='ltr'><strong>ΤΟΜΟΣ</strong></span> <span class='ocrx_word' id='word_1_171' title='bbox 826 2768 860 2803; x_wconf 86' lang='grc' dir='ltr'>Β’</span> <span class='ocrx_word' id='word_1_172' title='bbox 880 2768 921 2803; x_wconf 91' lang='lat' dir='ltr'>C.</span> <span class='ocrx_word' id='word_1_173' title='bbox 1538 2780 1570 2809; x_wconf 88' lang='lat'>4.</span> <span class='ocrx_word' id='word_1_174' title='bbox 1596 2766 1716 2812; x_wconf 80' lang='grc' dir='ltr'>ἐγερθῃ</span> <span class='ocrx_word' id='word_1_175' title='bbox 1736 2766 1773 2801; x_wconf 89' lang='lat' dir='ltr'>F.</span> <span class='ocrx_word' id='word_1_176' title='bbox 1792 2767 1891 2813; x_wconf 84' lang='lat'>(49.)</span> 
     </span>
     <span class='ocr_line' id='line_1_22' title="bbox 318 2814 1890 2861; baseline 0 -12"><span class='ocrx_word' id='word_1_177' title='bbox 318 2823 350 2859; x_wconf 88' lang='lat'>7.</span> <span class='ocrx_word' id='word_1_178' title='bbox 367 2830 536 2861; x_wconf 83' lang='grc' dir='ltr'>παρυστρ.</span> <span class='ocrx_word' id='word_1_179' title='bbox 552 2815 641 2861; x_wconf 87' lang='lat' dir='ltr'>(sic)</span> <span class='ocrx_word' id='word_1_180' title='bbox 655 2816 696 2851; x_wconf 83' lang='lat'>13.</span> <span class='ocrx_word' id='word_1_181' title='bbox 743 2817 801 2860; x_wconf 77' lang='grc' dir='ltr'>τῆς</span> <span class='ocrx_word' id='word_1_182' title='bbox 818 2827 881 2861; x_wconf 90' lang='lat' dir='ltr'>pro</span> <span class='ocrx_word' id='word_1_183' title='bbox 898 2817 968 2851; x_wconf 78' lang='grc' dir='ltr'>τοῖς</span> <span class='ocrx_word' id='word_1_184' title='bbox 981 2815 1040 2850; x_wconf 78' lang='lat' dir='ltr'>alt.</span> <span class='ocrx_word' id='word_1_185' title='bbox 1056 2814 1148 2849; x_wconf 86' lang='lat' dir='ltr'><strong>Edd.</strong></span> <span class='ocrx_word' id='word_1_186' title='bbox 1162 2820 1240 2848; x_wconf 85' lang='lat' dir='ltr'>ante</span> <span class='ocrx_word' id='word_1_187' title='bbox 1258 2814 1392 2860; x_wconf 83' lang='lat' dir='ltr'>Migne.</span> <span class='ocrx_word' id='word_1_188' title='bbox 1410 2814 1500 2848; x_wconf 84' lang='lat' dir='ltr'>inter</span> <span class='ocrx_word' id='word_1_189' title='bbox 1512 2820 1621 2848; x_wconf 85' lang='lat' dir='ltr'>errata</span> <span class='ocrx_word' id='word_1_190' title='bbox 1635 2814 1775 2859; x_wconf 86' lang='lat' dir='ltr'>corrigit</span> <span class='ocrx_word' id='word_1_191' title='bbox 1787 2814 1890 2849; x_wconf 90' lang='lat' dir='ltr'><strong>Pont.</strong></span> 
     </span>
     <span class='ocr_line' id='line_1_23' title="bbox 320 2860 1891 2907; baseline 0 -12"><span class='ocrx_word' id='word_1_192' title='bbox 320 2872 373 2896; x_wconf 90' lang='lat'>10.</span> <span class='ocrx_word' id='word_1_193' title='bbox 400 2862 573 2906; x_wconf 78' lang='grc' dir='ltr'>νοήσωμεν</span> <span class='ocrx_word' id='word_1_194' title='bbox 590 2863 631 2897; x_wconf 89' lang='lat' dir='ltr'>C.</span> <span class='ocrx_word' id='word_1_195' title='bbox 902 2874 955 2896; x_wconf 85' lang='grc' dir='ltr'>ΙΙ.</span> <span class='ocrx_word' id='word_1_196' title='bbox 982 2863 1097 2907; x_wconf 82' lang='grc' dir='ltr'>κομιδῆ</span> <span class='ocrx_word' id='word_1_197' title='bbox 1115 2873 1185 2896; x_wconf 89' lang='lat' dir='ltr'>om.</span> <span class='ocrx_word' id='word_1_198' title='bbox 1205 2861 1246 2895; x_wconf 89' lang='lat' dir='ltr'>C.</span> <span class='ocrx_word' id='word_1_199' title='bbox 1523 2871 1575 2894; x_wconf 86' lang='lat'>12.</span> <span class='ocrx_word' id='word_1_200' title='bbox 1601 2860 1636 2895; x_wconf 82' lang='grc' dir='ltr'>ἐν</span> <span class='ocrx_word' id='word_1_201' title='bbox 1652 2861 1774 2906; x_wconf 81' lang='grc' dir='ltr'>χερσὶν</span> <span class='ocrx_word' id='word_1_202' title='bbox 1792 2860 1833 2895; x_wconf 89' lang='lat' dir='ltr'>C.</span> <span class='ocrx_word' id='word_1_203' title='bbox 1852 2862 1891 2906; x_wconf 79' lang='grc' dir='ltr'>ἐξ</span> 
     </span>
     <span class='ocr_line' id='line_1_24' title="bbox 316 2907 1890 2954; baseline 0.001 -14"><span class='ocrx_word' id='word_1_204' title='bbox 316 2907 444 2952; x_wconf 81' lang='grc' dir='ltr'>ἀμφοῖν</span> <span class='ocrx_word' id='word_1_205' title='bbox 462 2909 552 2943; x_wconf 86' lang='lat' dir='ltr'>Edd.</span> <span class='ocrx_word' id='word_1_206' title='bbox 708 2920 760 2951; x_wconf 87' lang='lat'>15.</span> <span class='ocrx_word' id='word_1_207' title='bbox 786 2908 939 2954; x_wconf 78' lang='grc' dir='ltr'>ἐνετίθει]</span> <span class='ocrx_word' id='word_1_208' title='bbox 961 2909 1017 2943; x_wconf 89' lang='lat' dir='ltr'>Sic</span> <span class='ocrx_word' id='word_1_209' title='bbox 1034 2909 1165 2943; x_wconf 84' lang='lat' dir='ltr'><strong>correxi</strong></span> <span class='ocrx_word' id='word_1_210' title='bbox 1184 2914 1263 2953; x_wconf 79' lang='lat' dir='ltr'>post</span> <span class='ocrx_word' id='word_1_211' title='bbox 1281 2907 1414 2953; x_wconf 78' lang='lat' dir='ltr'>Migne.</span> <span class='ocrx_word' id='word_1_212' title='bbox 1434 2907 1559 2949; x_wconf 75' lang='grc' dir='ltr'>ἐνετίθη</span> <span class='ocrx_word' id='word_1_213' title='bbox 1580 2907 1621 2941; x_wconf 86' lang='lat' dir='ltr'>C.</span> <span class='ocrx_word' id='word_1_214' title='bbox 1639 2907 1779 2941; x_wconf 78' lang='grc' dir='ltr'>ε’νετέθει</span> <span class='ocrx_word' id='word_1_215' title='bbox 1798 2907 1890 2942; x_wconf 87' lang='lat' dir='ltr'>Edd.</span> 
     </span>
     <span class='ocr_line' id='line_1_25' title="bbox 317 2953 1889 3002; baseline 0.001 -14"><span class='ocrx_word' id='word_1_216' title='bbox 317 2953 521 2998; x_wconf 70' lang='grc' dir='ltr'>ἐγρήγορσιν</span> <span class='ocrx_word' id='word_1_217' title='bbox 541 2956 581 2990; x_wconf 90' lang='lat' dir='ltr'>B.</span> <span class='ocrx_word' id='word_1_218' title='bbox 600 2956 827 3002; x_wconf 83' lang='grc' dir='ltr'>ἐγρηγόρησιν</span> <span class='ocrx_word' id='word_1_219' title='bbox 845 2955 885 2990; x_wconf 91' lang='lat' dir='ltr'>C.</span> <span class='ocrx_word' id='word_1_220' title='bbox 903 2956 1147 3001; x_wconf 81' lang='grc' dir='ltr'>ἐπιγρὴγορσιν</span> <span class='ocrx_word' id='word_1_221' title='bbox 1165 2954 1257 2990; x_wconf 85' lang='lat' dir='ltr'><strong>Edd.</strong></span> <span class='ocrx_word' id='word_1_222' title='bbox 1518 2953 1571 2989; x_wconf 86' lang='lat'>16.</span> <span class='ocrx_word' id='word_1_223' title='bbox 1595 2953 1830 2999; x_wconf 77' lang='grc' dir='ltr'>μεσιτεύοντος</span> <span class='ocrx_word' id='word_1_224' title='bbox 1847 2954 1889 2990; x_wconf 85' lang='lat' dir='ltr'>C.</span> 
     </span>
     <span class='ocr_line' id='line_1_26' title="bbox 316 3000 1131 3048; baseline 0.006 -16"><span class='ocrx_word' id='word_1_225' title='bbox 316 3000 559 3043; x_wconf 73' lang='grc' dir='ltr'>μιιθητεὺοντος</span> <span class='ocrx_word' id='word_1_226' title='bbox 581 3002 671 3037; x_wconf 85' lang='lat' dir='ltr'>Edd.</span> <span class='ocrx_word' id='word_1_227' title='bbox 722 3004 774 3036; x_wconf 78' lang='grc' dir='ltr'>καὶ</span> <span class='ocrx_word' id='word_1_228' title='bbox 792 3010 1013 3048; x_wconf 82' lang='lat' dir='ltr'>assumptum</span> <span class='ocrx_word' id='word_1_229' title='bbox 1031 3014 1071 3037; x_wconf 80' lang='lat' dir='ltr'>ex</span> <span class='ocrx_word' id='word_1_230' title='bbox 1091 3002 1131 3037; x_wconf 89' lang='lat' dir='ltr'>C.</span> 
     </span>
    </p>
   </div>
  </div>
 </body>
</html>
