2053 3382
238 639 283 673 Ι3

80 784 166 819 740
189 782 239 817 A.
259 792 282 816 a

302 174 388 215 422
700 177 746 216 Β.
790 176 1065 217 CYRILLI
1118 179 1504 221 ALEXANDR.
1740 183 1794 221 ix.
1826 193 1886 234 ¹3·

301 306 372 334 τοι
410 283 493 338 τὰς
532 286 854 348 ἱσοστάθμους
893 285 957 336 ῶν
996 287 1053 337 ἂν
1092 289 1350 354 δράσαιμεν
1385 294 1725 356 προσδοκῶμεν
1752 292 1885 353 ἀμοι-

301 365 406 428 βὰς,
433 368 544 417 ἀλλ’
571 368 619 417 ἐν
644 367 897 436 προσθήκῃ
923 374 1102 438 πολλῇ·
1141 371 1501 438 πλουσιόδωρος
1528 371 1621 439 γὰρ
1646 374 1670 422 ὁ
1697 372 1863 425 διδούς.

363 625 482 667 Διότι
509 626 698 668 ὲνὲτεινά
728 642 774 668 σε
795 627 937 668 Ἰούδα
964 628 1138 683 ἐμαυτῷ
1163 630 1303 681 τόξον,
1331 630 1498 672 {nmmo
1525 631 1597 672 τὸν
1619 627 1826 687 Ἐφραίμ.

373 771 494 821 Τίνα
538 770 595 835 δὴ
640 772 816 837 τρόπον
857 773 1155 837 κληθήσεταί
1197 797 1246 825 τε
1288 777 1362 825 καὶ
1407 774 1647 825 εἶσελάσει
1694 775 1769 826 διὰ
1807 779 1890 840 τῆς

297 852 501 905 πίστεως
537 852 565 915 ἡ
600 853 657 922 ἐξ
689 855 835 904 ἐθνῶν
874 854 1042 919 ἀγέλη,
1079 855 1434 922 ταλαιπωρήσει
1473 855 1521 907 δὲ
1560 858 1636 907 καὶ
1677 858 1701 907 ὁ
1738 857 1888 908 πάλαι
1910 876 1932 913 5

299 938 512 1002 τρυφῶν,
561 935 808 986 τουτέστιν
859 937 883 986 ὁ
929 941 1154 998 σατανᾶς,
1197 942 1291 988 τῶν
1339 940 1389 988 ἐκ
1438 938 1716 1007 πλεονεξίας
1766 940 1892 1008 αὐτῷ

298 1016 657 1082 πεπορισμένων
696 1023 1039 1082 προσκυνητῶν
1081 1019 1416 1088 ἐξωθούμενος,
1466 1024 1707 1087 διατρανοῖ
1742 1019 1891 1072 πάλιν

299 1099 348 1149 ἐν
373 1098 568 1151 τούτοις.
636 1104 833 1150 ποιεῖται
866 1099 1015 1165 γεμὴν
1055 1099 1138 1151 τὸν
1177 1100 1337 1166 λόγον,
1365 1104 1428 1156 ὡς
1452 1100 1569 1167 πρὸς
1595 1101 1702 1156 τοὺς
1730 1103 1891 1167 ἁγίους

300 1180 618 1242 ἀποστόλους,
654 1180 755 1243 ἤτοι
792 1179 899 1235 τοὺς
935 1182 991 1250 ἐξ
1011 1182 1213 1247 Ἰσραὴλ
1252 1183 1583 1245 διδασκάλους,
1611 1183 1653 1234 οἳ
1691 1186 1766 1234 καὶ
1805 1183 1890 1247 τὴν

299 1265 394 1312 τῶν
443 1263 590 1312 ἐθνῶν
640 1263 981 1328 ἐκπεριθέοντες
1024 1263 1196 1331 χώραν,
1249 1269 1311 1317 εἱς
1362 1266 1618 1330 ἐπίγνωσιν
1667 1265 1888 1329 ἀληθείας

299 1342 498 1393 ἐκάλουν
517 1366 565 1394 τε
588 1346 662 1394 καὶ
690 1345 1078 1410 σεσαγηνεύκασι
1103 1345 1209 1399 τοὺς
1230 1347 1278 1396 ἐν
1305 1347 1434 1414 αὐτῇ.
1490 1344 1527 1396 ῶ
1556 1346 1710 1398 τοίνυν
1729 1345 1888 1410 Ἰοόὲα,

300 1427 465 1493 φησὶν,
493 1425 670 1477 ἐνέτεινα
708 1450 759 1477 σε
797 1427 975 1496 ἐμαυτῷ
1014 1427 1143 1496 τόξον,
1170 1427 1399 1489 τουτέστι,
1433 1428 1507 1479 διὰ
1546 1434 1637 1480 σοῦ
1675 1429 1888 1498 τοξεύσω

256 1520 282 1560 b
300 1507 406 1560 τοὺς
434 1509 746 1561 ὑπεναντίους·
789 1510 869 1559 καί
898 1532 955 1559 σε
996 1508 1057 1571 δὲ,
1085 1508 1122 1559 ὦ
1147 1510 1363 1579 Ἐφραίμ,
1393 1510 1592 1570 ἔπλησα.
1661 1514 1736 1562 καὶ
1761 1512 1809 1562 τί
1831 1510 1887 1575 δὴ

300 1588 437 1640 τοῦτό
473 1591 622 1652 ἐστιν,
658 1591 746 1656 ε’ρῶ
785 1591 946 1641 πάλιν.
1015 1591 1091 1642 ὅτε
1132 1591 1226 1658 γὰρ
1264 1595 1345 1656 τῆς
1385 1593 1566 1660 τοξείας
1605 1596 1645 1643 οἱ
1685 1592 1881 1657 ἐπιστή-

299 1694 437 1734 μονες
474 1671 637 1737 νευρὴν
669 1671 753 1734 μὲν
787 1671 929 1741 μαζῷ,
957 1678 1039 1723 τοῦ
1070 1673 1118 1724 δὲ
1156 1673 1298 1742 τόξου
1337 1675 1418 1725 τὸν
1457 1675 1653 1740 σίδηρον
1684 1675 1887 1740 ἄγουσιν

298 1752 452 1817 ἐγγυς,
491 1752 596 1804 τότε
636 1753 813 1814 πλῆσαι
853 1753 906 1805 τὸ
944 1755 1084 1823 τόξον
1124 1756 1355 1820 λέγονται,
1391 1756 1642 1816 βάλλουσί
1675 1780 1725 1808 τε
1764 1759 1886 1808 οὕτω

296 1834 446 1886 δεινόν
471 1859 514 1886 τι
541 1837 616 1886 καὶ
641 1836 853 1903 ἄφυκτον
890 1839 964 1887 καὶ
1001 1836 1097 1888 οἷον
1131 1839 1350 1905 ἀσχέτοις
1385 1840 1547 1905 ὁρμαῖς
1573 1838 1887 1903 ἀναπηδῶντά

295 1941 344 1968 τε
371 1921 445 1968 καὶ
472 1917 772 1980 διιπτάμενον
805 1917 888 1969 τὸν
924 1918 994 1970 ἱὸν
1027 1919 1128 1982 ἤτοι
1155 1919 1208 1970 τὸ
1234 1921 1392 1981 βέλος.
1462 1921 1563 1971 ἔστι
1590 1923 1745 1972 τοίνυν
1773 1920 1886 1972 αὐτὸ

296 1999 535 2068 διαφόρως
560 2000 913 2067 πεφρασμένον,
972 2002 1090 2071 τόξον
1117 2026 1167 2053 σε
1193 2003 1454 2067 πεποίημαί
1474 2010 1639 2070 φησιν,
1664 2001 1701 2053 ῶ
1721 2001 1883 2066 Ἰούδα,

297 2080 479 2142 ἔπλησα
506 2081 553 2132 δὲ
582 2082 662 2132 καί
683 2105 754 2144 σε,
783 2080 819 2132 ὦ
846 2084 1066 2151 Ἐφραίμ.
1130 2081 1299 2139 Ἰούδας
1334 2084 1381 2136 δὲ
1419 2087 1494 2135 καὶ
1524 2085 1725 2153 Ἐφραὶμ
1760 2085 1885 2136 ἅπαν

294 2164 397 2214 ἐστὶ
435 2162 489 2214 τὸ
529 2163 659 2229 γένος
700 2162 754 2214 τὸ
788 2165 844 2234 ἐξ
873 2164 1091 2231 Ἰσραήλ.
1161 2168 1326 2218 οὐκοῦν
1364 2167 1478 2236 τόξον
1517 2166 1680 2233 ὥσπερ
1714 2190 1758 2218 τι
1795 2189 1880 2218 πε-

294 2246 481 2308 ποίηται
508 2244 614 2299 τοὺς
639 2245 694 2314 ἐξ
714 2247 952 2298 Ἰουδαίων
977 2247 1345 2302 πεπιστευκότας
1382 2272 1430 2300 τε
1461 2248 1554 2315 πρὸ
1586 2254 1680 2300 τῶν
1704 2249 1884 2311 ἄλλων,

256 2351 278 2377 c
296 2329 371 2377 καὶ
403 2326 594 2392 γνώμης
626 2332 687 2381 εἰς
718 2335 856 2380 τοῦτο
887 2329 1287 2395 προεληλυθότας,
1317 2332 1378 2384 ὡς
1415 2330 1524 2395 ἔθνη
1549 2334 1881 2396 παιδαγωγεῖν,

295 2410 371 2459 καὶ
403 2413 498 2459 τῶν
526 2409 848 2473 πλανωμένων
883 2414 1144 2472 ἀποσοβεῖν
1175 2411 1258 2466 τὰς
1293 2417 1387 2462 τῶν
1415 2413 1665 2476 δαιμονίων
1691 2412 1883 2478 ἀγέλας,

294 2491 565 2542 καταπαίειν
602 2514 650 2542 τε
690 2491 774 2543 τὸν
811 2498 1024 2544 σατανᾶν
1056 2496 1131 2545 καὶ
1167 2494 1465 2563 ἁπαξαπλῶς
1491 2493 1599 2548 τοὺς
1624 2500 1720 2549 τοῖς
1746 2497 1883 2550 θείοις

346 2661 376 2685 1.
401 2666 453 2685 τοι
472 2651 513 2686 C.
531 2666 597 2686 που
617 2651 708 2686 Edd.
758 2654 802 2688 ὡς
819 2665 881 2698 pro
899 2655 943 2688 ὧν
962 2654 1004 2689 C.
1266 2666 1299 2701 3.
1325 2655 1435 2690 Ἰούδα
1452 2655 1582 2702 ε’μαυτῷ
1601 2655 1667 2689 hoc
1692 2654 1769 2690 ord.
1789 2656 1883 2692 C.D.

295 2697 366 2731 inv.
384 2698 459 2733 ord.
481 2699 516 2732 F.
538 2698 631 2733 Edd.
650 2700 722 2742 (22.
741 2700 801 2744 al.)
868 2700 993 2735 Statim
1020 2701 1063 2737 ὣς
1081 2700 1161 2735 add.
1185 2701 1271 2736 D.F.
1294 2702 1385 2736 Edd.
1405 2703 1514 2737 invito
1534 2702 1575 2737 C.
1594 2702 1637 2736 cf.
1657 2702 1745 2737 infra
1764 2712 1832 2748 740
1849 2715 1881 2739 a.

297 2745 363 2788 748
382 2756 412 2778 e.
625 2755 658 2791 5.
684 2746 722 2789 ἐξ
739 2758 810 2780 om.
830 2746 871 2781 C.
889 2747 1020 2782 habent
1043 2748 1124 2782 D.b.
1173 2748 1427 2794 ταλεπωρὴσειε
1446 2749 1480 2783 b.
1705 2760 1757 2791 14.
1784 2764 1882 2784 τουτ-

294 2790 390 2824 έστιν
409 2790 449 2825 C.
692 2802 744 2835 15.
771 2795 888 2838 νευρὴν
907 2793 1038 2829 C.D.b.
1057 2796 1176 2840 νευρὰν
1193 2794 1287 2830 Edd.
1522 2793 1575 2834 16,
1598 2804 1650 2838 17.
1680 2795 1776 2830 Haec
1793 2811 1875 2830 τε-

294 2836 512 2880 ἀναπηδῶντά
530 2853 566 2873 τε
584 2846 805 2874 accesserunt
822 2852 863 2874 ex
883 2840 1023 2876 B.C.D.
1373 2842 1426 2875 18.
1452 2841 1533 2875 αὐτὸ
1553 2841 1597 2874 D.
1618 2841 1710 2875 Edd.
1729 2843 1817 2889 αὐτῷ
1838 2843 1879 2877 C.

293 2886 414 2917 τοαυτὸ
432 2884 466 2919 b.
793 2898 846 2932 19.
872 2887 1118 2932 πεφρασμένον
1136 2887 1260 2923 B.C.b.
1278 2887 1600 2933 περιπεφρασμένον
1620 2888 1665 2922 D.
1684 2890 1880 2934 πεφαμένον

294 2928 386 2962 Edd.
707 2944 762 2968 22.
788 2948 824 2968 τε
843 2940 1067 2980 assumptum
1085 2946 1126 2969 ex
1146 2934 1186 2969 C.
1513 2945 1568 2976 24.
1594 2935 1772 2979 δαιμονίων
1791 2936 1878 2971 B,c.

295 2973 458 3017 δαιμόνων
479 2977 569 3011 Edd.

1914 1285 1960 1310 10

1912 1696 1958 1733 15

1909 2111 1958 2136 20
