1997 3361
121 171 173 214 iv.
202 186 264 214 10.
486 173 558 214 IN
601 173 1022 214 ZACIIARIAM.
1082 172 1234 213 ΤΟΜ.
1270 172 1330 212 ΙΙ.
1616 171 1700 210 343

121 279 205 334 τὰς
230 280 305 332 διὰ
329 282 478 344 με’σου
504 280 671 348 μικρὰς
697 282 887 348 ἡμέρας,
917 283 1160 350 χαρήσεται
1198 278 1283 343 μὲν
1321 285 1397 330 κοιὶ
1439 277 1608 347 ἕψεται
1636 279 1703 328 τον

123 361 235 414 λίθον
261 364 326 415 τον
355 363 639 434 κασσιτέρινον
672 365 709 414 ἐν
739 369 847 433 χειρὶ
876 364 1157 433 Ζοροβάβελ.
1220 365 1295 413 καὶ
1326 363 1374 412 τί
1401 360 1456 425 δὴ
1485 361 1576 427 ἄρα
1601 362 1703 410 ἐστὶ

123 444 177 494 τό
223 447 261 496 ἐν
304 449 414 514 χειρὶ
466 446 762 513 Ζοροβάβελς
814 446 841 509 ἡ
887 445 1198 499 θεόπνευστος
1241 444 1404 511 γραφὴ
1449 443 1535 507 τὴν
1579 446 1704 508 χεῖρα

124 526 302 594 δέχεται
328 530 402 578 καὶ
429 532 491 582 εἰς
515 527 710 591 δύναμιν
743 530 818 578 καὶ
849 532 910 581 εἰς
945 528 1180 596 ἐξουσίαν.
1249 528 1296 577 ἐν
1327 525 1513 589 δυνάμει
1540 524 1596 588 δὴ
1623 525 1705 575 οῦν

82 609 270 674 5ἤγουν
307 611 382 659 καὶ
419 611 467 659 ἐν
502 610 695 678 ἐξουσίᾳ
730 614 787 677 τῇ
825 616 906 660 τοῦ
934 611 1197 679 Ζοροβάβελ
1233 609 1448 659 τουτέστι
1475 612 1703 673 Χριστοῦ,

126 687 294 760 ἴψεται
330 690 396 743 τον
435 690 548 743 λιθον
582 694 648 743 τον
686 691 991 761 κοοσσιτερινον.
1059 690 1343 757 Ζοροβάβελ
1378 690 1461 751 μὲν
1499 689 1604 755 γὰρ,
1643 691 1750 746 ὡςᾶ

124 771 256 841 ἔφην,
298 775 347 824 ἐκ
392 777 548 842 φυλῆς
590 772 654 824 ὧν
696 773 851 825 Ἰούδα
893 774 1207 834 βεβασίλευκε
1252 774 1326 823 ἐπὶ
1369 772 1451 823 τὸν
1489 771 1704 837 Ἰσραήλ.

125 854 245 906 κατὰ
287 856 371 906 τὸν
415 856 521 906 ἰ’σον
566 855 614 906 δὲ
657 856 834 922 τρόπον
875 858 949 906 καὶ
995 857 1019 906 ὁ
1068 855 1240 921 Κύριος
1284 855 1416 918 ἡμῶν
1454 855 1642 918 Ἰησοῦς
1680 854 1706 903 ὁ

126 936 339 1003 Χριστὸς
369 938 512 1007 ἐξέφυ
542 938 626 1001 μὲν
660 939 854 1000 αἵματος
888 941 962 988 καὶ
1003 940 1161 1006 φυλῆς
1196 940 1276 1000 τῆς
1307 936 1462 986 Ἰούδα
1499 935 1552 986 τὸ
1589 934 1707 985 κατὰ

59 1037 108 1063 10
126 1018 296 1085 σάρκα,
330 1021 641 1081 βεβασίλευκε
680 1019 727 1071 δὲ
763 1022 838 1070 καὶ
873 1018 1011 1073 αὐτὸς
1051 1020 1126 1070 ἐπὶ
1164 1018 1246 1069 τὸν
1283 1017 1498 1083 Ἰσραὴλ,
1538 1018 1621 1068 οὐκ
1659 1019 1707 1067 ἐν

125 1101 255 1170 τάξει
292 1106 350 1170 τῇ
383 1103 487 1153 καθ’
529 1103 661 1166 ἡμᾶς,
703 1102 847 1167 ἤγουν
885 1100 1117 1167 μετρητὴν
1155 1103 1230 1151 καὶ
1268 1100 1421 1169 χρόνῳ
1459 1122 1701 1165 πεπερασ-

123 1183 268 1248 μένην
302 1183 387 1248 τὴν
422 1183 676 1245 βασιλείαν
713 1183 852 1250 ἔχων,
891 1182 1000 1233 ἀλλ’
1044 1184 1106 1236 ὡς
1147 1182 1268 1236 Θεὸς
1306 1185 1495 1246 ἀληθῶς
1533 1184 1608 1232 καὶ
1647 1185 1708 1235 εἷς

124 1265 411 1332 ἀπεράντους
448 1270 617 1319 αἰῶνας
652 1265 983 1329 ἐκτεινομένην.
1051 1266 1126 1315 καὶ
1164 1264 1454 1331 μαρτυρήσει
1493 1263 1646 1328 λέγων
1681 1265 1706 1314 ὁ

1767 1348 1798 1377 S.
1819 1347 1899 1378 Luc.

125 1348 350 1414 μακάριος
395 1347 613 1414 Γαβριὴλ
655 1351 713 1415 τῇ
754 1348 866 1417 ἁγίᾳ
915 1346 1132 1417 παρθένῳ
1176 1349 1281 1413 περὶ
1325 1348 1480 1409 αὐτοῦ,
1519 1346 1588 1397 ὅτι
1630 1349 1703 1398 καὶ
1765 1391 1839 1430 131

59 1453 106 1492 15
125 1432 306 1500 τέξεται
343 1432 454 1495 υἱὸν,
494 1455 568 1483 και
608 1432 800 1482 καλέσει
837 1431 891 1483 τὸ
931 1431 1079 1496 ὄνομα
1112 1433 1253 1483 αὐτοῦ
1278 1434 1480 1496 Ἰησοῦν.
1543 1454 1699 1498 προσ-

125 1513 376 1581 επαγαγὼν
421 1513 498 1577 δε,
526 1537 596 1565 οτι
641 1515 783 1564 “Koa
825 1513 967 1565 δώσει
1006 1515 1131 1583 αὐτῷ
1174 1513 1346 1580 Κύριος
1396 1516 1420 1565 ὁ
1465 1514 1585 1569 &eos
1622 1513 1816 1612 τονοξὲ-
1830 1525 1881 1556 3²

125 1603 153 1626 ‘⁶
178 1595 347 1662 θρόνον
373 1599 546 1648 Δαυειδ
577 1601 660 1647 τοῦ
689 1619 868 1662 πατρος
906 1597 1046 1647 αυτοῦ
1085 1619 1159 1647 και
1198 1596 1479 1657 βασιλεύσει
1514 1598 1588 1648 ἐπὶ
1622 1620 1705 1648 τον

126 1684 155 1707 “
181 1676 308 1730 οἷκον
341 1678 543 1745 Ἰσραὴλ
584 1682 645 1732 εἰς
685 1676 793 1732 τοὺς
835 1683 1004 1732 αἰῶνας
1043 1680 1118 1729 καὶ
1160 1681 1242 1742 τῆς
1279 1679 1528 1738 βασιλείας
1562 1679 1704 1730 αὐτοῦ

128 1768 155 1790 “
180 1762 262 1812 οὐκ
297 1761 431 1812 ε”σται
461 1761 643 1814 τε’λος.”
706 1762 742 1811 ἐν
776 1765 883 1830 χειρὶ
920 1759 977 1824 δὴ
1014 1762 1095 1812 οῦν
1130 1760 1409 1830 Ζοροβάβελ,
1440 1760 1700 1823 τουτέστιν,

59 1867 109 1892 20
128 1844 190 1896 ὡς
213 1844 262 1892 ἐν
288 1842 476 1906 δυνάμει
510 1866 559 1894 τε
595 1845 669 1893 καὶ
703 1842 895 1911 ἐξουσίᾳ
931 1846 989 1910 τῇ
1024 1848 1106 1893 τοῦ
1135 1842 1416 1905 Ζοροβάβελ
1443 1842 1705 1911 ὀφθήσεται

128 1923 248 1975 κατὰ
290 1923 475 1990 καιροὺς
516 1926 541 1975 ὁ
583 1923 700 1979 λίθος
745 1925 770 1974 ὁ
814 1924 1121 1993 κοισσιτέρινος.
1187 1924 1393 1993 ἐπιφέρει
1436 1922 1483 1974 δὲ
1526 1924 1705 1978 τούτοις

128 2005 261 2060 εὐθυς
292 2009 373 2069 τῆς
404 2007 691 2074 προφητειας
726 2007 750 2056 ὁ
784 2005 928 2072 λόγος
954 2006 1107 2058 Επτοο
1140 2031 1248 2058 ουτοι
1288 2005 1514 2076 ὀφθοιλμοι
1557 2009 1704 2077 Κυριου

131 2092 232 2139 εἰσ-ιν
269 2092 302 2138 οἱ
338 2086 652 2148 ἐπιβλέποντος
689 2089 761 2139 ἐπι
802 2112 961 2139 ποια-οιν
994 2113 1062 2148 την
1100 2112 1192 2154 γην.
1255 2111 1329 2139 και
1368 2111 1487 2142 τινες
1525 2086 1581 2140 ἂν
1616 2087 1705 2140 εἷεν

130 2168 255 2220 οὗτοι
288 2168 465 2229 πάλιν;
505 2167 533 2233 ἢ
570 2191 663 2235 γαρ
700 2192 807 2223 τους
845 2169 962 2220 ἑπτὰ
1000 2168 1215 2237 λύχνους,
1250 2168 1327 2224 οὺς
1365 2170 1574 2222 τεθεαται
1613 2195 1744 2222 (ruva
1773 2188 1860 2222 692
1874 2187 1924 2222 A.

63 2273 111 2311 25
130 2255 196 2320 τῷ
229 2252 495 2321 λαμπαδίερ,
531 2251 753 2316 κέκληκεν
787 2249 1046 2320 ὀφθαλμοῖις
1081 2254 1243 2319 Κυρίου,
1275 2252 1350 2302 ἵνα
1388 2257 1565 2317 νοοῦμεν
1598 2253 1706 2308 τοὺς

130 2333 302 2400 ἁγίους,
328 2334 382 2384 δι’
409 2331 474 2383 ὧν
506 2333 533 2397 ἡ
560 2332 797 2397 σύμπασα
835 2334 1198 2402 καταφωτίζεται
1232 2337 1309 2399 γῆ,
1336 2335 1410 2385 καὶ
1448 2336 1708 2399 ἐπισκοπῆς

131 2415 386 2485 ἀξιωθεῖσα
419 2415 631 2483 φαίνεται
668 2418 751 2477 τῆς
787 2414 918 2481 παρὰ
944 2419 1085 2466 Θεοῦ·
1127 2416 1271 2480 η’γουν
1298 2417 1440 2467 ἐκεῖνο
1466 2415 1597 2481 οἶμαί
1615 2441 1707 2469 που

131 2498 497 2562 κατασημαίνειν
540 2499 745 2563 ἐροῦμεν,
785 2499 847 2551 ὡς
897 2498 978 2548 οὐκ
1030 2496 1087 2548 ἂν
1136 2498 1385 2562 ἀμελήσειε
1437 2504 1530 2550 τῶν
1581 2500 1708 2550 ἰδίων

179 2683 212 2717 3.
237 2673 276 2706 τό
294 2683 363 2706 orn.
384 2672 424 2707 C.
644 2682 676 2717 5.
702 2674 803 2717 ἤγουν
821 2683 891 2705 om.
912 2670 952 2705 C.
970 2677 1049 2715 post
1066 2671 1204 2715 ἐξουσίᾳ
1222 2672 1418 2716 transponit
1438 2671 1484 2706 D.
1533 2671 1709 2706 τουτέστιν

133 2719 569 2763 Χριστοῦ-κασσιτέρινον
587 2717 677 2753 C.D.
695 2719 818 2763 ὄψεται
835 2733 865 2752 τ.
884 2720 918 2752 λ.
935 2732 965 2752 τ.
984 2731 1013 2751 κ.
1031 2717 1187 2752 τουτέστι
1205 2720 1355 2762 Χριστόν
1373 2718 1464 2752 Edd.
1585 2727 1616 2763 7.
1642 2718 1704 2764 ὧν]

132 2764 174 2799 ἂν
190 2765 281 2799 Edd.
298 2768 358 2800 τοῦ
376 2778 393 2800 e
411 2778 475 2800 suo
495 2766 628 2807 Migne.
694 2766 748 2799 ἐπὶ
765 2766 823 2799 τὸν
842 2764 933 2798 C.D.
951 2768 1017 2798 τῶν
1034 2764 1070 2808 ἐξ
1089 2764 1179 2798 Edd.
1496 2764 1598 2799 8—10.
1625 2768 1707 2799 κατὰ

133 2813 292 2846 τὸν-καὶ
310 2813 408 2848 αὐτὸς
428 2812 519 2847 C.D.
545 2814 562 2845 ὁ
588 2813 645 2846 alt.
663 2819 696 2846 et
720 2814 777 2856 τῆς
802 2811 927 2846 desunt
944 2811 980 2844 in
999 2811 1045 2844 D.
1063 2811 1270 2849 ἐβασίλευσε
1288 2811 1323 2845 δὲ
1342 2812 1394 2844 καὶ
1412 2813 1430 2844 ὁ
1448 2812 1596 2855 Χριστὸς
1614 2811 1705 2846 Edd.

140 2869 191 2892 12.
217 2859 269 2892 καὶ
287 2863 508 2904 assumptum
526 2871 566 2892 ex
587 2859 627 2893 C.
832 2869 884 2901 14.
912 2859 963 2891 καὶ
981 2863 1201 2901 assumptum
1219 2870 1260 2891 ex
1280 2857 1319 2891 C.
1520 2868 1572 2903 15.
1598 2873 1706 2901 προσ--

135 2906 314 2950 επαγαγὼν
331 2905 371 2940 C.
388 2906 598 2951 προσεπάγει
618 2905 708 2939 Edd.
891 2915 945 2947 24.
971 2904 1035 2939 σὺν
1053 2903 1093 2938 C.
1112 2904 1147 2937 ἐν
1164 2903 1255 2937 Edd.
1447 2914 1502 2950 27.
1527 2906 1596 2940 τοῖς
1616 2905 1706 2940 Edd.

139 2985 193 3019 28.
217 2982 257 3018 ἂν
274 2992 494 3030 assumptum
511 2998 551 3019 ex
571 2985 611 3019 C.
659 2984 839 3030 ἀμελήσειε
859 2985 949 3019 C.D.
967 2960 1132 3028 ἆμελήσεῖ
1151 2984 1191 3017 Β.
1211 2982 1374 3028 ἀμελήσει
1394 2983 1485 3018 Edd.
