2007 3387
116 437 147 466 S.
165 437 263 467 Joan.

116 481 183 511 viii.
203 491 251 519 24.

117 600 168 630 ΙΙ).
189 600 231 630 iii.

122 644 169 673 18.

118 868 201 902 672
220 867 270 901 Α.

120 926 131 945 1
151 918 181 947 S.
203 917 274 947 Pet.

115 961 147 990 ii.
168 970 195 1000 7.

298 878 319 900 ἱῑ

338 169 422 209 312
726 172 776 211 Β.
819 170 1102 211 CYRILLI
1154 171 1540 212 ALEXANDR.
1792 170 1920 223 ii.13.

338 278 675 340 ἀπολουμένων
720 273 868 345 οἷπερ.
892 277 950 329 ἂν
997 281 1123 349 αὐτῷ
1165 279 1230 344 μὴ
1271 280 1590 342 πιστεύσειαν,
1632 278 1922 339 εὐλαβεῖσθαι

336 359 646 426 προστέταχε.
711 367 850 412 τοῦτο
902 363 976 412 καὶ
1028 361 1166 416 αὐτὸς
1215 364 1240 413 ὁ
1286 361 1499 429 Χριστὸς
1540 361 1625 426 τὴν
1676 366 1737 415 εἷς
1781 361 1923 412 αὑτὸν

337 442 500 492 πίστιν
539 443 592 492 οὐ
627 443 951 509 προσιεμένοις
991 445 1217 513 ἐπεφώνει
1258 450 1353 498 τοῖς
1394 445 1450 513 ἐξ
1485 444 1685 510 Ἰσραήλ
1715 451 1741 473 “
1766 442 1923 507 Ἀμὴν

339 531 365 552 “
392 523 515 587 ἀμὴν
542 524 669 590 λε’γω
697 526 816 589 ὑμῖν,
843 525 922 576 ε’ἁν
959 526 1024 591 μὴ
1056 527 1345 591 πιστεύσητε
1382 526 1452 577 ὅτι
1487 527 1578 592 ἐγώ
1613 531 1715 590 εἶμι,
1743 528 1791 577 ἐν
1821 530 1923 578 ταῖς

339 613 365 634 “
392 607 638 671 ἁμαρτίαις·
675 609 803 671 ὑμῶν
837 608 1200 660 ἀποθανεῖσθε.”
1267 611 1341 660 καὶ
1379 609 1526 660 πάλιν
1550 611 1658 660 “‘O
1684 608 1963 660 πιστεύων5

339 695 364 717 “
391 692 452 741 εἰς
477 687 560 739 τὸν
585 689 715 752 Υὶὸν,
743 691 797 741 οὐ
822 691 1036 756 κρίνεται,
1069 692 1093 741 ὁ
1132 691 1179 742 δὲ
1210 691 1275 756 μὴ
1309 691 1546 743 πιστεύων
1583 692 1671 756 ἤδη
1707 691 1921 756 κέκριται,

337 777 364 798 “
391 770 461 821 ὅτι
500 770 565 835 μὴ
614 772 923 823 πεπίστευκεν
962 778 1023 827 εἷς
1067 773 1120 824 τὸ
1164 773 1312 837 ὄνομα
1352 780 1434 825 τοῦ
1475 778 1592 825 Υῖοῦ
1629 779 1712 824 τοῦ
1752 773 1920 824 Θεοῦ.”

336 852 553 920 ταύτῃτοι
585 856 661 904 καὶ
688 862 714 884 ‘⁴
733 854 867 909 λίθος
905 856 1276 922 προσκόμματος
1314 859 1390 908 καὶ
1427 856 1575 922 πέτρα
1613 853 1920 906 σκανδάλου”

337 934 699 999 κατωνόμασται
742 937 969 1004 Χριστός.
1037 937 1201 1004 ὥσπερ
1240 939 1332 1005 γάρ
1371 941 1502 990 ἐστιν
1536 937 1923 1004 ὁμολογουμένως

336 1016 485 1068 καλὸν
520 1021 595 1069 καὶ
641 1019 877 1086 σωτήριον
914 1021 968 1071 τὸ
1008 1023 1066 1089 τῇ
1110 1023 1267 1072 πίστει
1306 1027 1575 1089 στεφανοῦν
1613 1020 1768 1083 αὐτὸν,
1800 1022 1921 1071 οὕτω
1944 1046 1991 1071 10

335 1102 411 1150 καὶ
452 1101 651 1167 ὀλέθρου
690 1103 936 1172 πρόξενον,
970 1103 1027 1154 τὸ
1066 1103 1130 1168 μὴ
1177 1104 1465 1163 εὐλαβεῖσθαι
1503 1103 1585 1154 τὸν
1624 1103 1677 1153 δι’
1719 1103 1838 1167 ἡμᾶς
1874 1104 1923 1153 ἐν

335 1187 431 1236 τοῖς
463 1186 568 1235 καθ’
605 1185 725 1248 ἡμᾶς
757 1186 1000 1251 γεγονότα,
1040 1188 1114 1237 καὶ
1153 1189 1240 1255 οὐχ
1277 1186 1432 1253 ἑτέρου
1469 1210 1553 1238 του
1591 1187 1741 1254 χάριν,
1779 1185 1808 1251 ὴ
1847 1186 1922 1237 ἵνα

335 1266 479 1334 σώσῃ
518 1265 572 1318 τὸ
608 1267 874 1330 ἀπολωλός,
906 1271 1172 1338 ἐπιστρέψῃ
1211 1270 1267 1320 τὸ
1304 1269 1626 1333 πλανώμενον,
1653 1267 1921 1336 ζωοποιήσῃ

336 1347 390 1398 τὸ
429 1350 826 1418 κατεφθαρμένον,
853 1351 1043 1420 φωτίσῃ
1077 1352 1131 1402 τὸ
1170 1353 1217 1402 ἐν
1250 1350 1425 1421 σκότῳ,
1457 1351 1662 1417 καθαρὸν
1696 1350 1921 1420 ἀποφήνῃ

335 1433 759 1496 πλημμελημάτων
797 1434 851 1484 τὸ
896 1439 995 1487 ταῖς
1046 1435 1291 1500 ἁμαρτίαις
1333 1435 1511 1502 ἔνοχον,
1560 1434 1682 1501 ὑγιὲς
1720 1437 1795 1486 καὶ
1840 1436 1916 1486 εὕ-
1941 1453 1988 1491 15

335 1537 524 1579 ρωστον
550 1515 820 1584 ἀποτελέσῃ
847 1515 900 1566 τὸ
926 1515 1200 1580 ἠσθενηκός.

411 1596 669 1666 Ἐγηγερθαι
710 1598 757 1649 δὲ
810 1598 950 1649 αὐτὸν
989 1600 1039 1650 ἐκ
1087 1598 1273 1668 νεφελῶν
1318 1589 1457 1665 ἁγίων
1501 1601 1630 1649 αὑτοῦ
1675 1603 1921 1662 νομιοῦμεν

335 1677 496 1741 πάλιν,
524 1682 586 1734 ὡς
622 1680 678 1749 ἐξ
712 1681 901 1746 ἠρεμίας
936 1684 1018 1745 τῆς
1057 1682 1207 1733 πάλαι
1246 1684 1321 1732 καὶ
1359 1684 1543 1744 σιωπῆς
1570 1682 1831 1748 ἀφιγμένον
1857 1685 1920 1734 εἷς

337 1762 520 1827 κίνησιν
546 1765 628 1825 τῆς
651 1765 699 1813 ἐν
726 1764 835 1828 ἡμῖν
862 1765 1125 1832 φροντίδος,
1144 1763 1375 1829 γεγονότα
1401 1762 1548 1829 γεμὴν
1574 1765 1622 1814 ἐκ
1648 1763 1920 1829 σπερματος

295 1845 423 1889 l›‘'

338 1867 484 1909 αγιων
515 1844 753 1911 Ἀβραὰμ,
792 1847 989 1909 Ἰεσσαὶ,
1021 1849 1094 1897 καὶ
1135 1849 1320 1909 Δαυεὶδ,
1361 1849 1435 1897 καὶ
1473 1851 1567 1897 τῶν
1605 1844 1696 1896 σῦν
1735 1845 1919 1899 ἐκείνοις
1939 1867 1988 1892 20

337 1929 790 1993 γενεαλογουμένων,
818 1928 895 1982 οῦς
931 1931 1005 1979 καὶ
1034 1930 1217 1998 νεφελας
1244 1932 1485 1991 ἀποκαλεῖ,
1511 1928 1586 1979 διά
1610 1952 1680 1980 τοι
1711 1927 1765 1979 τὸ
1792 1929 1920 1997 ὑψοῦ

337 2009 563 2077 φέρεσθαι
597 2015 691 2060 τῶν
717 2012 864 2076 ἁγίων
890 2009 972 2061 τὸν
998 2017 1120 2073 νοῦν,
1148 2014 1224 2062 καὶ
1260 2016 1589 2077 παραιτεῖσθαι
1627 2010 1710 2074 μὲν
1747 2010 1806 2061 τὰ
1843 2012 1918 2062 ἐπὶ

337 2095 418 2155 τῆς·
446 2096 532 2158 γῆς
558 2095 632 2143 καὶ
658 2093 878 2160 φρόνημα
910 2093 963 2144 τὸ
996 2094 1368 2161 κατεῤῥιμμένον,
1396 2094 1543 2160 ζητεῖν
1569 2092 1616 2144 δὲ
1642 2098 1831 2156 μᾶλλον
1857 2092 1917 2144 τὰ

338 2174 434 2225 ἄνω
461 2179 536 2225 καὶ
560 2175 618 2225 τὰ
644 2176 692 2225 ἐν
717 2179 811 2228 τοῖς
838 2176 1061 2241 οὐρανοῖς,
1089 2177 1163 2226 καὶ
1197 2175 1290 2240 μὴν
1321 2178 1396 2226 καὶ
1427 2175 1480 2227 τὸ
1512 2178 1559 2226 ἐν
1590 2174 1721 2244 τάξει
1747 2179 1914 2243 νεφῶν,

337 2262 432 2310 τοῖς
455 2261 634 2321 νοητοῖς
661 2258 805 2311 ὑετοῖς
836 2257 1080 2324 κατάρδειν
1106 2258 1301 2324 ἑτέρους.
1368 2257 1438 2309 ὅτι
1465 2257 1512 2309 δὲ
1538 2259 1623 2322 τὴν
1649 2256 1916 2309 ἀνάστασιν
1936 2274 1984 2313 25

334 2338 420 2403 τὴν
447 2339 494 2390 ε”ν
520 2362 574 2405 γε
600 2340 749 2409 τούτῳ
782 2343 921 2409 φημὶ,
950 2340 1035 2404 τὴν
1062 2343 1123 2394 εἷς
1149 2340 1375 2409 φροντίδα
1401 2342 1585 2405 κίνησιν
1611 2343 1692 2404 τῆς
1718 2338 1920 2407 ἀῤῥήτου

336 2421 526 2489 φύσεως
566 2423 648 2473 οὐκ
687 2423 915 2473 ἀπίθανον
956 2424 1137 2486 ἐννοεῖν,
1183 2422 1546 2491 πληροφορήσει
1591 2421 1739 2474 πάλιν
1782 2421 1920 2477 αὐτὸς

387 2618 438 2641 ιο.
466 2609 505 2651 τῇ
525 2614 746 2652 assumptum
766 2620 806 2641 ex
827 2607 906 2642 C.b.
1197 2619 1248 2642 12.
1276 2608 1352 2653 του]
1372 2611 1432 2642 τοῦ
1451 2608 1491 2642 C.
1513 2608 1604 2642 Aub.
1623 2611 1682 2642 τοῦ
1698 2622 1757 2642 του
1775 2609 1864 2654 (sic)
1882 2609 1916 2644 b.

338 2654 512 2688 Neutrum
531 2654 634 2688 habet
654 2655 700 2688 1).
934 2655 1180 2700 13—16.Ilaec
1199 2655 1479 2700 ἐπιστρέψῃ-τὸ
1498 2653 1680 2698 ἢσθενηκός
1697 2663 1918 2691 accesserunt

335 2714 377 2734 ex
397 2701 436 2735 (3.
445 2701 489 2735 D.
556 2701 761 2746 ἐπιστρεψει
781 2702 820 2735 C.
887 2702 1087 2746 ζωοποιήσει
1106 2702 1146 2736 C.
1478 2713 1529 2744 14.
1555 2702 1701 2746 φωτίσει
1720 2702 1812 2737 (3.1).
1877 2704 1916 2737 τὸ

335 2748 578 2792 ε’σκοτισμένον
596 2760 658 2793 pro
675 2750 713 2782 τὸ
732 2748 767 2782 ἐν
784 2750 897 2796 σκότῳ
916 2749 963 2783 D.
1029 2748 1196 2793 (ιποφὴνει
1215 2748 1302 2793 (sic)
1322 2748 1362 2783 C.
1737 2759 1789 2794 17.
1815 2749 1917 2784 αὐτὸν

335 2802 556 2839 assumptum
574 2807 615 2828 ex
635 2796 674 2828 (3.
680 2795 711 2829 b.
1071 2807 1124 2830 20.
1149 2794 1322 2840 Ἀβρααμ]
1347 2800 1399 2875 4-2
1403 2794 1519 2829 Ἰσαὰκ
1536 2794 1627 2829 Edd.
1646 2770 1772 2829 invitis!
1783 2796 1824 2830 C.
1831 2796 1875 2830 D.
1878 2797 1913 2831 b.

335 2856 369 2874 εκ
389 2854 451 2885 plo
469 2843 522 2875 καὶ
539 2843 596 2875 alt.
617 2842 643 2875 1’
631 2841 707 2876 ’,(1ι1.
726 2842 843 2876 invitis
863 2842 903 2876 C.
912 2843 955 2877 l)
960 2842 1551 2887 1).3ζητεῖ
1570 2841 1661 2876 E.dd
1681 2850 1759 2876 ante
1780 2843 1914 2888 Migne.

337 2898 390 2929 24.
418 2903 458 2921 τιι
476 2895 699 2933 assumptum
716 2901 756 2922 ex
777 2853 1854 2944 (3.25.κατάρδεῗν31).1).Ε(1(1.καταρδεὺειν
1872 2889 1913 2924 C.

337 2936 391 2966 20.
422 2934 515 2968 Haec
541 2936 659 3016 ἷὴίιάἕν
683 2936 930 2981 ’γε-ἀπίθανον
957 2943 1136 2982 assumpta
1161 2949 1201 2971 ex
1230 2935 1270 2969 B.
1281 2936 1322 2971 (3.
1387 2934 1532 2979 ᾰῤῥήτου
1551 2935 1592 2970 C.
1617 2935 1795 2980 ἀῤῥώστου
1814 2936 1856 2971 Β.
1867 2936 1912 2971 D.

337 2989 390 3023 27.
418 2980 521 3015 ἐννοεῖ
572 2994 581 3015 (
