1997 3361
116 188 170 229 iii.
194 203 256 241 14,
285 202 346 244 15.
486 191 559 231 IN
602 191 1017 233 SOPHONJAM.
1079 194 1231 234 TOM.
1270 193 1323 234 11.
1610 195 1690 233 235

174 313 469 369 Ἰερουσαλήμ.
529 312 716 371 Περιεῖλε
757 315 902 372 Κύριος
945 317 990 357 τὰ
1029 316 1269 364 ἀδικήματά
1307 330 1393 366 σου,
1425 316 1688 372 Λελύτρωταί

180 411 226 437 σε
252 396 297 437 ἐκ
325 397 463 452 χειρὸς
490 397 653 455 ἐχθρῶν
680 411 766 439 σου·
816 400 1053 448 βασιλεύσει
1084 399 1232 456 Κύριος
1270 400 1314 440 ὲν
1349 400 1466 453 μέσῳ
1500 414 1586 449 σου,
1613 399 1687 439 οὐκ

177 479 276 530 ὄψει
304 481 410 521 κακοὶ
439 481 514 522 οὐκ
539 482 616 524 ἔτι.

178 598 340 652 ‘'Offov
382 601 466 665 μὲν
504 603 610 667 ἧκεν
655 606 795 654 εἰπεῖν
834 604 895 657 εἵς
934 627 985 669 γε
1026 603 1107 654 τὸν
1150 607 1232 667 τῆς
1272 604 1479 669 ἱστορίας
1518 602 1685 668 λόγον,

72 698 94 737 5
115 684 406 751 ὑπισχνεῖται
432 689 603 753 σαφῶς
629 684 714 749 τὴν
741 685 921 750 εἰρήνην
948 687 1101 739 αὐτοῖς
1127 686 1244 749 μετά
1269 709 1322 751 γε
1350 684 1434 749 τὴν
1461 688 1509 736 ἐκ
1531 689 1690 747 Βαβυ-

114 770 265 819 λῶνος
289 766 530 829 ἐπάνοδον,
558 767 632 819 ὅτε
664 770 738 818 καὶ
764 768 1157 832 ἀμνηστουμένων
1184 770 1337 822 αὐτοῖς
1363 773 1456 818 τῶν
1483 770 1690 835 ἀρχαίων

115 848 411 912 αἱτιαμάτων,
433 851 642 901 συνεῖναί
664 874 713 901 τε
739 855 813 900 καὶ
832 849 1139 916 προασπίζειν
1166 852 1318 901 αὐτῶν
1343 850 1690 916 ἐπαγγέλλεται

114 929 248 984 Θεός·
290 930 406 982 ὅσον
431 931 478 983 δὲ
504 933 610 997 ἧκεν
635 937 696 986 εἷς
720 931 803 983 τὸν
827 932 1048 983 ἐσωτάτω
1077 939 1198 995 νοῦν,
1225 936 1401 1001 χαίρειν
1427 957 1476 984 τε
1501 930 1688 1002 σφόδρα,

113 1015 187 1063 καὶ
214 1017 615 1084 κατευφροιίνεσθαι
642 1015 764 1073 λίαν,
794 1017 866 1065 καὶ
893 1014 985 1078 μὴν
1015 1023 1091 1066 καὶ
1121 1016 1165 1084 ἐξ
1191 1015 1292 1074 ’ὅλης
1321 1016 1687 1085 καιτοι-τέρπεσθαι

47 1110 94 1134 10
113 1094 187 1154 τ’ἧς
228 1093 418 1166 καρδχίεις
450 1098 771 1165 προστέταχεν
809 1098 1088 1163 ἀναγκαίως,
1121 1100 1182 1151 ὡς
1221 1098 1515 1167 ἐξῃρημένων
1546 1101 1687 1163 αὐτῆς

112 1181 206 1228 τῶν
250 1178 690 1243 πλημμελημάτων,
734 1178 809 1231 διὰ
846 1182 1061 1246 Χριστοῦ
1105 1181 1337 1244 δηλονότι.
1402 1182 1686 1232 δεδικαίωται

110 1258 203 1325 γὰρ
241 1260 269 1324 ἡ
309 1259 447 1325 νοητὴ
483 1265 558 1313 καὶ
597 1263 707 1327 ἁγία
747 1261 884 1320 Σιὼν,
912 1262 1153 1313 τουτέστιν
1184 1263 1514 1327 ἡἘκκλησία,
1542 1264 1687 1329 ἤγουν

111 1346 205 1392 τῶν
229 1343 606 1395 πεπιστευκότων
632 1345 660 1409 ἡ
689 1345 799 1410 ἁγία
832 1344 1030 1409 πληθὺς,
1057 1346 1104 1395 ἐν
1130 1348 1329 1414 Χριστῷ
1355 1345 1411 1409 δὴ
1442 1347 1517 1396 καὶ
1543 1346 1685 1416 μόνῳ,

111 1427 186 1475 καὶ
209 1426 498 1489 σεσώσμεθα
524 1428 579 1476 δι’
606 1428 746 1478 αὐτοῦ
772 1450 821 1477 τε
853 1429 927 1478 καὶ
953 1428 1061 1493 παρ’
1090 1428 1244 1489 αὐτοῦ,
1271 1427 1329 1478 τὰ
1354 1432 1448 1478 τῶν
1473 1428 1687 1494 ἀοράτων

45 1520 91 1559 15
111 1507 289 1574 ἐχθρῶν
323 1508 669 1577 ἀποφεύγοντες
702 1509 883 1574 βλάβη,
917 1511 992 1560 καὶ
1030 1509 1175 1578 μέσον
1214 1510 1397 1577 ἔχοντες
1435 1512 1510 1560 καὶ
1545 1510 1687 1562 αὐτὸν

109 1589 157 1639 ἐν
190 1589 293 1640 ε’ίδει
331 1594 397 1660 τῷ
430 1593 537 1642 καθ’
566 1592 685 1655 ἡμᾶς
710 1590 953 1660 πεφηνότα
985 1591 1067 1642 τὸν
1099 1596 1193 1642 τῶν
1219 1591 1345 1643 ὅλων
1375 1594 1584 1654 βασιλέα
1610 1595 1685 1644 καὶ

111 1670 246 1735 Θεὸν,
266 1674 494 1736 τουτέστι,
515 1672 597 1725 τὸν
622 1677 671 1725 ἐκ
691 1678 816 1725 Θεοῦ
840 1674 1028 1740 Πατρός
1046 1673 1217 1741 Λόγον·
1259 1676 1312 1725 δι’
1333 1673 1385 1725 ὃν
1413 1679 1485 1726 οὐκ
1506 1675 1685 1739 ε’ίδομεν

1717 328 1761 365 15

1709 416 1730 442 C

1705 1194 1731 1234 d

111 1756 168 1807 ἔτι
199 1756 345 1821 manga,
373 1759 630 1821 τουτέστιν,
660 1759 1010 1824 ἀπηλλάγμεθα
1038 1758 1214 1813 παντὸς
1239 1765 1322 1810 τοῦ
1352 1766 1523 1812 κακοῦν
1550 1761 1683 1830 ἶσχύ-
1701 1783 1722 1809 e

110 1861 254 1893 οντος.
318 1840 454 1894 αὐτὸς
484 1841 577 1907 γάρ
612 1843 713 1891 ἐστι
752 1841 804 1891 τὸ
840 1844 921 1904 τῆς
959 1842 1165 1895 εὐδοκίας
1193 1841 1356 1904 ὅπλον,
1381 1843 1407 1906 ἡ
1434 1841 1601 1908 εἰρήνη,
1628 1842 1682 1894 τὸ

42 1942 92 1967 20
109 1927 276 1988 τεῖχος,
306 1925 388 1986 τῆς
411 1923 681 1991 ἀφθαρσίας
706 1924 730 1973 ὁ
757 1922 974 1991 χορηγὸς,
999 1928 1092 1975 τῶν
1116 1924 1368 1992 στεφάνων
1396 1926 1420 1975 ὁ
1446 1924 1683 1991 πρύτανις,

110 2004 135 2054 ὁ
159 2002 241 2055 τὸν
271 2009 364 2055 τῶν
400 2009 574 2068 νοητῶν
599 2006 874 2071 Ἀσσυρίων
908 2006 1129 2074 ἐξείργων
1160 2006 1383 2070 πόλεμον,
1411 2011 1486 2058 καὶ
1520 2007 1603 2062 τὰς
1634 2010 1683 2059 ἐκ

107 2089 202 2136 τῶν
227 2084 458 2149 δαιμόνων
485 2087 789 2156 ἐπικουφίζων
808 2088 1074 2148 ἐπιβουλάς·
1115 2090 1140 2139 ὁ
1167 2088 1318 2143 διδοὺς
1343 2089 1451 2153 ἡμῖν
1479 2097 1505 2119 ‘⁶
1521 2095 1683 2141 πατεῖν

109 2175 135 2197 “
161 2168 315 2219 ἐπάνω
334 2167 489 2238 ὄφεων
514 2171 588 2219 καὶ
608 2171 862 2236 σκορπίων,
882 2173 955 2221 καὶ
982 2173 1054 2222 ἐπὶ
1080 2176 1244 2222 πᾶσαν
1267 2171 1351 2235 τὴν
1380 2171 1574 2236 δύναμιν
1599 2179 1680 2224 τοῦ

109 2257 136 2279 “
160 2252 367 2319 ἐχθροῦ,”
397 2250 451 2301 δι’
474 2250 527 2302 ὃν
547 2250 774 2315 ἐπέβημεν
795 2253 867 2303 ἐπὶ
893 2253 1073 2304 ἀσπίδα
1098 2275 1147 2304 τε
1171 2256 1246 2304 καὶ
1271 2255 1577 2317 βασιλίσκων,
1605 2258 1679 2306 καὶ

42 2350 89 2388 25
109 2342 463 2399 καταπατοῦμεν
497 2336 666 2387 λεόντα
701 2339 775 2387 καὶ
811 2336 1059 2403 δράκοντα·
1100 2339 1152 2389 δι’
1183 2338 1236 2389 ὃν
1268 2340 1316 2389 ἐν
1351 2341 1511 2390 ἐλπίσι
1543 2340 1679 2406 γεγό-

108 2441 250 2479 ναμεν
275 2421 472 2484 ἀγαθαῖς
497 2420 767 2486 ἀφθαρσίας
798 2421 874 2469 καὶ
907 2420 1036 2485 ζωῆς,
1063 2421 1296 2474 υἱοθεσίας
1325 2444 1373 2472 τε
1412 2422 1486 2471 καὶ
1525 2421 1678 2490 δόξης·

108 2500 162 2549 δι’
191 2499 244 2551 ὃν
271 2504 346 2552 οὐκ
373 2499 590 2570 ὀψόμεθα
618 2501 748 2552 κακὰ.
776 2505 850 2552 οὐκ
880 2502 952 2552 ἔτι.

158 2688 187 2711 Ι.
211 2677 404 2722 λελύτρωκὲ
420 2679 456 2713 F.
476 2678 707 2724 Edd.(1133)
796 2689 828 2712 2.
855 2693 919 2713 σου
938 2679 1033 2722 prius
1051 2690 1120 2713 Om.
1140 2680 1176 2713 F.
1196 2679 1287 2713 Edd.
1308 2679 1406 2723 (153.
1412 2679 1428 2724 )
1476 2679 1679 2719 βασιλευσει

108 2721 228 2768 Κύριος
254 2724 295 2759 Β.
322 2726 394 2768 (22.
420 2726 480 2769 al.)
504 2725 726 2766 βασιλευσεις
749 2724 972 2769 Ἰερουσαλὴμ
997 2727 1014 2759 ὁ
1041 2725 1162 2770 Κύριος
1185 2726 1222 2760 F.
1250 2726 1341 2760 Edd.
1370 2725 1612 2771 [Bacchiae-‘t‘
1616 2732 1641 2760 Ι.
1660 2729 1679 2760 ὀ

109 2774 149 2803 Κ.
170 2780 245 2815 153.
248 2770 263 2815 ]
500 2784 533 2814 4.
560 2772 636 2816 ἧκεν
652 2778 795 2806 acceSSlt
813 2784 853 2806 ex
872 2772 913 2806 B.
1142 2773 1175 2806 8.
1201 2787 1270 2816 ηκει
1288 2772 1379 2807 Edd.
1431 2773 1601 2807 ε’σώτατον
1619 2773 1677 2807 lid.

108 2827 141 2860 9.
158 2817 210 2850 καὶ
227 2819 288 2851 ult.
307 2825 527 2862 assumptum
543 2831 585 2853 ex
604 2819 646 2853 B.
792 2830 843 2861 14.
869 2833 904 2852 τε
921 2830 990 2852 orn.
1011 2818 1052 2852 B.
1199 2829 1252 2864 15.
1277 2820 1330 2853 καὶ
1347 2820 1405 2853 alt.
1423 2820 1566 2853 accessit
1583 2832 1623 2854 ex
1641 2820 1676 2854 b.

112 2871 164 2906 17.
189 2864 342 2899 τουτέστι
361 2872 581 2910 assumptum
599 2878 639 2900 ex
659 2865 701 2900 B.
895 2866 946 2899 18.
975 2868 1034 2899 τοῦ
1052 2873 1272 2911 assumptum
1289 2878 1330 2900 ex
1348 2865 1383 2899 b.
1434 2866 1560 2900 Statim
1577 2869 1677 2900 κακοῦ

109 2907 200 2943 Edd.
216 2910 333 2945 invitis
353 2912 395 2945 B.
399 2912 433 2945 b.
693 2924 747 2946 21.
772 2910 846 2957 τὸν]
871 2916 907 2952 4-
928 2912 964 2945 ἐκ
984 2912 1075 2946 Edd.
1343 2924 1398 2947 22.
1423 2913 1600 2956 δαιμονίων
1617 2913 1676 2947 iid.

111 2965 165 2997 24.
192 2954 282 3002 ὃν]
265 2963 309 2992 ὼν
326 2958 405 3002 (sic)
426 2958 485 2992 iid.
503 2965 582 2992 ante
601 2959 734 3004 Nligne.
793 2959 847 2992 ἐπὶ
865 2958 907 2992 Β.
927 2959 1056 3003 (Alex.)
1075 2958 1123 2993 ἐπ’
1142 2959 1202 2993 iid.
1221 2959 1343 3004 (Vat.)
1397 2974 1432 2993 τε
1457 2967 1677 3005 assumptum

110 3012 150 3034 ex
170 3001 211 3036 B.
402 3015 454 3050 27.
480 3006 538 3040 οὐκ
557 3006 614 3040 alt.
634 3011 854 3051 assumptum
873 3017 915 3039 ex
934 3005 976 3040 B.

828 3075 856 3102 H
877 3063 904 3102 h
929 3076 951 3105 2-

1744 2099 1776 2129 S.
1795 2099 1876 2129 Luc.

1743 2153 1774 2173 x.
1797 2151 1845 2183 19.

1741 2278 1795 2308 ΡΞ.
1812 2289 1862 2309 xc.

1745 2330 1793 2360 13.

1697 2446 1719 2470 a
1747 2438 1830 2471 622
1847 2437 1897 2471 A.
