2060 3387
124 164 177 204 ix.
197 174 235 218 5,
255 166 293 204 6.
493 165 564 204 IN
608 165 1024 206 ZACHARIAM.
1086 165 1234 205 ΤΟΜ.
1270 165 1354 204 111.
1627 165 1710 203 11-0‘.)

124 272 183 323 τὰ
228 274 312 336 μὲν
354 275 536 326 ἐκείνων
575 274 859 342 ὀχυρώματα
904 276 1327 342 καταστρέψοντες,
1366 276 1712 335 οἰκοδομοῦντες

125 354 172 405 δὲ
200 360 373 420 νοητῶς
399 356 484 418 τὴν
513 356 652 423 ἁγίαν
678 357 833 420 πόλιν,
861 358 1075 408 τουτέστι
1102 358 1185 421 τὴν
1212 357 1522 420 Ἐκκλησίαν.

118 605 304 656 Ὀψεται
332 607 558 649 Ἀσκάλων
599 608 667 649 καὶ
704 609 1011 665 φοβΗΟιῖσε-ῑται,
1048 610 1115 650 καὶ
1151 609 1253 666 Γάζα
1292 611 1359 650 καὶ
1397 608 1752 653 ὀδυνΗΟιίσεται5

192 688 375 746 σφόδρα,
415 689 478 731 καὶ
510 691 749 747 Ἀκκαρὼν,
787 694 851 733 ὅτι
890 692 1074 749 ᾠσχύνθιι
1114 692 1199 733 ἀπὸ
1236 695 1311 733 τέις
1349 691 1523 732 ἐλπίδος
1562 691 1752 732 norae-c

84 790 105 828 5
195 771 263 811 καὶ
289 770 515 814 ἀπολεῖται
544 774 739 823 βασιλεὺς
766 775 852 815 ἀπὸ
882 774 1024 831 Vtique,
1053 776 1120 815 καὶ
1142 776 1369 816 Ἀσκάλων
1397 775 1444 814 οὐ
1483 773 1538 822 μή
1569 788 1711 814 κατοι-

195 857 318 911 κΗθῌ.
379 856 446 895 καὶ
487 857 811 909 κατοικήσουσιν
849 855 1097 904 άλλοῐενεῖο
1138 858 1182 898 ὲν
1216 857 1396 914 Ἀζώτῳ,
1433 857 1501 898 καὶ
1539 853 1753 898 καθελὼὅ

195 942 311 995 ὕβριν
350 940 628 996 ἀλλοφύλων.

192 1096 314 1149 “Ore
344 1099 555 1164 πολέμου
593 1103 668 1152 καὶ
701 1100 855 1168 μάχης
885 1100 1069 1165 ἐμβολὴ
1097 1100 1400 1163 κατανέμεται
1426 1101 1602 1167 χώραν,
1632 1101 1709 1151 εὐ-

127 1181 447 1248 θαρσέστεραί
474 1206 574 1237 πως
612 1185 701 1233 εἶσὶ
738 1185 813 1234 καὶ
847 1184 894 1233 ἐν
929 1184 1120 1234 ἐλπίσιν
1150 1182 1255 1233 ἔσθ’
1286 1183 1362 1234 ὅτε
1396 1187 1638 1250 χρησταῖς,
1666 1185 1713 1232 αἱ

62 1294 109 1318 10
128 1263 225 1312 κατ’
254 1262 399 1328 αὐτὴν
435 1262 608 1318 πόλεις·
649 1264 822 1315 οἴονται
861 1264 968 1330 γὰρ,
995 1264 1065 1315 ὅτι
1092 1264 1387 1330 περιέσονται
1413 1268 1507 1314 τῶν
1533 1265 1715 1331 ἐχθρῶν

127 1342 156 1408 ἢ
182 1348 248 1412 τῷ
272 1344 445 1409 πλήθει
475 1350 569 1396 τῶν
600 1347 899 1397 ἐνοικούντων
934 1348 981 1397 ἐν
1014 1348 1186 1408 αὑταῖς,
1214 1343 1242 1410 ἦ
1269 1349 1435 1412 τειχῶν
1466 1344 1714 1412 ὀχυρότητι
1733 1358 1761 1399 (1

127 1430 204 1476 καὶ
249 1432 348 1480 ταῖς
391 1432 485 1478 τῶν
523 1432 751 1478 τακτικῶν
789 1426 1086 1492 ἐπιστήμαις·
1141 1431 1179 1478 εἱ
1218 1426 1265 1478 δὲ
1305 1425 1361 1490 δὴ
1401 1427 1581 1491 γένοιτο
1621 1431 1717 1477 τῶν

127 1507 258 1574 παρά
283 1514 458 1577 σφισιν
484 1510 663 1560 ἁλῶναι
688 1510 810 1572 μίαν,
831 1510 949 1575 ἥπερ
977 1508 1034 1560 ἂν
1058 1508 1245 1575 λέγοιτο
1272 1508 1586 1572 δυνατωτάτη,
1613 1507 1718 1559 τότε

129 1589 185 1653 δὴ
211 1588 315 1640 τότε
353 1595 490 1642 πᾶσα
528 1589 613 1654 μὲν
646 1590 830 1657 ὀκλάζει
864 1591 983 1656 πρὸς
1011 1591 1123 1653 δέος,
1152 1591 1421 1642 ἀποσείεται
1447 1590 1495 1641 δὲ
1521 1589 1607 1654 τὴν
1634 1592 1712 1642 ἐλ-

62 1697 109 1736 15
130 1667 255 1733 πῖὃα,
299 1670 384 1735 τὴν
422 1678 505 1723 τοῦ
546 1675 790 1739 διαφυγεῖν
830 1673 1066 1724 δύνασθαί
1103 1677 1239 1741 φημι,
1281 1675 1355 1723 καὶ
1395 1675 1457 1726 ὡς
1495 1677 1718 1723 πεσοῦσα

129 1755 301 1818 θρηνεῖ.
371 1753 584 1818 ἁλούσης
622 1752 678 1817 δὴ
717 1754 798 1805 οὖν
832 1757 914 1818 τῆς
941 1754 1140 1820 Τυρίων,
1180 1757 1262 1818 τῆς
1302 1755 1423 1804 οὕτω
1463 1757 1718 1822 διαφανοῦς

130 1836 207 1884 καὶ
258 1834 587 1899 ἀλκιμωτάτης
628 1838 703 1886 καὶ
747 1834 941 1904 πλούτῳ
990 1835 1226 1899 κομώσης,
1271 1834 1570 1904 φοβηθήσετοιι
1619 1835 1718 1899 μὲν,

131 1917 294 1983 φησὶν,
333 1917 589 1978 ’Λα-κοίλων,
631 1914 920 1977 ὀδυνηθήσεταιι
966 1916 1014 1968 δὲ
1054 1917 1185 1987 Γάζα
1230 1920 1304 1969 καὶ
1348 1916 1443 1981 μὴν
1490 1923 1568 1968 καὶ
1607 1920 1719 1969 Ἀκ-

134 1998 288 2066 κοιρῶν.
355 1997 518 2052 πόλεις
550 1996 600 2049 δὲ
634 1998 769 2049 αὗται
798 2003 893 2049 τῶν
919 2002 1274 2051 Παλαιστινῶν.
1340 1996 1629 2060 ὀδυνηθήσετοιι
1656 1998 1718 2061 δὲ,

64 2109 113 2134 20
131 2077 192 2129 ’ότι
235 2078 415 2151 ᾐσχύνθη
459 2078 554 2131 dm&
594 2079 669 2139 τ’ἦς
710 2077 892 2135 ἐλπίδος
943 2079 1092 2140 αὐτῆς.
1159 2079 1307 2150 ᾤοντο
1356 2080 1441 2144 μὲν
1491 2079 1597 2146 γὰρ,
1647 2079 1717 2131 ὅτι

132 2161 291 2214 αὐταῖς
326 2161 512 2227 ἀρκέσει
543 2160 662 2228 πρὸς
696 2161 961 2227 ἐπικουρίαν
995 2162 1023 2225 ἡ
1051 2163 1236 2228 Τυρίων
1264 2162 1416 2229 ἰσχύς.
1485 2161 1641 2225 ἐπειδὴ
1668 2160 1715 2212 δὲ
1734 2181 1757 2208 e

133 2244 343 2307 κειμένην
375 2243 627 2305 τεθεάνται,
663 2243 882 2311 ταύτῃτοι
920 2243 1089 2293 λοιπὸν
1119 2242 1491 2307 ἀπωλισθήκασι
1531 2242 1604 2302 τῆς
1644 2242 1720 2293 ἑλ-

133 2320 279 2378 πῖὃος.
347 2326 423 2374 καὶ
457 2325 482 2375 ὁ
516 2323 600 2387 μὲν
635 2324 786 2390 Γάζης
824 2324 1077 2390 ἡγούμενος
1115 2324 1361 2392 οἰχήσεταί
1395 2328 1558 2392 φησιν,
1595 2325 1714 2374 ἀπο-

135 2404 307 2459 λωλὼς
340 2405 572 2469 δηλονότι,
614 2408 925 2466 κατοικήσαντι
961 2404 1011 2455 δὲ
1045 2411 1122 2457 καὶ
1156 2409 1418 2472 ἀλλογενεῖς
1458 2406 1496 2457 ἐν
1526 2406 1719 2475 Ἀζώτῳ,

69 2510 117 2548 25
137 2486 537 2550 δεδαπανημένων,
573 2486 692 2538 κατὰ
725 2486 779 2537 τὸ
814 2485 945 2549 εἰκὸς,
978 2490 1045 2555 τῷ
1081 2486 1276 2556 πολέμῳ
1314 2491 1409 2537 τῶν
1444 2487 1714 2551 αὐθιγενῶν.

186 2675 220 2706 4.
245 2661 460 2707 κατῃσχύνθη
480 2661 517 2696 F.
536 2661 613 2707 (22.
628 2661 693 2707 al.)
933 2669 966 2705 5.
991 2660 1057 2695 ἀπὸ
1077 2660 1118 2695 C.
1137 2661 1253 2704 (Alex.
1272 2659 1375 2703 XII.)
1395 2659 1430 2692 ἐκ
1449 2658 1541 2693 Edd.
1561 2658 1662 2704 (Vat.
1681 2659 1722 2704 Ν)

139 2709 172 2744 8.
198 2706 466 2754 εὐθαρσέστεροί
482 2708 523 2743 C.
736 2718 787 2742 11.
814 2706 849 2741 ἐν
865 2713 1088 2752 assumptum
1105 2719 1147 2741 ex
1167 2706 1207 2741 C.
1400 2714 1453 2750 15.
1481 2705 1661 2750 διαφυγεῖν
1679 2705 1723 2740 C.

139 2756 263 2800 φυγεῖν
281 2756 327 2789 D.
346 2754 438 2789 Edd.
974 2753 1027 2787 16.
1055 2753 1153 2787 Haec
1169 2752 1290 2797 τυρίων
1307 2753 1366 2795 τῆς·
1382 2757 1603 2785 accesserunt
1619 2763 1660 2785 ex
1680 2751 1722 2786 C.

140 2801 269 2835 desunt
285 2801 321 2835 in
340 2801 386 2835 D.
772 2800 825 2833 18.
852 2798 978 2844 φησὶν]
1002 2804 1039 2840 -Ι-
1060 2799 1078 2842 ἡ
1098 2798 1189 2833 Edd.
1209 2799 1319 2833 invito
1338 2797 1379 2832 C.
1444 2797 1534 2833 ὀδυν.
1553 2798 1589 2831 δέ
1608 2797 1648 2832 C.
1669 2798 1723 2832 καὶ

141 2848 201 2881 ὢδ.
222 2846 291 2892 [ὀδ.
310 2846 372 2893 Β.]
393 2846 485 2882 Edd.
727 2857 779 2891 19.
806 2845 864 2880 ὠδ.
885 2844 976 2879 Edd.
1254 2855 1308 2880 20.
1329 2844 1381 2879 ὅτι
1399 2843 1475 2889 alt.]
1501 2848 1536 2886 4-
1558 2844 1611 2878 καὶ
1628 2843 1722 2879 Edd.

141 2894 252 2927 invito
270 2892 312 2928 C.
691 2903 746 2927 21.
773 2891 909 2937 ἀρκέσει
929 2891 970 2927 C.
990 2890 1130 2937 ἰσχύσει
1149 2890 1241 2927 Edd.
1588 2901 1642 2934 24.
1670 2891 1724 2925 καὶ

142 2945 363 2984 assumptum
381 2951 422 2974 ex
441 2939 482 2975 C.

202 3009 294 3037 VOL.
319 3009 367 3037 11.
906 3009 929 3049 3
953 3008 978 3034 G
