1997 3361
103 135 157 176 iii.
184 150 220 185 2,
240 151 277 191 3.
466 140 533 179 ΙΝ
579 140 996 181 SOPIIONIAM.
1058 141 1207 181 TOM.
1245 140 1304 180 ΙΙ.
1589 142 1671 180 213

99 244 320 295 κινδύνων
349 248 688 314 ἐπηρτημένων,
715 250 818 299 δέον
853 249 996 313 αὐτὴν
1028 247 1112 312 τὴν
1143 253 1236 299 τῶν
1267 247 1513 314 προγόνων
1540 249 1670 298 εὐσέ-

98 331 230 386 βειαν
272 329 607 392 ἀπομιμεῖσθαι
657 335 825 398 φιλεῖν,
877 334 951 381 καὶ
1001 333 1073 382 ἐπὶ
1124 331 1250 400 μόνῳ
1303 329 1559 382 πεποιθέναι
1605 335 1670 399 τῷ
1690 357 1710 382 e

100 408 372 475 διασώζοντι
401 416 522 481 Θεῷ,
553 419 578 441 “
601 413 844 478 Αἴγυπτον
877 415 1183 472 ε’πεκαλεῖτο,”
1226 412 1342 463 κατὰ
1377 411 1430 462 τὸ
1465 435 1670 477 γεγραμ-
1734 418 1812 490 {¹1²³-
1833 418 1885 447 ‘'ii-

99 491 249 554 μένον,
275 500 301 521 “
324 496 398 544 καὶ
437 499 497 548 εὶς
523 495 809 561 Ἀσσυρίους
837 495 1198 561 ἐπορεύθησαν,”
1229 498 1302 545 καὶ
1330 498 1671 557 κατεμισθοῦτο
1779 485 1785 491 ¹

57 581 79 618 5
103 573 279 639 Σύρους
328 575 473 642 ἤγουν
510 574 744 642 ”Αραβας,
790 580 1039 644 μονονουχὶ
1083 577 1168 640 τὴν
1213 577 1340 627 θείαν
1384 575 1672 640 ἀτιμάζουσα

100 655 308 719 δύναμιν.

399 795 471 835 Καὶ
510 796 615 852 Πρὸς
653 797 724 837 τὸν
762 798 870 838 Θεὸν
909 797 1036 838 αὐτῆς,
1075 797 1149 837 οὐκ
1189 797 1365 843 ι’ίΓΓικεν.

170 900 446 970 Ἐ’γγιζομεν
477 901 524 952 δὲ
557 904 622 971 τιιῦ
647 907 753 971 Θεῷ
784 903 858 953 διὰ
890 902 1049 966 πάσης
1080 903 1329 963 ἐπιεικείας,
1357 904 1430 951 καὶ
1463 900 1520 951 τὰ
1547 902 1670 970 αὐτῷ

97 983 320 1032 δοκοῦντα
355 989 611 1050 κατορθοῦν
636 985 867 1053 ᾑρημένοι.
935 986 1180 1054 ἐγγιζομεν
1207 984 1254 1034 δὲ
1282 986 1357 1034 καὶ
1383 985 1487 1034 καθ’
1517 984 1671 1048 ἕτερον

32 1076 79 1100 10
97 1061 283 1128 τρόπον,
320 1065 459 1116 αὑτὸν
494 1065 605 1118 εἶναι
644 1066 787 1129 μόνον
821 1067 963 1136 φύσει
1004 1090 1052 1118 τε
1095 1069 1170 1116 καὶ
1209 1067 1398 1129 ἀληθῶς
1433 1064 1556 1115 Θεὸν
1595 1068 1669 1115 καὶ
1690 1073 1716 1113 d

96 1146 303 1205 βασιλέα
353 1152 447 1198 τῶν
498 1149 623 1200 ὅλων
668 1154 741 1200 καὶ
787 1148 1070 1215 δημιουργὸν
1120 1147 1434 1209 πιστεύοντες,
1477 1150 1550 1197 καὶ
1600 1149 1668 1198 ἐπ’

97 1229 221 1297 αὐτῷ
246 1227 299 1280 τὸ
325 1230 520 1293 σύμπαν
547 1232 702 1298 ἕτερον
727 1231 887 1283 οὐδένα
912 1230 1293 1298 παραδεχόμενοι.

286 1411 334 1453 Οἱ
362 1414 562 1470 ἄρχοντες
589 1416 717 1457 αὐτῆς
743 1416 786 1457 ἐν
815 1416 920 1473 αὐτῷ
948 1415 1008 1456 ὡς
1035 1415 1208 1456 λέοντες
1234 1413 1489 1470 ὠρυόμενοι.
1692 1423 1712 1457 3

188 1525 542 1593 Ἀπαριθμεῖται
581 1528 640 1579 τὰ
683 1529 971 1595 ἐγκλήματα,
1023 1532 1096 1579 καὶ
1142 1527 1342 1593 παράγει
1385 1526 1468 1580 τὰς
1510 1526 1671 1589 αἰτίας,

32 1618 77 1657 Ι5
97 1607 168 1677 ἐφ’
203 1608 274 1663 αἷς
312 1609 496 1663 εἰκότως
534 1612 763 1675 κεκίνηται
799 1614 874 1662 καὶ
912 1612 1117 1662 κέκλιται
1155 1609 1273 1677 πρὸς
1311 1608 1468 1675 ὀργὰς,
1501 1609 1576 1659 ἵνα
1615 1607 1671 1672 δὴ

97 1691 308 1758 φαίνοιτο
358 1690 525 1742 λοιπὸν
579 1694 788 1760 κολάζων
842 1695 890 1744 ἐν
939 1693 1040 1761 δίκῃ
1091 1691 1198 1746 τοὺς
1249 1689 1544 1756 ἠσεβηκότας
1596 1692 1672 1740 καὶ

96 1773 397 1840 καθιγμένους
430 1778 492 1829 εἷς
523 1782 659 1827 τοῦτο
685 1776 996 1845 φαυλότητος,
1024 1778 1085 1829 ὡς
1111 1774 1350 1845 ἀφόρητον
1377 1774 1465 1838 ἤδη
1492 1796 1590 1826 πως
1617 1771 1671 1823 τὸ
1690 1798 1711 1823 e

96 1858 254 1923 χρῆμα
279 1859 354 1906 καὶ
378 1857 501 1926 αὐτῷ
525 1858 742 1924 γενέσθαι
769 1862 889 1928 Θεῷ.
940 1857 1066 1923 ἦσαν
1093 1858 1187 1920 οὖν,
1215 1860 1378 1924 φησὶν,
1407 1862 1440 1907 οἱ
1467 1855 1671 1924 ἄρχοντες

97 1940 229 1994 azir&
263 1939 320 1992 ὡς
351 1938 530 1994 λέοντες.
597 1942 645 1991 τί
681 1941 729 1991 δὲ
768 1941 823 2005 δὴ
863 1944 1039 2008 δρῶσιν
1065 1942 1256 2000 ἐκεῖνοι;
1297 1944 1436 2000 λιμοῦ
1461 1936 1667 2001 καταθή-

29 2037 78 2062 20
96 2043 280 2086 γοντος,
311 2027 385 2075 καὶ
418 2028 479 2077 εἷς
511 2025 674 2092 ἔφεσιν
700 2022 865 2077 αὐτοὺς
897 2028 1153 2076 καλοῦντος
1179 2024 1370 2090 τροφῆς,
1399 2020 1483 2086 ὅρη
1513 2042 1561 2069 τε
1597 2020 1672 2069 καὶ

97 2103 245 2158 νάπας
275 2106 567 2172 περιθέουσιν
602 2107 845 2167 εὐσθενῶς,
872 2104 1019 2156 δεινόν
1046 2127 1089 2154 τι
1124 2106 1198 2154 καὶ
1233 2101 1409 2170 ἀπηχὲς
1436 2106 1672 2167 καταβρυ-

96 2186 311 2253 χώμενοι·
354 2186 439 2238 κᾶν
464 2188 506 2238 εἴ
524 2211 568 2238 τι
593 2210 684 2238 που
710 2186 960 2237 θεάσαιντο
986 2190 1079 2237 τῶν
1099 2185 1367 2249 ἐπιτηδείων
1387 2188 1448 2237 εἷς
1473 2187 1670 2249 βρῶσιν,

97 2266 193 2319 οἷον
235 2270 439 2336 βροντὴν
476 2268 838 2337 κατηχήσαντες,
878 2272 940 2323 εἰς
979 2268 1078 2322 δέος
1116 2268 1288 2333 ἄγουσι
1327 2271 1570 2327 τοσοῦτον,
1610 2266 1672 2317 ὡς

97 2352 425 2419 ἀποπεπῆχθαι
478 2355 640 2413 δοκεῖν,
693 2352 766 2401 καὶ
817 2348 913 2401 οἶόν
957 2372 1003 2400 τι
1053 2347 1270 2402 σικάλοις
1314 2345 1669 2415 ε’νεσφιγμένον,

31 2444 77 2481 25
97 2433 349 2498 περιμένειν
391 2432 472 2484 τὸν
516 2431 779 2495 δαιτυμόνα.
843 2437 981 2482 τοῦτο
1025 2431 1083 2481 δέ
1117 2453 1236 2483 τινες
1276 2429 1421 2495 ἔδρων
1459 2430 1535 2478 καὶ
1577 2430 1709 2477 τῶνει
1741 2446 1826 2483 607
1841 2449 1892 2485 Α.

97 2514 364 2580 ἡγουμένων
404 2517 451 2566 ἐν
485 2514 700 2581 Ἰσραὴλ,
740 2513 821 2564 τὸν
863 2515 913 2564 ἐκ
956 2511 1099 2575 νόμου
1137 2511 1338 2563 θάνατον
1378 2514 1473 2563 τοῖς
1510 2531 1665 2574 παρα-

97 2597 342 2657 βαίνουσιν
382 2597 653 2663 ὡρισμένον,
699 2596 932 2664 ἐπιφέρειν
980 2593 1084 2644 ἕσθ’
1132 2593 1205 2644 ὅτε
1256 2593 1331 2643 καὶ
1372 2596 1467 2645 τοῖς
1511 2597 1672 2654 πλημ-

149 2770 179 2793 Ι.
204 2759 441 2803 ἀπηρτημένων
458 2758 549 2793 Edd.
568 2759 683 2793 invitis
704 2759 797 2793 B.D.
846 2758 926 2801 αὐτῇ
945 2757 980 2792 b.
997 2757 1107 2791 invito
1126 2757 1172 2790 D.
1375 2766 1406 2789 2.
1432 2753 1607 2798 μιμεῖσθαι
1626 2752 1668 2787 Β.

101 2818 133 2848 4.
159 2807 399 2849 κατεμισθοῦτο
418 2806 463 2840 D.
482 2805 572 2840 Edd.
593 2806 854 2849 κατεμισθοῦντο
872 2805 906 2838 b.
1093 2814 1125 2848 5.
1145 2803 1274 2847 ι’ίραβας
1291 2802 1325 2836 b.
1345 2801 1437 2837 Edd.
1455 2802 1607 2846 ἅρραβας
1625 2799 1668 2833 Β.

101 2852 134 2885 8.
159 2853 194 2886 δέ
212 2864 280 2886 om.
300 2853 341 2886 B.
360 2853 462 2886 habet
479 2853 513 2887 b.
565 2852 689 2887 Statim
707 2855 752 2899 τῷ
773 2854 846 2898 Θεῷ
868 2851 908 2885 Β.
927 2852 999 2897 Θεῷ
1018 2850 1054 2884 b.
1072 2852 1130 2883 τὸν
1149 2851 1234 2884 Θεὸν
1252 2849 1344 2884 Edd.
1557 2857 1612 2881 22.
1638 2861 1670 2880 τι

99 2912 165 2932 που
182 2898 215 2932 b.
233 2913 297 2933 που
314 2913 345 2932 τι
363 2899 454 2933 Edd.
666 2911 720 2944 23.
746 2898 891 2943 βροντὴν
909 2898 943 2932 b.
960 2899 1086 2941 βροντῇ
1107 2897 1199 2931 Edd.
1411 2906 1466 2937 24.
1497 2892 1669 2938 σικάλοις]

104 2945 160 2978 Sic
179 2951 216 2978 ut
232 2945 300 2979 vid.
320 2945 431 2980 Codd.
621 2955 674 2990 25.
700 2947 752 2980 καὶ
771 2948 993 2989 assumptum
1011 2956 1051 2977 ex
1073 2943 1117 2977 D.
