2053 3382
292 215 370 250 680
823 208 1037 244 {NDEX
1097 209 1352 246 RERUM.

346 332 504 369 Divinae
526 330 707 382 primitias
731 328 886 377 pertulit
911 331 984 365 105
1006 340 1052 374 83

345 398 536 445 oppidum,
558 394 790 430 idololatriae
813 393 922 429 sedes
946 404 1052 440 prae-

345 462 465 509 cipua,
482 460 528 496 ab
544 459 708 508 Assyriis
729 459 892 506 primum
908 457 1054 505 capitur

349 528 421 561 105
448 525 493 570 b;
528 526 602 560 175
625 536 656 559 e.

290 589 447 631 Galaad,
487 602 608 629 mons,
644 588 689 624 ab
729 586 897 635 Assyriis
929 591 1051 621 vasta-

344 660 419 695 tus,
450 654 586 691 iterum
614 666 635 689 a
661 652 820 689 Judaeis
849 657 1053 699 occupatus

351 720 428 755 362
451 719 488 755 b.

291 782 512 819 Galaaditae
532 782 705 824 feminae,
728 781 851 822 serris,
869 780 892 817 i.
909 792 939 816 e.
961 779 1053 816 rotis

345 860 522 884 curruum
562 847 703 890 ferreis,
742 860 764 883 a
808 845 1054 882 Damascenis

353 913 535 949 dissectae
557 915 634 948 254
657 925 688 948 e.

291 978 511 1019 Galaaditis,
550 977 639 1025 quid
672 976 860 1025 significet
895 976 970 1011 468
1006 973 1054 1019 d;

346 1048 500 1092 propter
523 1042 754 1078 fertilitatem
781 1047 915 1081 terrae,
937 1040 1054 1075 abun-

346 1108 500 1144 dantem
532 1107 722 1143 Ecclesiae
748 1106 908 1154 gratiam
939 1104 1056 1154 signi-

350 1173 437 1209 ficat
459 1175 535 1209 753
557 1172 593 1208 b.

293 1237 466 1286 Galgala,
496 1237 683 1273 idolorum
710 1236 831 1277 sedes,
858 1235 905 1271 ad
934 1232 1056 1281 expri-

350 1302 525 1339 mendam
564 1299 812 1338 idololatriam
852 1304 1058 1347 usurpatur

349 1370 398 1405 79
420 1379 467 1412 c;
502 1369 576 1404 140
594 1379 640 1413 03
675 1368 747 1402 175
766 1378 811 1411 e3
843 1365 889 1401 ad
909 1368 1057 1412 aposta-

348 1432 442 1468 siam
462 1432 574 1468 etiam
604 1438 716 1478 atque
737 1430 849 1466 etiam
871 1439 1058 1478 propensa

349 1499 427 1534 289
443 1496 482 1542 (1;
503 1496 657 1532 vitanda
669 1494 918 1530 denunciatur
934 1494 1011 1529 299
1024 1503 1056 1526 a.

297 1562 474 1602 Galilaea,
510 1560 631 1596 omnis
666 1559 898 1595 idololatriae
933 1556 1059 1592 dedita

353 1628 428 1662 368
445 1639 465 1661 a
479 1638 486 1670 ;
517 1624 711 1666 Gentium,
727 1624 814 1672 quid
827 1623 916 1659 velit
931 1624 1006 1658 555
1022 1620 1056 1656 d.

299 1690 501 1733 Gaudium,
524 1702 632 1725 verae
657 1702 747 1738 erga
767 1689 889 1724 Deum
910 1685 1058 1734 pietatis

352 1755 530 1791 indicium
552 1757 625 1791 751
649 1767 682 1789 a.

299 1821 415 1862 Gaza,
447 1820 538 1856 urbs
571 1819 682 1855 hodie
718 1817 929 1854 Palaestina
962 1815 1061 1851 dicta

353 1887 431 1922 256
472 1885 495 1920 d
516 1897 525 1929 ;
581 1883 789 1931 diripienda
835 1880 1061 1930 praedicitur

353 1952 430 1986 594
457 1961 499 1991 e;
536 1951 612 1985 595
640 1960 686 1993 e;
720 1947 809 1995 Tyri
834 1946 950 1983 exitio
977 1957 1058 1993 per-

352 2015 527 2050 turbatur
549 2016 624 2049 732
647 2026 667 2049 c
684 2013 718 2048 d.

299 2078 453 2120 Gazaei,
494 2077 633 2127 populo
672 2076 744 2112 Dei
788 2080 1061 2124 oppugnante5‚

353 2143 462 2179 minis
482 2148 668 2190 urgentur
690 2143 766 2178 256
787 2141 832 2185 b;
865 2143 940 2177 257
963 2152 995 2176 e.

302 2208 472 2248 Gedeon,
495 2219 609 2255 quare
628 2206 831 2242 Hierobaal
851 2217 1063 2254 cognomen

355 2272 529 2308 habuerit
554 2273 627 2307 155
649 2284 670 2307 a
685 2271 720 2307 b.

302 2337 459 2378 Gentes,
470 2336 669 2384 aliquando
681 2340 948 2372 convertentur
963 2336 1012 2370 26
1023 2346 1042 2370 e
1052 2346 1063 2379 3

357 2403 407 2438 29
435 2414 478 2444 e;
519 2413 595 2437 non
630 2400 933 2448 Hierosolymam
967 2405 1062 2434 tem-

356 2466 524 2515 poralem
537 2466 728 2502 habebunt
743 2467 791 2501 28
807 2477 826 2500 c
840 2464 863 2500 d
872 2477 883 2510 3
915 2463 1064 2500 Sanctis

353 2531 535 2567 laetitiam
581 2530 738 2566 afferent
787 2531 833 2566 31
876 2529 924 2575 d;
978 2534 1064 2564 ante

357 2595 565 2636 Christum,
601 2594 727 2642 quales
760 2593 900 2629 fuerint
934 2596 984 2630 43
1015 2593 1063 2638 d;

358 2659 546 2696 Israelitas
561 2658 813 2695 formidabant
830 2660 880 2695 63
898 2658 921 2694 d
938 2671 948 2704 3
978 2658 1061 2693 bar-

357 2724 481 2766 barae,
503 2723 782 2759 crudelissimae
806 2725 880 2759 173
902 2735 921 2758 c
936 2735 947 2768 3
977 2734 1065 2758 con-

356 2788 559 2824 vertendae
579 2787 626 2823 ad
647 2787 785 2829 Deum,
807 2793 844 2823 et
863 2799 931 2835 per
951 2787 1063 2823 fidem

357 2852 396 2887 in
435 2852 590 2888 Christo
628 2851 862 2900 recipiendae
905 2853 978 2888 192
1015 2863 1034 2887 e
1053 2863 1062 2896 ;

357 2915 513 2959 fructus,
538 2917 685 2960 odores,
707 2917 818 2952 flores
844 2915 966 2952 ferent
990 2918 1062 2952 193

359 2991 378 3013 a
391 2979 414 3014 b
428 2991 468 3025 c;
500 2980 612 3016 finem
633 2985 786 3028 peccato
802 2980 1008 3028 imponent,
1026 2980 1063 3016 in

1711 223 1881 246 GALAAD.

1181 329 1390 366 Ecclesiam
1433 335 1606 378 receptae
1655 331 1728 366 193
1769 330 1805 371 d,
1846 331 1882 365 in

1177 394 1292 430 vitam
1313 400 1504 430 aeternam
1530 396 1603 431 194
1625 407 1671 439 a3
1701 393 1738 429 in
1758 394 1882 430 locum

1178 459 1327 495 Israelis
1356 466 1509 495 vocatae
1541 461 1617 496 205
1640 459 1689 504 d3
1726 458 1882 501 vicinae,

1175 523 1330 560 Judaeis
1374 523 1537 572 opressis
1581 523 1819 565 insultantes,
1863 535 1884 558 a

1177 588 1259 624 Deo
1276 588 1386 624 minis
1402 594 1582 638 urgentur
1597 590 1674 625 236
1690 600 1729 633 a3
1755 589 1881 633 239c;

1176 653 1223 688 ad
1274 654 1409 690 vallem
1464 652 1606 689 Judicii
1662 657 1882 688 sternuntur

1178 719 1254 754 239
1271 730 1290 753 e
1305 731 1316 763 3
1347 718 1581 754 adversarios
1601 717 1672 753 Dei
1687 716 1882 753 universos

1176 789 1436 830 representant
1466 785 1542 819 244
1565 795 1609 827 e3
1639 782 1783 817 vicinae
1809 780 1879 817 Ju-

1177 846 1290 889 daeis,
1325 848 1418 883 iram
1449 848 1611 883 divinam
1642 846 1882 893 cupidissime

1177 911 1439 948 administrant
1455 913 1533 948 249
1548 924 1588 957 e;
1621 910 1704 947 Deo
1724 910 1882 959 gloriam

1177 976 1400 1019 invidentes,
1432 989 1572 1025 poenas
1606 976 1697 1011 dant
1731 977 1809 1012 250
1836 974 1881 1019 b;

1178 1053 1222 1077 eo
1238 1041 1389 1090 longius
1409 1041 1624 1089 impunitae,
1641 1040 1740 1088 quod
1760 1039 1883 1088 legem

1182 1118 1257 1142 non
1270 1107 1482 1142 habuerunt
1496 1108 1572 1142 264
1587 1105 1627 1146 d;
1650 1104 1720 1140 sub
1734 1104 1885 1140 nomine

1179 1170 1502 1207 Amorrhaeorum
1517 1170 1748 1219 significatae
1758 1170 1836 1204 270
1845 1167 1882 1212 d;

1180 1238 1269 1273 item
1308 1237 1575 1273 Idumaeorum
1617 1237 1693 1272 356
1732 1235 1756 1271 b
1774 1251 1782 1277 ;
1838 1234 1885 1271 ad

1181 1302 1399 1339 Idumaeam
1447 1301 1691 1337 obsidendam
1735 1312 1757 1335 a
1801 1298 1885 1335 Deo

1180 1372 1380 1402 moventur
1401 1368 1477 1403 356
1498 1378 1539 1411 c;
1573 1378 1649 1401 una
1678 1377 1762 1400 cum
1793 1363 1883 1400 Idu-

1181 1431 1308 1472 maeis,
1324 1431 1360 1466 in
1375 1431 1469 1466 valle
1481 1430 1680 1478 Josaphat,
1695 1442 1716 1465 a
1729 1428 1886 1465 Judaeis

1181 1495 1429 1532 conciduntur
1450 1498 1526 1532 360
1549 1507 1593 1540 c;
1625 1494 1672 1530 ad
1693 1494 1885 1529 Christum

1180 1565 1371 1601 venturae,
1418 1560 1685 1607 praedicuntur
1724 1560 1797 1595 351
1840 1570 1860 1593 a
1876 1570 1885 1603 ;

1182 1637 1312 1661 omnes
1328 1624 1365 1660 in
1381 1624 1564 1660 Ninevitis
1580 1624 1746 1659 inclusae
1761 1624 1888 1667 367c;

1182 1702 1311 1725 ornnes
1328 1689 1374 1725 ad
1389 1694 1515 1725 sancte
1529 1688 1727 1724 vivendum
1741 1693 1888 1723 creatae

1184 1756 1260 1790 367
1284 1754 1332 1799 d;
1364 1766 1493 1789 omnes
1520 1765 1586 1801 per
1607 1752 1799 1789 Christum
1826 1763 1886 1786 re-

1184 1819 1356 1866 demptae
1403 1820 1478 1854 367
1516 1830 1536 1854 e
1554 1833 1561 1859 ;

1184 1883 1379 1919 Christum
1401 1882 1484 1918 Deo
1504 1887 1610 1918 erant
1630 1893 1740 1917 curae
1758 1882 1832 1917 368
1848 1892 1890 1925 a3

1624 1829 1755 1853 omnes
1802 1821 1888 1851 ante

1183 1949 1326 1984 vicinae
1342 1947 1499 1984 Judaeis
1520 1947 1737 1983 idololatrae
1759 1957 1890 1981 omnes

1187 2015 1261 2050 368
1290 2025 1336 2058 a;
1377 2012 1413 2048 in
1443 2012 1710 2048 haereditatem
1742 2008 1890 2046 Israelis

1186 2078 1359 2114 inductae
1395 2079 1470 2114 408
1505 2090 1547 2118 a;
1592 2076 1735 2124 gratiae
1769 2073 1891 2110 omnis

1186 2142 1384 2191 participes
1419 2144 1495 2178 408
1526 2141 1573 2186 b;
1612 2141 1649 2176 in
1684 2138 1889 2176 Ecclesiam

1186 2212 1429 2256 properantes
1460 2206 1722 2242 describuntur
1742 2205 1819 2240 425
1841 2202 1863 2237 d
1880 2215 1891 2247 ;

1186 2278 1272 2308 ante
1320 2271 1513 2307 Christum
1561 2269 1760 2306 Judaismo
1811 2279 1892 2303 sese

1188 2337 1367 2373 dederant
1388 2337 1465 2372 425
1485 2348 1525 2380 e;
1557 2334 1689 2383 majori
1709 2333 1833 2369 studio
1856 2332 1892 2368 in

1188 2401 1393 2438 Ecclesiam
1422 2401 1666 2436 accurrebant
1694 2400 1770 2435 426
1792 2398 1842 2443 b3
1872 2409 1893 2432 a

1188 2466 1341 2503 Christo
1372 2465 1561 2514 judicatae
1590 2464 1778 2504 dicuntur,
1808 2461 1894 2510 quia

1187 2531 1234 2567 ad
1247 2530 1528 2567 conversionem
1537 2528 1845 2566 vocarentur426
1855 2537 1891 2567 c;

1188 2595 1293 2632 Sioni
1320 2595 1555 2636 insultantes,
1582 2599 1623 2630 ut
1649 2590 1891 2631 Senacherib,

1187 2659 1326 2696 Divino
1342 2659 1484 2706 judicio
1505 2657 1737 2694 triturandae
1758 2657 1834 2691 433
1852 2667 1892 2700 a;

1189 2723 1294 2761 Sioni
1319 2723 1557 2764 insultantes,
1579 2722 1761 2758 victorum
1788 2719 1892 2767 pedi-

1186 2788 1256 2823 bus
1276 2788 1499 2832 substratae,
1519 2792 1562 2823 ut
1586 2784 1800 2832 manipulus
1823 2784 1890 2820 tri-

1187 2852 1400 2888 turantibus
1431 2854 1506 2888 433
1528 2864 1570 2892 e;
1610 2850 1816 2898 paratiores
1846 2849 1894 2885 ad

1188 2915 1331 2952 Christi
1405 2916 1517 2952 fidem
1591 2914 1891 2962 amplectendum

1189 2983 1260 3016 441
1286 2980 1331 3021 b;
1375 2992 1395 3015 a
1423 2978 1594 3020 Judaeis,
1626 2979 1815 3015 conversis
1845 2979 1891 3014 ad
