2007 3366
109 1096 164 1126 Es.
181 1095 246 1126 xlv.

112 1148 138 1179 ι,
157 1149 183 1171 2.

108 1605 159 1636 Ib.
176 1614 226 1646 13.

332 183 387 222 32
724 182 772 222 Β.
817 178 1092 222 CYRILLI
1133 179 1522 220 ALEXANDR.
1796 180 1822 219 i.
1853 192 1914 231 14.

325 301 424 343 ’Ότι
457 298 597 358 ταχεῖς
631 299 722 343 ἰδοὺ
751 301 821 342 ἐπὶ
847 300 898 341 τὰ
925 300 1006 356 &pu
1042 297 1080 340 οἷ
1115 299 1246 342 Πόὸεε
1279 301 1650 358 εὐαΠ-ελιςομένου
1678 300 1746 341 καὶ
1780 300 1914 347 ἀπαπ-

401 386 628 432 Γὲλλοντοε
655 383 842 441 εἰρήνΗν.

422 503 672 569 Διέτριβον
714 501 799 565 μὲν
843 502 892 551 ἐν
934 504 1190 562 Βαβυλῶνι
1242 502 1487 567 γεγονότες
1537 501 1829 570 αἰχμάλωτοι
1873 503 1915 551 οἱ

294 615 315 640 c
334 589 420 637 υἱοὶ
446 585 662 652 Ἰσραὴλ,
689 583 814 649 ἦσαν
839 582 988 649 γεμὴν
1015 584 1063 633 ἐν
1094 582 1257 634 ἐλπίσι
1289 589 1372 634 τοῦ
1405 587 1480 635 καὶ
1518 585 1646 638 αὖθις
1685 587 1909 647 ἀνακομι-

332 671 606 735 σθήσεσθαι
641 669 760 720 κατὰ
794 667 995 734 καιροὺς,
1024 670 1099 719 καὶ
1132 671 1193 722 εἷς
1224 667 1309 732 τὴν
1344 668 1521 720 ἄνωθεν
1559 671 1712 723 αὐτοῖς
1752 671 1827 720 καὶ
1865 670 1914 720 ἐκ
1935 683 1957 721 5

328 754 543 818 πατέρων
570 752 801 816 εὐγένειαν
828 749 1165 819 ἀναφοιτήσειν
1195 752 1279 802 οὐκ
1311 755 1372 805 εἷς
1407 751 1603 818 μακρὰν,
1629 758 1766 803 τοῦτο
1797 775 1915 818 προ-

330 840 494 903 φητῶν
540 836 688 900 ἁγίων
734 837 796 888 ὡς
838 837 963 885 Θεοῦ
1013 839 1274 887 λαλοῦντος
1324 834 1703 900 ἐπηγγελμένων.
1764 832 1822 898 ἧν
1867 835 1915 885 δὲ

330 920 484 970 αὐτοῖς
512 919 536 968 ὁ
562 920 644 980 τῆς
671 918 860 971 ἐλπίδος
888 915 1058 983 καιρὸς,
1085 919 1166 980 τῆς
1190 916 1351 983 Κύρου
1376 919 1628 978 βασιλείας
1653 916 1917 979 μέλλοντος

329 999 541 1064 αἱρήσειν
580 999 699 1050 κατὰ
734 999 903 1066 κράτος
941 999 1026 1064 τὴν
1064 999 1237 1062 Νινευῒ,
1283 997 1357 1050 καὶ
1395 1005 1533 1050 τοῦτο
1576 998 1723 1050 πάλιν
1761 1000 1916 1053 αὐτοῖς

329 1081 538 1133 Ἠσαίου
575 1082 1046 1148 προαπηγγελκότος.
1106 1082 1197 1149 ἔφη
1236 1081 1328 1148 γάρ
1367 1090 1393 1112 “
1413 1083 1556 1133 Οὕτω
1589 1081 1712 1147 λέγει
1742 1081 1915 1148 Κύριος
1939 1106 1986 1131 10

331 1170 359 1192 “
386 1165 411 1215 ὁ
451 1163 572 1218 Θεὸς
610 1169 677 1235 τῷ
715 1169 899 1234 χριστῷ
937 1189 1028 1227 μου
1070 1165 1225 1234 Κύρῳ,
1270 1165 1323 1216 οὗ
1362 1165 1599 1230 ἐκράτησα
1636 1168 1719 1229 τῆς
1761 1165 1916 1234 δεξιᾶς

331 1252 359 1275 “
384 1247 643 1298 ἐπακοῦσαι
695 1248 962 1312 ἔμπροσθεν
1005 1249 1146 1298 αὐτοῦ
1199 1249 1321 1311 ἔθνη,
1364 1249 1438 1298 καὶ
1490 1245 1630 1313 ἰσχὺν
1672 1247 1915 1307 βασιλέων

287 1336 358 1379 (1“
384 1329 633 1398 διαῤῥήξω,
672 1330 843 1399 ἀνοίξω
877 1330 1145 1396 ἔμπροσθεν
1184 1332 1326 1381 αὐτοῦ
1365 1330 1522 1396 θύρας,
1549 1333 1624 1380 καὶ
1661 1330 1824 1384 πόλεις
1861 1331 1915 1381 οὐ

331 1420 357 1441 “
384 1413 854 1478 συγκλεισθήσονται
889 1412 1018 1478 Ἐγὼ
1057 1413 1327 1479 ἔμπροσθέν
1365 1436 1456 1463 σου
1494 1412 1808 1479 πορεύσομαι,
1839 1415 1915 1464 καὶ

331 1502 357 1524 “
384 1493 468 1561 ὅρη
495 1496 690 1558 ὁμαλιῶ,
709 1495 852 1562 θύρας
879 1500 1061 1562 χαλκᾶς
1079 1497 1345 1563 συντρίψω,
1366 1499 1440 1546 καὶ
1463 1496 1672 1563 μοχλοὺς
1692 1498 1914 1561 σιδηροῦς
1937 1516 1983 1555 15

331 1584 357 1606 “
383 1576 695 1629 συνθλάσω.”
763 1582 836 1629 καὶ
876 1579 981 1642 μεθ’
1017 1579 1149 1644 ἕτερα
1187 1579 1335 1629 πάλιν
1375 1587 1400 1608 “
1422 1579 1577 1633 Οὗτος
1616 1578 1912 1643 οἰκοδομήσει

329 1666 356 1688 (ί

384 1659 469 1723 τὴν
506 1660 650 1711 πόλιν
683 1661 1014 1727 Ἰερουσαλὴμ,
1055 1664 1129 1712 καὶ
1165 1662 1250 1725 τὴν
1290 1662 1622 1728 αἰχμαλωσίαν
1666 1666 1749 1712 τοῦ
1793 1667 1912 1712 λαοῦ

331 1750 358 1771 “
381 1766 471 1805 μου
502 1745 795 1812 ἐπιστρέψει,
833 1745 885 1794 οὐ
924 1744 1041 1807 μετὰ
1082 1746 1268 1811 λύτρων
1307 1745 1409 1795 οὐδὲ
1447 1743 1564 1807 μετὰ
1601 1744 1782 1811 δώρων,
1813 1742 1911 1795 εἷπε

331 1833 358 1854 “
387 1825 560 1891 Κύριος
605 1827 857 1886 σαβαώθ.”
924 1827 1024 1896 ἥξει
1065 1829 1233 1890 τοίνυν,
1273 1830 1437 1895 φησὶν,
1473 1827 1678 1892 ἄγγελος
1719 1831 1815 1880 τοῖς
1859 1826 1916 1895 ἐξ

292 1907 532 1973 οἸσραὴλ
568 1912 728 1978 εἰρήνης,
764 1909 849 1972 τὴν
890 1910 1049 1976 Κύρου
1087 1910 1332 1973 σημαίνων
1367 1911 1687 1975 ἐκστρατείαν,
1726 1909 1799 1960 ὅτε
1835 1913 1909 1961 καὶ
1933 1935 1982 1960 20

329 1988 411 2040 τὸν
444 1993 526 2054 τῆς
556 1993 885 2058 αἰχμαλωσίας
925 1993 1200 2043 ἀπεσείοντο
1239 1990 1396 2057 ζυγὸν,
1432 1993 1507 2042 καὶ
1545 1991 1630 2054 τὴν
1668 1996 1762 2042 τῶν
1799 2015 1911 2057 κρα-

327 2072 533 2123 τούντων
573 2073 753 2140 ῥάβδον
793 2074 1100 2142 συνέτριψαν,
1144 2079 1218 2125 καὶ
1264 2077 1346 2137 τῆς
1389 2074 1654 2137 ἀσυνήθους
1699 2075 1912 2130 δουλείας

327 2154 677 2223 ἀπορρήξαντες
704 2155 763 2206 τὰ
789 2154 957 2218 δεσμὰ,
985 2156 1136 2206 οἴκαδε
1163 2155 1310 2207 πάλιν
1337 2155 1594 2221 γεγονότες,
1622 2156 1867 2222 ἐσώζοντο.

397 2241 454 2288 Εἰ
481 2238 528 2288 δὲ
556 2237 612 2302 δή
643 2261 712 2291 τις
738 2238 891 2289 ἕλοιτο
917 2236 1003 2301 τὴν
1029 2239 1223 2302 δύναμιν
1249 2243 1342 2288 τῶν
1367 2238 1680 2303 προκειμένων
1705 2243 1800 2291 τοῖς
1826 2243 1909 2289 τοῦ

326 2321 461 2385 ἁγίου
501 2325 778 2371 Βαπτιστοῦ
822 2319 1124 2386 κηρύγμασιν
1160 2319 1445 2387 ἐφαρμόσαι,
1483 2319 1909 2386 παλινδρομήσειεν
1930 2341 1978 2380 25

376 2491 405 2513 1.
431 2480 462 2513 οἱ
479 2479 581 2514 πόδες
598 2479 652 2512 ἐπὶ
669 2478 710 2512 τὰ
727 2477 787 2522 ὅρη
806 2477 945 2511 inverso
961 2477 1082 2511 ordine
1101 2477 1147 2511 D.
1322 2489 1354 2522 3.
1380 2479 1411 2511 οἱ
1428 2488 1497 2511 orn.
1518 2477 1564 2510 D.
1731 2490 1763 2519 4.
1788 2477 1907 2512 ἀνακο-

324 2527 493 2570 μισθεῖναι
512 2527 662 2569 (Ξῆναι)
684 2525 729 2558 D.
993 2536 1026 2570 5.
1053 2523 1181 2570 αὐτοῖς]
1202 2525 1310 2559 ava-<bv
1329 2524 1419 2559 Edd.
1472 2523 1595 2557 Statim
1614 2537 1666 2556 και
1685 2530 1907 2568 assumptum

324 2585 366 2606 ex
387 2573 431 2606 D.
566 2574 598 2606 6.
624 2571 867 2617 ἀναφοιτήσειν
884 2570 1050 2615 εὐγένειαν
1070 2572 1114 2605 l).
1260 2574 1292 2606 8.
1319 2572 1431 2606 αὐτοῖς
1450 2571 1496 2604 D.
1515 2571 1614 2605 αὐτὸς
1631 2569 1723 2604 Edd.
1772 2570 1903 2628 καιρὸς]

329 2624 365 2660 -ὒ-
388 2622 405 2653 ὁ
426 2619 518 2654 Edd.
536 2620 606 2654 inv.
628 2619 673 2653 D.
802 2629 854 2652 10.
880 2620 1204 2664 προαπηγγελκότος
1223 2619 1268 2652 D.
1287 2633 1398 2663 προηγ
1400 2617 1545 2662 γΕᾶό.
1683 2628 1735 2651 12.
1762 2617 1905 2652 ἐπακού-

325 2681 429 2709 σομιιι
450 2667 495 2701 D.
619 2677 671 2711 13.
697 2666 736 2700 οὗ
754 2665 873 2699 deest
866 2677 902 2698 ln
923 2665 968 2699 D.
1093 2677 1145 2708 14.
1172 2664 1256 2711 ἐγὼ]
1282 2670 1319 2706 -4-
1340 2666 1375 2699 δὲ
1395 2664 1437 2698 Β.
1456 2663 1548 2698 Edd.
1677 2674 1730 2705 15.
1755 2664 1903 2711 χαλκᾶς]

323 2715 473 2758 χαλκοῦς
492 2713 584 2747 Edd.
633 2714 686 2747 καὶ
703 2727 770 2758 μοχ
773 2714 807 2746 λ.
827 2713 896 2747 σιδ.
916 2727 960 2746 σι
956 2712 1102 2746 νθλάσω
1121 2724 1190 2746 om.
1211 2713 1256 2746 D.
1423 2720 1475 2755 17.
1500 2710 1725 2755 Ἰερουσαλὴμ
1750 2710 1789 2744 B.
1811 2711 1903 2746 Edd.

323 2774 388 2803 μου
409 2760 454 2792 D.
475 2760 586 2804 (A.V.
604 2761 684 2803 etc.)
859 2759 912 2793 18.
939 2760 977 2792 οἱ
995 2771 1058 2803 pro
1075 2760 1153 2793 οὐδὲ
1176 2760 1219 2793 D.
1396 2769 1449 2802 19.
1475 2757 1631 2802 εἷρηνης
1621 2758 1690 2792 τοῖς
1708 2757 1769 2800 ἐξ’
1775 2758 1903 2802 Ισραὴλ

324 2806 463 2840 inverso
481 2806 602 2840 ordine
621 2807 667 2841 D.
837 2817 890 2840 21.
916 2805 1132 2851 απεσείοντο]
1152 2805 1379 2840 ἀπεσείσαντο
1398 2805 1444 2838 D.
1612 2815 1667 2838 22.
1694 2805 1905 2849 συνέτριψαν

321 2852 451 2897 ῥάβδον
468 2853 527 2887 im
529 2864 605 2887 erso
619 2853 740 2888 ordine
759 2853 806 2887 D.
983 2864 1038 2897 23.
1064 2852 1313 2898 (ιποῤῥὴξαντες
1331 2851 1373 2885 Β.
1391 2849 1629 2896 διαῤῥηξαντες
1647 2851 1693 2884 D.
1711 2850 1904 2896 ἇπέῤῥηξαν

323 2899 417 2934 Edd.
577 2910 631 2941 24.
658 2905 749 2934 τῶν
739 2899 965 2945 προκειμένων
981 2901 1040 2947 τῂν
1057 2899 1218 2942 δύναμιν
1211 2910 1349 2933 mverso
1365 2898 1486 2932 ordine
1505 2899 1550 2932 D.
1713 2908 1767 2942 25.
1794 2899 1901 2942 ἐφαρ-

320 2947 434 2990 μόζειν
468 2945 559 3027 Egd.
594 2958 651 2981 lm
655 2954 710 2981 1t18
746 2947 787 2981 B.
795 2947 839 2982 D.
907 2943 1031 2982 Statim
1065 2945 1370 2991 παλινδρομὴσειεν
1403 2946 1449 2980 D.
1483 2945 1586 2979 πάλιν
1619 2945 1775 2989 δράσειεν
1809 2944 1899 2980 Edd.

321 2993 478 3037 δράσειεν
530 3019 537 3026 .
