2053 3382
299 140 383 178 468
692 145 740 183 B.
786 144 1061 183 CYRILLI
1113 144 1493 184 ALEXANDR.
1734 143 1787 182 xi.
1818 155 1879 192 14.

299 249 459 312 γένους
500 256 582 300 τοῦ
627 252 682 319 ἐξ
716 251 934 317 Ἰσραήλ·
988 249 1151 302 Ἰούδαν
1198 251 1283 312 μὲν
1322 251 1414 317 γὰρ
1460 250 1670 315 ὀνομάζει
1715 249 1796 303 τὰς
1835 252 1883 299 ἐν

256 333 282 373 b
302 334 395 383 τοῖς
433 331 782 396 Ἰεροσολύμοις
827 332 910 382 δύο
954 331 1127 399 φυλὰς,
1172 331 1316 395 αὐτήν
1353 354 1403 382 τε
1441 331 1526 394 τὴν
1563 331 1717 381 Ἰούδα
1762 332 1882 398 φημὶ

300 413 376 461 καὶ
421 414 653 474 Βενιαμὶν,
691 411 867 481 Ἰσραὴλ
913 412 1061 477 γεμὴν
1106 411 1189 466 τὰς
1238 412 1392 478 ἑτέρας
1437 412 1565 473 δέκα,
1613 411 1697 465 τὰς
1741 412 1788 461 ἐν
1826 414 1884 477 τῇ

301 493 541 560 Σαμαρείᾳ
579 492 882 561 διῳκισμένας
922 495 1039 556 ὁμοῦ
1077 497 1144 562 τῷ
1181 493 1440 558 Ἱεροβοάμ·
1494 493 1673 544 δέδοται
1709 492 1765 556 δὴ
1804 493 1885 542 οὖν

299 577 394 624 τοῖς
438 574 488 622 ἐκ
537 573 736 624 Χαναὰν
781 577 855 625 καὶ
901 576 925 625 ὁ
971 574 1129 638 νόμος·
1187 575 1630 640 μυσταγωγούμεθα
1670 574 1777 639 γὰρ,
1823 575 1884 625 ὡς
1905 595 1926 632 5

299 653 433 721 ἔφην,
479 660 680 718 νομικοῖς
725 679 773 706 τε
820 658 894 706 καὶ
940 658 1258 722 εὐαγγελικοΐς
1297 657 1614 719 θεσπίσμασι·
1667 655 1886 722 ταύτῃτοι

76 750 236 781 SMatth.
300 737 376 785 καὶ
401 735 610 802 ἔφασκεν
637 738 661 787 ὁ
689 738 901 802 Χριστός
928 745 954 767 “
975 737 1061 801 Μὴ
1090 737 1312 800 νομίσητε
1338 737 1407 788 ὅτι
1443 736 1593 801 ἦλθον
1619 735 1886 787 καταλύσαι

76 804 106 824 v.
125 802 170 833 η’
192 796 239 824 18'
301 824 327 846 “
352 815 435 868 τὸν
461 816 604 881 νόμον
629 817 658 882 ἢ
685 817 792 872 τοὺς
818 819 1081 886 προφήτας.
1145 820 1227 869 οὐκ
1262 818 1411 882 ἦλθον
1443 818 1723 879 καταλύσαι,
1755 816 1887 867 ἀλλὰ

299 905 327 927 “
353 903 625 964 πληρῶσαι.
694 900 821 965 λέγω
859 899 953 966 γὰρ
998 902 1119 964 ὑμῖν,
1159 901 1242 954 ἕως
1281 898 1337 950 ἂν
1374 901 1590 967 παρέλθῃ
1630 901 1655 950 ὁ
1694 898 1886 965 οὐρανὸς

299 986 328 1008 “
352 981 427 1030 καὶ
463 980 491 1044 ἡ
529 983 606 1046 γῆ,
646 985 759 1031 ἰῶτα
798 981 846 1032 ἓν
876 981 904 1046 ἢ
939 982 1022 1045 μία
1057 983 1216 1048 κεραία
1248 983 1301 1032 οὐ
1333 980 1397 1045 μὴ
1431 982 1647 1048 παρέλθῃ
1678 980 1772 1031 ἀπὸ
1804 985 1886 1030 τοῦ

301 1069 327 1092 “
355 1060 512 1125 νόμου,
553 1063 635 1116 ἕως
675 1061 733 1113 ἂν
770 1062 926 1114 πάντα
965 1062 1197 1128 γένηται.”
1265 1067 1446 1129 πληροῖ
1485 1062 1578 1128 γὰρ
1622 1062 1704 1113 τὸν
1745 1061 1888 1124 νόμον

300 1143 538 1194 διδάσκων
582 1144 641 1194 τὰ
687 1145 801 1211 ὑπὲρ
844 1144 1007 1208 νόμον,
1054 1146 1129 1195 καὶ
1172 1146 1253 1196 οὐκ
1297 1145 1388 1212 ἔξω
1432 1145 1575 1206 νόμου
1619 1146 1757 1196 τιθεὶς
1805 1142 1888 1193 τὸν

78 1236 200 1309 {lg-²1»
262 1225 767 1291 οπαιδαγωγούμενον,
808 1229 870 1280 ὡς
915 1227 962 1277 ἐν
1004 1249 1058 1291 γε
1103 1231 1169 1295 τῷ
1213 1228 1358 1294 φάναι
1400 1226 1542 1293 τυχόν
1573 1225 1888 1276 ((Ἠκούσατε

125 1304 131 1310 ’
301 1306 426 1357 “ὅτι
458 1308 618 1374 ε’ῤῥεθη
645 1313 741 1362 τοῖς
776 1309 986 1376 ἀρχαίοις
1015 1309 1091 1358 Οὐ
1126 1277 1433 1404 φονεύσεις,
1415 1332 1464 1360 ος
1497 1309 1534 1358 δ
1565 1306 1620 1358 ἀν
1653 1306 1884 1375 φονεύσῃ,

303 1395 330 1418 “
355 1388 514 1455 ε”νοχος
559 1389 691 1440 ἐσται
736 1393 793 1457 τῇ
838 1391 1004 1455 κρίσει.
1072 1389 1163 1452 ἐγὼ
1203 1390 1250 1440 δε
1293 1390 1419 1455 λεγω
1459 1391 1579 1450 ὑμῖν,
1621 1390 1691 1440 ὅτι
1730 1393 1822 1442 πᾶς
1862 1390 1886 1438 ὁ

303 1470 647 1535 66ὀργιζόμενος
667 1475 732 1540 τῷ
753 1473 947 1540 ἀδελφῷ
973 1472 1114 1521 αὐτοῦ
1139 1475 1249 1538 εἰκῇ,
1270 1471 1429 1538 ἐνοχος
1457 1493 1590 1520 εσται
1611 1474 1669 1537 τῇ
1691 1470 1885 1536 κρίσει.”

78 1557 130 1632 ἐξ·
152 1565 201 1597 27,
302 1553 377 1602 καὶ
415 1551 564 1602 πάλιν
603 1550 919 1602 ((Ἠκούσατε
960 1552 1030 1602 ὅτι
1069 1552 1230 1618 ε’ῤῥέθη
1267 1553 1342 1602 Οὐ
1376 1550 1654 1618 μοιχεύσεις.
1713 1550 1804 1616 ἐγὼ
1839 1550 1890 1602 δὲ

125 1625 132 1631 ’
303 1639 329 1662 “
356 1633 483 1698 λέγω
511 1634 617 1696 ὑμῖν
644 1633 714 1684 ὅτι
740 1638 833 1687 πᾶς
861 1635 885 1683 ὁ
919 1635 1115 1694 βλέπων
1141 1638 1336 1698 γυναῖκα
1361 1633 1479 1699 πρὸς
1505 1633 1559 1683 τὸ
1585 1635 1886 1696 ἐπιθυμῆσαι,

305 1721 332 1744 “
357 1715 446 1779 ἤδη
474 1714 744 1781 ἐμοίχευσεν
771 1715 916 1778 αὐτὴν
944 1716 992 1764 ἐν
1018 1718 1076 1781 τῇ
1102 1715 1266 1782 καρδίᾳ
1292 1715 1479 1764 αὐτοῦ.”
1533 1715 1889 1779 ἀποπεραίνεται

303 1794 397 1862 γὰρ
435 1795 489 1846 τό
529 1797 605 1846 Οὐ
644 1794 902 1863 φονεύσεις,
943 1798 1005 1849 ὡς
1043 1796 1091 1846 ε”ν
1130 1819 1184 1860 γε
1223 1799 1289 1864 τῷ
1325 1800 1652 1861 παραιτεῖσθαι
1691 1798 1766 1846 καὶ
1804 1795 1889 1858 τὴν

260 1876 468 1944 ᾶόργὴν,
506 1877 535 1941 ἢ
571 1877 671 1945 ῥίζα
703 1878 757 1928 τέ
789 1880 892 1928 ε’στι
925 1883 1008 1928 τοῦ
1044 1877 1192 1944 φόνου
1231 1879 1306 1928 καὶ
1341 1878 1540 1942 γε’νεσις·
1592 1881 1659 1945 τῷ
1694 1876 1741 1927 δὲ
1780 1878 1886 1940 μηδ’

305 1960 429 2013 ὅλως
460 1960 756 2027 εἰσδέχεσθαι
783 1959 867 2013 τὰς
902 1960 1158 2021 ἐπιθυμίας,
1185 1959 1332 2024 ἤγουν
1358 1958 1569 2023 κολάζειν
1596 1958 1679 2011 τὰς
1704 1958 1887 2022 ἡδονὰς,

305 2043 655 2106 συναναιρεῖταί
683 2064 776 2092 που
806 2041 995 2095 πάντως
1026 2044 1107 2104 τῆς
1146 2042 1352 2107 μοιχείας
1391 2042 1416 2090 ὁ
1453 2040 1640 2106 τρόπος,
1679 2040 1890 2106 καθάπερ

306 2123 468 2186 ἀμελει
519 2145 593 2172 και
643 2122 785 2189 ῥιζαις
840 2123 1133 2186 ἠδικημεναις
1184 2121 1689 2186 συναπομαραινεσθαί
1717 2127 1891 2216 φαμει

305 2204 366 2254 τὰ
410 2204 466 2272 ἐξ
506 2205 658 2254 αὐτῶν
702 2203 1041 2267 βλαστηματα,
1086 2208 1276 2266 μᾶλλον
1314 2202 1361 2254 δε
1408 2206 1498 2254 οὐδ
1539 2201 1597 2253 ἂν
1640 2202 1891 2270 ἀνάσχοιεν

308 2285 444 2339 ὅλως.

964 2372 989 2399 T
1000 2371 1025 2399 O
1041 2371 1072 2399 M
1087 2371 1113 2399 O
1128 2371 1150 2398 Σ
1187 2369 1235 2399 Δ’.

357 2525 390 2558 3.
418 2514 579 2557 Βενιαμὴν
598 2513 638 2547 C.
704 2514 808 2558 γεμὴν
827 2513 868 2548 C.
888 2514 924 2547 δὲ
943 2513 1035 2548 Edd.
1377 2511 1656 2558 4.διῳκισμε’νας
1675 2511 1715 2545 Β.
1722 2512 1767 2545 D.
1785 2526 1892 2557 μετῳ-

311 2560 469 2604 κισμένας
488 2561 529 2594 C.
548 2561 752 2603 διακειμένας
770 2560 862 2594 Edd.
1006 2570 1037 2602 5.
1064 2561 1202 2603 Χαναὰμ
1221 2560 1302 2602 (Sic)
1321 2558 1413 2593 Edd.
1477 2547 1793 2602 μυσταγωγούμεθα
1812 2558 1851 2591 C.
1857 2559 1891 2592 b.

309 2606 635 2652 μυσταγωγοὺμενος
654 2606 745 2641 Edd.
900 2615 930 2651 7.
957 2608 1105 2650 Χριστός
1125 2606 1165 2640 C.
1185 2605 1299 2650 Σωτήρ
1318 2604 1411 2640 Edd.
1472 2605 1531 2638 οὐκ
1550 2615 1611 2648 pro
1627 2604 1671 2647 μὴ
1689 2618 1762 2646 νομ.
1781 2603 1832 2637 ὅτι
1852 2604 1891 2638 C.

312 2654 345 2687 8.
374 2653 470 2687 Haec
488 2653 506 2696 ἢ
524 2654 601 2689 τοὺς
617 2652 796 2698 προφήτας
813 2660 1034 2687 accesserunt
1052 2665 1093 2686 ex
1113 2652 1153 2686 C.
1534 2661 1585 2706 13.
1610 2648 1674 2696 τῷ]
1694 2651 1732 2683 τὸ
1750 2650 1830 2693 (sic)
1850 2650 1891 2685 C.

316 2711 369 2741 14.
396 2699 567 2744 φονεύσῃς
585 2699 625 2733 C.
851 2708 904 2744 17.
930 2698 1114 2744 μοιχεύσῃς
1134 2700 1174 2732 C.
1396 2708 1451 2731 20.
1477 2695 1649 2741 φονεύσῃς
1668 2695 1708 2730 C.
1773 2698 1811 2730 τὸ
1830 2708 1893 2740 pro

311 2748 357 2780 τῶ
377 2745 466 2789 (sic)
486 2745 526 2779 C.
585 2746 637 2779 καὶ
655 2752 876 2790 assumptum
894 2757 935 2779 ex
955 2745 996 2780 C.
1117 2757 1173 2779 21.
1196 2746 1241 2789 τῷ
1264 2743 1305 2776 Β.
1324 2744 1362 2776 τὸ
1382 2742 1421 2777 C.
1442 2742 1531 2776 Edd.
1653 2752 1708 2775 22.
1731 2744 1830 2785 ᾔτουν
1849 2742 1891 2778 C.

314 2803 368 2833 24.
391 2790 598 2835 ἠδικημένοις
615 2793 760 2826 accessu
777 2804 817 2825 ex
837 2791 877 2826 C.
1043 2802 1097 2834 25.
1124 2790 1226 2825 οὐδ’
1210 2806 1250 2825 αν
1268 2790 1309 2824 C.
1328 2790 1402 2824 οὐδὲ
1422 2788 1514 2823 Edd.
1566 2787 1728 2822 Statim'
1709 2789 1892 2834 ανάσχοιεν

313 2838 391 2871 ad'
373 2853 487 2883 ιινισχ
506 2839 654 2898 οοτιθκίῖ
672 2850 796 2873 manus
814 2850 932 2873 lecens
951 2839 986 2872 in
1006 2837 1045 2871 C.

1910 1001 1958 1026 10

1911 1815 1959 1839 20
