2053 3382
285 208 362 243 688

339 327 468 376 guitur
506 339 597 374 erga
630 326 751 362 Deum
791 324 1045 373 ingratissima

341 395 417 429 787
439 404 484 436 e;
519 392 616 426 idem
644 395 701 426 est
727 389 827 437 quod
853 390 891 425 in
918 389 1044 425 Deum

340 457 456 493 aciem
491 456 674 491 instruere
705 456 781 491 838
813 454 859 495 b;
896 455 972 490 862
1004 465 1043 498 c;

340 533 406 568 per
451 520 691 556 matrimonia
737 519 878 555 illlicita
930 519 1046 554 intro-

341 585 488 621 ducitur
509 587 584 621 843
606 584 642 620 b.

287 650 445 691 Idolum,
481 656 604 686 “arae
642 648 777 690 risus,”

342 717 418 751 325
440 727 473 751 e.

287 779 476 821 Idumaea,
525 779 675 815 redacta
722 778 759 814 in
808 777 1046 814 solitudinem

342 847 419 882 244
436 845 482 886 d;
513 845 583 880 Dei
604 844 768 880 hostium
789 844 1046 879 universorum

340 915 452 957 typus
491 911 567 945 244
602 921 647 954 e3
697 907 941 956 intelligenda
978 912 1045 948 est,

338 973 516 1015 Terrena,
538 973 584 1009 ab
606 974 706 1009 Esau
732 973 872 1009 carnali
899 974 975 1009 354
997 972 1045 1017 b3

341 1040 379 1075 in
401 1038 483 1075 Seir
503 1044 541 1075 et
559 1038 728 1074 Theman
756 1037 874 1073 divisa
902 1040 977 1074 355
1000 1049 1046 1082 a3

812 648 1046 684 nominatum

341 1117 409 1152 pro
429 1104 606 1152 gentibus
626 1103 906 1151 quibuscunque
927 1102 1047 1149 posita

343 1170 420 1206 356
451 1169 496 1215 b;
535 1182 556 1204 a
585 1168 761 1216 gentibus
790 1167 933 1207 vicinis,
967 1167 1048 1202 Deo

341 1240 530 1276 movente,
549 1234 702 1269 obsessa
723 1235 799 1269 356
818 1246 859 1274 c;
891 1245 1048 1268 numero

342 1298 466 1346 populi
489 1298 632 1340 debilis,
655 1298 854 1346 asperitate
880 1297 1048 1333 locorum

343 1364 662 1400 confidentissima
681 1370 760 1399 erat
782 1366 858 1400 357
878 1376 919 1408 a;
951 1363 1049 1410 rupi-

343 1430 424 1472 bus,
464 1435 504 1465 ut
552 1429 639 1464 nido
687 1428 820 1476 aquila,
865 1428 1049 1464 insidebat

344 1497 421 1531 357
457 1494 502 1539 b3

344 1560 465 1594 viator
498 1571 519 1594 a
551 1557 771 1598 latronibus,
808 1563 872 1593 aut
905 1557 991 1592 vitis
1029 1570 1049 1592 a

558 1494 685 1541 pejora
723 1492 900 1528 sustinuit
939 1505 1047 1539 quam

342 1623 657 1659 vindemiantibus
679 1625 754 1658 357
773 1622 816 1666 d;
847 1634 915 1669 pro
935 1622 1047 1669 parti-

343 1689 412 1724 bus
443 1688 610 1724 Judaeae
645 1687 881 1722 Australibus
916 1686 1049 1721 dicitur

345 1755 418 1789 361
452 1765 494 1794 e;
540 1751 791 1788 subvertenda
825 1751 1050 1799 praedicitur

345 1820 420 1854 821
445 1830 487 1863 e;
519 1829 631 1864 quare
652 1817 865 1852 nominetur
884 1816 1049 1852 Termini

343 1882 546 1930 impietatis
560 1882 636 1918 822
653 1881 697 1926 b;
725 1881 934 1917 mundanae
949 1894 1051 1917 men-

344 1947 406 1991 tis,
446 1959 580 1982 exosae
619 1946 714 1988 Deo,
750 1952 861 1994 typus
895 1948 971 1982 822
1003 1959 1048 1992 c,

345 2017 387 2048 ut
433 2017 579 2047 vastata
625 2017 694 2052 est,
744 2011 795 2046 ita
847 2011 1052 2058 permansit

347 2079 422 2114 823
446 2089 476 2112 a.

292 2142 472 2185 Idumaei,
489 2147 620 2178 contra
637 2141 815 2177 Israelem
831 2141 1052 2189 congregati

346 2208 424 2243 236
439 2220 475 2252 a3
506 2206 654 2242 finitimi
672 2206 901 2242 Judaeorum
920 2208 996 2242 239
1012 2218 1051 2251 e;

347 2270 568 2312 Samariam,
584 2270 809 2319 Judamque,
826 2270 935 2306 foede
955 2271 1051 2306 lace-

346 2337 479 2372 rabant
501 2338 576 2372 249
599 2348 644 2381 e3
684 2348 730 2371 ex
751 2335 933 2383 sanguine
955 2335 1053 2370 Esau

347 2400 491 2436 oriundi
504 2413 513 2446 3
536 2406 715 2450 perpetuo
725 2400 903 2436 Israelitis
916 2400 1054 2435 inimici

348 2467 424 2502 256
440 2477 478 2510 e3
502 2465 629 2509 354b3
651 2478 734 2501 cum
745 2464 954 2500 Philistaeis
967 2477 1054 2500 cou-

342 2529 596 2577 juncti,urbes
606 2529 814 2565 Salomonis
828 2528 1056 2576 aggrediun-

347 2601 408 2630 tur
425 2595 500 2631 257
516 2607 535 2630 c
550 2607 560 2639 ;
593 2594 792 2635 Israelitas,
812 2594 946 2629 fratres
967 2606 1054 2629 suos

348 2659 532 2707 aggressi,
561 2659 670 2694 minis
698 2665 881 2707 urgentur
909 2661 985 2695 259
1008 2671 1052 2704 ες

347 2724 464 2771 patris
500 2723 598 2759 Esau
634 2723 853 2771 placabilem
889 2723 1053 2758 animum

348 2800 424 2824 non
444 2788 577 2824 imitati
598 2793 686 2824 sunt
708 2790 780 2824 261
802 2800 846 2834 e3
878 2788 924 2823 ad
942 2788 1053 2823 finem

349 2858 456 2888 erant
493 2852 671 2888 Israelitis
715 2852 853 2888 inimici
893 2854 968 2888 262
1008 2864 1051 2897 a;

350 2916 686 2963 reprehenduntur,
739 2916 900 2964 primum
954 2916 1053 2963 quod

351 2980 465 3026 patris
487 2981 597 3022 Esau,
615 2981 949 3029 primogenituram
965 2993 1052 3016 ven·

816 204 1027 240 INDEX
1089 204 1331 239 RERUM.

1590 217 1870 240 IDOLOLATRIA.

1168 323 1301 365 dentis,
1328 323 1605 372 profanitatem,
1633 324 1767 360 imitati
1793 324 1872 360 fue-

1168 395 1253 425 rant
1279 391 1354 426 260
1376 389 1400 425 b
1416 402 1458 431 c;
1494 390 1628 426 deinde
1655 390 1755 438 quod
1775 389 1872 425 viam

1170 453 1348 489 Israelitis
1360 453 1687 502 peregrinantibur
1700 454 1874 490 obstrux-

1169 524 1275 555 erant
1297 521 1371 555 261
1396 531 1439 561 a;
1470 519 1605 555 iterum
1627 520 1727 567 quod
1746 519 1874 567 populi

1170 589 1312 619 metum
1332 583 1523 620 irriserant
1544 586 1617 620 261
1638 596 1679 626 c;
1710 584 1875 620 Judaeos

1171 648 1216 684 ad
1255 661 1294 684 se
1338 648 1599 697 confugientes
1647 648 1875 685 interficiunt

1172 716 1247 750 355
1270 725 1312 755 c;
1344 714 1496 750 eosdem
1524 713 1762 750 aedificantes
1781 726 1872 749 vex-

1170 784 1234 814 ant
1252 781 1327 815 355
1345 778 1391 820 d;
1422 791 1443 814 a
1462 777 1617 814 Judaeis
1637 778 1875 814 exterminati

1172 846 1247 881 355
1275 856 1316 885 e;
1354 845 1430 880 357
1452 855 1494 884 e;
1532 845 1607 880 358
1639 855 1682 885 c;
1723 856 1744 878 a
1772 843 1875 878 falsis

1171 909 1399 957 sapientibus
1429 907 1547 944 delusi
1578 910 1653 944 358
1676 908 1722 949 d3
1754 907 1876 944 timidi

1170 974 1258 1010 facti
1303 976 1377 1010 358
1419 986 1462 1013 e3

1171 1044 1322 1087 propter
1355 1038 1614 1074 crudelitatem
1647 1038 1685 1073 in
1722 1037 1875 1074 fratrem

1170 1104 1289 1140 Jacob
1347 1107 1424 1141 359
1470 1104 1494 1139 b
1517 1119 1524 1145 ;
1584 1103 1696 1145 saevi,
1744 1108 1782 1139 et
1830 1103 1876 1139 ab

1172 1168 1274 1203 omni
1305 1180 1418 1204 sensu
1452 1167 1729 1203 misericordiae
1767 1166 1877 1203 alieni

1518 971 1564 1010 ad
1606 985 1721 1009 unum
1765 973 1877 1009 occisi

1174 1235 1249 1269 359
1272 1245 1313 1274 e;
1350 1232 1492 1281 judicio
1519 1232 1657 1268 Divino
1687 1232 1878 1280 perierunt

1175 1300 1250 1335 360
1289 1298 1335 1340 b;

1173 1376 1327 1399 suorum
1357 1362 1476 1410 puniti
1507 1364 1584 1398 360
1612 1374 1654 1404 c;
1698 1361 1877 1398 Hieroso—

1385 1298 1431 1334 ad
1479 1310 1649 1333 normam
1693 1297 1875 1333 factorum

1173 1428 1274 1476 lyma
1307 1428 1470 1472 obsessa,
1511 1427 1646 1463 festum
1685 1426 1876 1470 facientes,

1173 1493 1244 1542 ipsi
1272 1505 1339 1540 pro
1369 1492 1465 1529 festo
1497 1491 1784 1539 Hierosolymae
1814 1492 1877 1527 fie-

1173 1557 1263 1593 bant
1291 1559 1367 1594 360
1389 1557 1435 1598 d;
1467 1556 1736 1592 haereditatem
1763 1556 1878 1603 patris

1173 1622 1291 1657 Jacob
1316 1635 1354 1658 se
1380 1633 1618 1669 possessuros
1645 1621 1726 1663 rati,
1748 1633 1770 1656 a
1789 1633 1876 1668 pos-

1173 1687 1262 1723 teris
1288 1687 1420 1727 Jacob,
1448 1692 1489 1721 ut
1514 1686 1560 1721 ab
1587 1686 1674 1733 igne
1702 1685 1877 1726 calamus,

1174 1751 1386 1799 consumpti
1424 1756 1510 1786 sunt
1548 1752 1621 1787 361
1657 1750 1678 1785 b
1700 1763 1744 1791 ος
1794 1756 1879 1797 post

1174 1816 1428 1864 captivitatem
1494 1815 1648 1851 Judaeis

1176 1883 1248 1917 361
1274 1893 1306 1916 e.

1122 1945 1277 1994 Ignavia
1315 1945 1511 1986 bonorum,
1544 1950 1582 1980 et
1619 1943 1688 1980 sibi
1726 1950 1763 1980 et
1800 1944 1880 1980 aliis

1723 1814 1879 1863 subjecti

1175 2011 1355 2046 damnosa
1376 2012 1424 2047 82
1447 2010 1481 2046 b.

1122 2075 1278 2124 Ignifer,
1318 2075 1339 2110 i.
1361 2088 1394 2111 e.
1434 2087 1654 2122 praecursor
1698 2073 1879 2115 militaris,

1174 2140 1328 2176 Judaeis
1358 2139 1487 2180 defuit,
1516 2139 1757 2175 desolationis
1784 2138 1881 2174 indi-

1176 2205 1271 2242 cium
1295 2207 1369 2242 361
1393 2217 1425 2240 c.

1123 2270 1240 2318 Ignis,
1271 2282 1343 2317 quo
1377 2281 1488 2304 sensu
1521 2268 1567 2304 de
1600 2268 1712 2304 domo
1745 2267 1879 2309 Jacob,

1177 2335 1317 2370 dictum
1347 2336 1418 2369 361
1445 2333 1524 2375 bc,
1565 2333 1601 2368 in
1631 2332 1778 2381 stipula,
1808 2332 1879 2368 fer-

1177 2399 1298 2435 ventis
1319 2399 1508 2434 Ecclesiae
1529 2398 1609 2443 zeli,
1626 2403 1778 2445 peccata
1794 2409 1882 2433 con-

1178 2463 1371 2504 sumentis,
1406 2469 1518 2511 typus
1551 2465 1625 2499 777
1647 2475 1689 2504 c;
1728 2464 1802 2498 778
1831 2462 1877 2501 b;

1177 2528 1412 2564 metallorum
1465 2526 1718 2575 purgatorius,
1767 2525 1880 2561 divini

1173 2593 1314 2641 judicii,
1336 2598 1372 2628 et
1393 2591 1602 2627 afflictionis
1621 2597 1732 2639 typus
1750 2592 1825 2626 794
1839 2602 1880 2635 a;

1178 2656 1428 2705 purgatorius,
1467 2657 1513 2692 de
1548 2655 1679 2691 Gratia
1717 2659 1879 2690 mentem

1177 2727 1362 2770 purgante
1383 2722 1523 2757 dictum
1544 2723 1620 2757 852
1642 2719 1665 2755 b
1681 2731 1711 2754 c.

1125 2786 1354 2822 llluminatio
1385 2785 1546 2833 Spiritus
1577 2783 1719 2824 Sancti,
1748 2787 1787 2818 et
1814 2782 1878 2818 de-

1177 2851 1308 2895 fensio,
1329 2856 1366 2886 et
1386 2850 1541 2886 felicitas
1562 2851 1638 2884 430
1660 2860 1692 2883 e.

1124 2916 1314 2951 Illustrare
1334 2915 1477 2950 animas
1497 2911 1728 2949 obedientiae
1749 2911 1880 2947 studiis

1178 2985 1327 3028 oportet
1349 2981 1424 3019 843
1447 2990 1475 3013 e.
