1997 3361
84 156 138 197 iii.
164 170 225 206 10,
250 171 308 198 11.
517 159 587 199 IN
631 160 905 200 ABACUC.
966 159 1117 200 ΤΟΜ.
1152 159 1212 200 II.
1574 162 1652 200 149

81 263 328 331 μεγάλους,
380 266 623 334 λαμπροὺς
674 269 749 318 καὶ
799 267 1025 332 ἀσήμους,
1076 270 1150 319 καὶ
1202 267 1306 321 τοὺς
1349 271 1442 318 τῶν
1484 267 1649 317 ἄλλων

81 350 513 415 περιφανεστερους,
545 373 618 400 και
657 349 887 418 ὑπεροχὴν
924 350 1114 417 ἐχοντας
1151 348 1177 414 ἢ
1219 348 1303 413 τὴν
1334 351 1382 399 ἐν
1420 348 1536 417 δόξῃ
1571 371 1649 399 τυ-

81 429 180 497 χὸν,
217 429 245 494 ἦ
283 454 367 495 την
403 433 450 482 ἐν
487 431 677 482 πλούτω
715 455 789 482 και
826 431 1122 497 λαμπρότητι
1159 436 1216 499 τῇ
1255 429 1372 482 κατὰ
1410 430 1492 481 τὸν
1528 432 1647 490 βίον

81 510 111 561 ἃ
140 513 248 562 λίαν
286 515 435 578 ορθῶς
479 513 692 576 ὠνόμασε
733 527 991 582 φαντασιας
1033 513 1174 579 ἤγουν
1212 509 1331 580 ὕφος
1370 515 1642 581 φαντασιας.
1666 533 1687 556 a
1714 525 1797 560 567
1820 525 1871 561 Α.

40 613 61 649 5
81 594 210 644 οὐδὲν
236 595 327 661 γὰρ
361 596 514 662 ἕτερον
544 598 697 650 αὐτοῖς
720 594 748 660 ὴ
776 596 984 660 δόκησις,
1015 595 1084 646 ὅτι
1106 603 1133 624 “
1158 599 1304 646 Πᾶσα
1328 594 1461 663 σὰρξ
1484 594 1649 662 χόρτος
1710 607 1765 678 ἷζε.
1784 608 1827 637 ¹1.

81 682 108 705 “
132 679 206 727 καὶ
232 682 368 728 πᾶσα
395 678 511 746 δόξα
534 677 781 743 ἀνθρώπου
809 680 870 731 ὡς
904 678 1043 730 ἄνθος
1068 677 1282 745 χόρτου.”
1330 677 1400 728 ὅτι
1426 676 1473 727 δὲ
1499 677 1520 728 ἕ
1544 701 1649 728 ωκεν
1721 663 1739 681 ”

80 761 102 818 ἡ
133 758 335 817 ἄβυσσος
371 760 506 829 φωνην
542 759 690 822 αὐτῆς,
728 761 802 810 καὶ
840 764 938 813 ταῖς
976 760 1220 828 εὐφημίαις
1259 760 1647 825 καταγεραίρουσι

79 838 161 890 τὸν
199 842 372 907 Κύριον
407 842 535 905 ἡμῶν
559 842 747 907 Ἰησοῦν
780 840 862 892 τὸν
887 841 1102 907 Χριστὸν
1137 843 1289 907 μικροὶ
1324 845 1398 891 καὶ
1435 839 1647 906 μεγάλοι,

1709 917 1868 1001 {sivum

81 1007 182 1056 “ε’κ
207 1009 288 1069 τῆς
314 1009 412 1071 γῆς,
440 1006 684 1073 δράκοντες
719 1009 793 1057 καὶ
829 1010 980 1057 πᾶσαι
1018 1005 1244 1066 ἄβυσσοι.
1252 1005 1276 1020 ”
1340 1006 1564 1070 προσθεις
1601 1003 1648 1055 δὲ
1712 1016 1868 1058 1¹³-9‚¹0·

15 926 305 1052 0σαφηνιεῖ
332 923 487 989 λέγων
512 926 586 975 καὶ
619 926 643 975 ὁ
668 923 890 989 μακάριος
917 924 1088 974 Δαυείδ
1114 931 1140 952 “
1160 926 1336 973 Αἰνεῖτε
1362 921 1444 973 τὸν
1474 922 1649 988 Κύριον

15 1028 135 1149 10δὴ
161 1087 339 1141 τούτοις
376 1087 460 1153 ὅρη
495 1111 569 1138 και
604 1086 814 1150 βουνους,
840 1087 964 1156 ξύλα
996 1110 1042 1138 τε
1076 1086 1356 1153 καρποφόρα
1384 1110 1458 1137 και
1489 1086 1650 1139 πάσας

79 1168 276 1234 κεδρους,
311 1170 446 1235 θηρία
482 1193 531 1221 τε
569 1193 643 1220 και
678 1168 834 1233 κτήνη,
869 1169 1037 1235 ἑρπετὰ
1075 1171 1150 1219 καὶ
1191 1191 1376 1220 πετεινα
1411 1167 1644 1234 πτερωτὰ,

78 1250 371 1317 προσεπάγει
431 1251 578 1303 πάλιν
628 1253 680 1281 “’
682 1249 931 1319 Ἀρχοντες
988 1254 1064 1302 καὶ
1125 1250 1294 1305 πάντες
1351 1273 1499 1317 κριται
1548 1254 1649 1317 γῆς,
1667 1260 1693 1299 b
1710 1261 1761 1336 {1-
1784 1270 1843 1292 11-

95 1334 361 1384 6νεανίσκοι
404 1337 479 1385 καὶ
523 1333 756 1400 παρθενοι,
795 1333 1107 1401 πρεσβυτεροι
1147 1333 1264 1395 μετὰ
1302 1355 1535 1399 νεωτερων
1573 1356 1643 1384 αι·
1732 1314 1749 1344 3

13 1434 58 1472 15
81 1422 106 1445 ‘⁶
132 1415 409 1467 νεσάτωσαν
444 1415 497 1468 τὸ
532 1416 678 1479 ὄνομα
715 1417 908 1482 Κυρίου.
1004 1416 1095 1485 ε”φη
1128 1415 1183 1466 δέ
1209 1438 1302 1466 που
1335 1417 1411 1466 καὶ
1446 1416 1471 1465 ὁ
1504 1415 1650 1481 μέγας

94 1497 104 1510 e
145 1501 164 1510 Α
234 1498 299 1549 «Η
679 1500 689 1514 ›
755 1504 775 1513 ...
820 1502 908 1550 “B
998 1506 1028 1549 λ
1055 1503 1074 1511 ..
1145 1497 1166 1514 ν
1434 1498 1443 1511 ’
1481 1495 1494 1510 “
1633 1499 1647 1515 ¹
1710 1492 1859 1523 Effixlix.

79 1521 186 1560 mm)
304 1521 442 1553 Uala?
490 1522 593 1566 ἸΤΕΡί
636 1522 776 1550 αυΤΟυ
912 1521 995 1549 affl.
1032 1521 1094 1553 Εἰς
1138 1500 1340 1566 ΟψΟνΤαί
1390 1520 1531 1548 aUTOv
1574 1520 1648 1548 Καί
1713 1544 1742 1576 7·

79 1586 106 1608 ‘⁶
133 1580 507 1648 φοβηθήσονται·
554 1581 774 1649 ἁρχοντες
811 1583 887 1632 καὶ
923 1579 1342 1647 προσκυνήσουσιν
1379 1581 1518 1630 αὐτῶ.
1523 1579 1549 1595 ”

149 1663 436 1714 Ἀποδιδωσι
479 1662 527 1713 δὲ
567 1661 728 1729 ὥσπερ
767 1661 851 1727 τὴν
889 1663 1050 1725 αιτίαν,
1090 1667 1173 1713 τοῦ
1211 1660 1296 1726 τὴν
1334 1660 1534 1722 ἑιβυσσον
1573 1664 1649 1712 καὶ

76 1745 230 1808 μέντοι
268 1748 342 1796 καὶ
374 1744 428 1797 τὸ
461 1742 580 1815 ὕφος
611 1748 693 1809 τῆς
731 1748 991 1815 φαντασίας
1029 1744 1162 1805 αὐτῆς
1200 1747 1357 1795 δοῦναι
1388 1743 1457 1804 την
1490 1742 1644 1813 φωνην,

11 1846 59 1870 20
77 1828 263 1894 ἐπάγων
295 1828 426 1882 εὐθύς
460 1826 639 1897 Ἐπήρθη
675 1834 692 1880 ὁ
732 1829 867 1889 ἥλιος,
903 1836 979 1880 καὶ
1008 1830 1030 1889 ἦ
1056 1829 1207 1888 σελήνη
1233 1827 1331 1887 ἔστη
1363 1827 1401 1878 ἓν
1439 1827 1491 1898 τῇ
1523 1825 1647 1895 τάξει

78 1909 210 1969 αὐτῆς
246 1915 303 1965 εἷς
334 1910 446 1979 φῶς.
511 1907 672 1976 ὥσπερ
706 1909 759 1961 δὲ’
785 1908 870 1974 τὴν
906 1909 1105 1971 ἄβυσσον
1133 1908 1425 1973 νενοήκαμεν,
1452 1908 1505 1958 οὐ
1530 1906 1687 1959 κατάο

78 2015 130 2058 γε
155 1992 237 2043 τὸν
262 1994 309 2042 ἐν
333 1991 550 2056 αἰσθήσει
577 1990 739 2056 λόγον·
780 1990 932 2059 παχὺς
965 1990 1057 2057 γὰρ
1094 1992 1215 2042 λίαν
1254 1993 1574 2053 πνευματικῶς
1600 1988 1648 2040 δὲ

78 2078 266 2137 μᾶλλον
305 2076 379 2124 καὶ
412 2078 598 2137 νοητῶς,
625 2075 745 2124 οὕτω
776 2075 851 2124 καὶ
878 2079 960 2124 νῦν
985 2074 1086 2141 οὐχὶ
1120 2077 1216 2127 τοῖς
1253 2073 1515 2140 στοιχείοις,
1542 2074 1648 2140 ἡλίῳ

78 2178 127 2206 τε
165 2159 284 2223 φημὶ
321 2157 396 2205 καὶ
435 2157 596 2228 σελήνη,
635 2154 717 2206 τὸν
755 2158 836 2219 τῆς
870 2154 1071 2208 διανοίας
1108 2153 1335 2219 ἐνήσομεν
1373 2151 1642 2220 ὀφθαλμόν·

12 2256 58 2294 25
78 2238 185 2288 ἀλλ’
213 2238 268 2305 ἐξ
289 2235 555 2301 ὁμοιότητος
580 2239 662 2300 τῆς
692 2237 769 2288 ἀπ’
798 2237 950 2288 αὐτῶν
977 2238 1051 2288 ἐπὶ
1083 2236 1143 2288 τὰ
1174 2237 1345 2300 ἀμείνω
1372 2234 1647 2296 διάττοντες,

77 2318 162 2382 τὴν
198 2324 291 2369 τῶν
329 2317 571 2383 νοημάτων
601 2317 794 2381 δύναμιν
831 2317 1151 2388 κατοψόμεθα.
1218 2319 1383 2369 οὐκοῦν
1417 2319 1530 2377 ἥλιον
1564 2315 1648 2380 μὲν

77 2406 192 2465 γοῦν
228 2405 382 2469 φαμεν
416 2400 500 2465 τὴν
533 2403 762 2470 φωτοειδῆ
794 2422 843 2450 τε
878 2402 953 2451 καὶ
986 2400 1257 2466 ε”κλαμπρον
1282 2403 1375 2450 τῶν
1405 2399 1647 2464 εὐαγγελι-

79 2505 171 2534 κων
208 2481 547 2547 θεσπισμάτων
584 2482 937 2548 μυσταγωγίαν,
968 2484 1138 2543 σελήνην
1172 2480 1220 2532 δὲ
1258 2481 1316 2532 αὖ
1347 2479 1401 2532 τὸ
1437 2479 1566 2545 μεῖόν
1596 2503 1646 2532 τε

124 2658 157 2688 4.
183 2646 355 2690 ὠνόμασεν
379 2645 485 2691 ὀρθῶς
510 2646 580 2680 inV.
598 2644 720 2680 ordine
738 2644 784 2679 D.
851 2645 947 2679 Haec
972 2660 1073 2690 ηγουν
1096 2644 1187 2690 υψος
1211 2645 1401 2690 φαντασίας
1426 2650 1645 2678 accesserunt

78 2703 119 2726 ex
138 2692 179 2727 Β.
186 2693 230 2726 D.
433 2692 466 2727 6.
491 2694 617 2738 χόρτου
634 2695 855 2736 assumptum
872 2704 913 2725 ex
933 2692 978 2725 D.
997 2691 1116 2726 deest
1109 2703 1144 2725 m
1163 2691 1204 2725 B.
1409 2690 1640 2736 7.(’ίβυσσ-ος]

83 2743 119 2778 -1-
140 2739 198 2783 τὴν
216 2739 306 2773 Edd.
323 2739 432 2774 invito
450 2740 496 2774 D.
749 2739 782 2772 8.
809 2738 899 2781 ἡμῶν
916 2742 1136 2784 assumptum
1154 2749 1195 2771 ex
1216 2737 1256 2771 Β.
1262 2737 1308 2771 D.
1356 2738 1414 2771 τὸν
1409 2700 1488 2772 731ῐ.
1507 2749 1576 2771 om.
1595 2738 1641 2772 D.

80 2796 113 2829 9
139 2787 314 2831 σαφηνίζει
332 2785 702 2820 Edd.11.
728 2785 768 2829 δὴ
786 2797 855 2819 om.
876 2785 921 2819 D.
1136 2794 1256 2828 15-17.
1279 2782 1349 2829 ἔφη
1367 2783 1640 2828 δὲ-προσκυνὴ-

81 2845 203 2866 σουσιν
219 2833 307 2879 αὐτῷ
327 2844 396 2867 om.
416 2833 458 2867 B.
521 2847 587 2867 που
606 2832 664 2866 dat
683 2832 729 2866 D.
1108 2840 1160 2875 17.
1182 2830 1299 2864 Habet
1316 2830 1573 2875 φοβηθήσονται
1592 2831 1638 2865 D.

80 2878 178 2912 αὐτόν
197 2879 243 2913 D.
625 2890 677 2924 19.
704 2879 756 2912 καὶ
774 2880 994 2923 assumptum
1012 2889 1052 2911 ex
1073 2877 1115 2911 B.
1135 2877 1254 2911 deest
1247 2888 1283 2910 m
1301 2877 1348 2912 D.
1413 2877 1525 2911 δοῦναι
1542 2877 1642 2921 αὐτῆς

80 2923 215 2959 inverso
232 2925 351 2959 ordine
369 2925 416 2960 D.
651 2936 706 2960 21.
732 2926 767 2959 δὲ
786 2931 1004 2970 assumptum
1021 2936 1062 2958 ex
1082 2924 1127 2957 D.
1365 2933 1419 2968 27.
1448 2923 1543 2958 Haec
1560 2926 1643 2969 γοῦν

81 2971 192 3014 φαμεν
208 2978 385 3016 assumpta
401 2984 442 3006 ex
461 2972 502 3007 B.
521 2969 604 3006 εἶναι’
619 2972 730 3018 φαμεν
750 2971 832 3006 D.b.
1021 2972 1076 3005 28.
1101 2970 1136 3004 δὲ
1157 2969 1239 3005 D.b.
1258 2984 1293 3004 τε
1313 2969 1354 3005 Β.
1375 2969 1466 3005 Edd.
