2060 3387
125 198 206 239 viii.
232 215 269 253 9.
441 218 453 228 ⁰
484 201 555 242 IN
598 200 1018 241 ZACIIARIAM.
1080 198 1231 239 ΤΟΜ.
1266 198 1351 238 ΙΙΙ.
1619 198 1702 237 387

122 316 148 337 ‘⁶
172 310 479 379 ανεστράφη”
529 310 646 375 μετὰ
696 309 887 376 σαρκός.
966 311 1040 359 καὶ
1085 313 1222 359 τοῦτο
1278 308 1386 371 ἡμῖν
1440 307 1494 356 δι’
1549 304 1704 370 ἑτέρου

118 391 366 461 προφήτου
405 395 430 444 ὁ
471 393 591 448 Θεὸς
627 392 947 461 προανεφώνει
988 391 1143 456 λέγων
1185 398 1211 419 “
1233 389 1416 455 Θάρσει
1456 385 1598 450 Σιών,
1636 385 1701 452 μὴ

119 480 147 502 “
172 475 513 541 παρείσθωσαν
550 479 596 527 αἱ
634 475 780 543 χεῖρές
818 494 925 526 σου·
978 473 1148 540 Κύριος
1187 474 1212 524 ὁ
1246 471 1367 526 Θεός
1407 494 1499 522 σου
1536 472 1584 521 ἐν
1621 471 1702 521 σοὶ

119 562 146 585 “
172 556 366 611 δυνατὸς
397 558 549 609 σώσει
587 581 665 621 σε,
697 556 858 627 ἐπάξει
897 558 971 608 ἐπὶ
1005 555 1063 607 σὲ
1096 554 1393 624 εὐφροσύνην
1432 556 1508 605 καὶ
1542 557 1708 604 καινιεῖ

78 644 99 681 5
119 645 146 667 “
171 661 231 690 σε
267 640 316 690 ἐν
353 643 411 708 τῇ
447 640 684 707 ἀγαπήσει
709 640 897 691 αὐτοῦ.”
962 638 1093 689 ἀλλὰ
1120 640 1194 689 καὶ
1222 643 1302 689 νῦν
1329 639 1460 688 ἐστιν
1483 636 1608 700 ἡμῖν·
1650 636 1704 686 οὐ

120 719 213 788 γὰρ
251 723 432 792 ἀφῆκεν
469 724 590 787 ἡμᾶς
621 721 870 791 ὀρφανοὺς,
904 721 1126 789 πέπομφε
1162 720 1210 772 δὲ
1242 721 1352 784 ἡμῖν
1391 721 1496 771 ἀνθ’
1539 720 1704 770 ἑαυτοῦ

119 802 202 854 τὸν
220 804 552 871 Παράκλητον,
571 807 646 857 καὶ
669 805 866 856 σύνεστι
893 805 946 856 δι’
977 805 1119 855 αὐτοῦ
1143 808 1238 857 τοῖς
1266 805 1519 868 ἀγαπῶσιν
1547 801 1701 852 αὐτόν·

119 888 196 937 καὶ
229 887 590 957 πληροφορήσει
625 887 779 954 λέγων
808 895 834 916 “
853 886 975 938 Ἰδοὺ
1009 885 1103 953 ἐγώ
1138 887 1243 950 μεθ’
1274 887 1401 949 ὑμῶν
1427 889 1516 948 εἰμι
1542 884 1703 939 πάσας

120 975 147 998 “
173 968 256 1022 τὰς
293 969 463 1036 ἡμέρας
498 970 582 1024 ἕως
619 973 702 1034 τῆς
740 970 1011 1022 συντελείας
1049 974 1132 1019 τοῦ
1165 969 1377 1021 αἱῶνος.”
1443 966 1704 1033 γεγόναμεν

53 1070 99 1094 10
118 1051 272 1101 τοίνυν
312 1052 453 1103 αὐτοῦ
503 1051 634 1115 λαὸς,
680 1055 722 1103 οἱ
773 1050 885 1103 ποτὲ
930 1052 983 1102 οὐ
1029 1050 1163 1114 λαὸς,
1215 1051 1290 1100 καὶ
1337 1052 1378 1100 οἱ
1420 1053 1514 1100 τῶν
1556 1049 1703 1100 λίθων

120 1134 408 1199 θεραπευταί·
463 1133 549 1198 τὴν
599 1134 798 1202 ἀρχαίαν
849 1136 924 1184 καὶ
974 1133 1188 1197 βέβηλον
1236 1131 1704 1195 καταμυσαττόμενοι

118 1214 374 1281 πλάνησιν·
423 1217 530 1269 &ehu
568 1216 709 1268 αὐτὸν
736 1215 1122 1285 ἐπεγραψάμεθα,
1149 1216 1225 1265 καὶ
1260 1219 1398 1265 τοῦτο
1438 1215 1477 1265 ἐν
1517 1212 1704 1284 ἀληθεία.

123 1303 200 1349 καὶ
242 1295 500 1372 δικαιοσύνῃ.
569 1300 622 1350 οὐ
660 1298 752 1365 γὰρ
783 1300 831 1349 ἐν
865 1298 956 1368 ἴσῳ
991 1302 1086 1351 τοῖς
1117 1302 1200 1348 τοῦ
1225 1296 1503 1363 γράμματος
1529 1295 1702 1364 φίλοις,

120 1380 281 1436 τύποις
323 1383 398 1432 καὶ
442 1386 595 1435 σκιαῖς
635 1381 968 1448 προσκείμεθα,
1012 1377 1386 1448 παραδεξάμενοι
1425 1377 1474 1429 δὲ
1511 1383 1703 1443 μᾶλλον

54 1479 99 1517 15
121 1466 183 1516 εἷς
231 1469 340 1514 νοῦν
390 1466 464 1515 καὶ
516 1464 709 1530 καρδίαν
752 1462 839 1528 τὴν
886 1467 981 1514 τῶν
1024 1462 1341 1529 εὐαγγελικῶν
1392 1460 1702 1527 κηρυγμάτων

1765 404 1862 444 soph.
1880 404 1922 434 iii.

1769 447 1815 486 16,
1837 456 1882 487 17.

1765 651 1795 681 S.
1811 651 1910 681 Joan.

1767 695 1830 725 xiv.
1856 696 1901 724 18.

1764 887 1924 937 &NJ-ath.

1765 942 1878 962 xxvm.

1765 985 1815 1006 20.

1722 1055 1742 1081 O
1768 1043 1779 1065 1
1798 1036 1829 1065 S.
1849 1035 1923 1065 Pon.

1765 1090 1796 1110 11.
1819 1088 1866 1109 10.

121 1544 451 1613 λαμπρότητα,
490 1545 575 1611 τὴν
614 1547 770 1610 ἀληθῆ
807 1550 1081 1612 πληροῦμεν
1114 1543 1348 1611 λατρείαν,
1387 1546 1463 1594 καὶ
1501 1546 1584 1608 τῆς
1621 1545 1740 1594 ‹iv-a
1772 1558 1849 1593 719
1873 1557 1923 1590 A.

121 1628 354 1693 δανούσης
379 1629 504 1700 αὐτῷ
529 1627 824 1693 δικαιοσύνης
859 1627 1009 1697 ἀπρὶξ
1039 1625 1263 1695 ἐχόμενοι,
1289 1625 1374 1691 τὴν
1400 1627 1448 1677 ἐν
1473 1626 1701 1690 πνεύματι

118 1716 391 1777 πληροῦμεν
441 1711 781 1778 προσκύνησιν.
859 1717 886 1740 “
916 1714 1111 1774 Πνεῦμα
1150 1707 1244 1776 γὰρ
1289 1709 1314 1759 ὁ
1366 1706 1533 1771 Θεὸς,”
1579 1707 1701 1760 καθά

121 1795 271 1861 φησιν
306 1792 443 1847 αὐτὸς
481 1795 506 1845 ὁ
550 1792 679 1856 Υἱὸς,
721 1800 751 1823 “
777 1796 853 1844 καὶ
890 1791 999 1846 τοὺς
1043 1796 1427 1859 προσκυνοῦντας
1471 1789 1613 1841 αὐτὸν
1651 1792 1700 1841 ἐν

54 1880 148 1916 20“
173 1875 400 1939 πνεύματι
439 1877 514 1927 καὶ
551 1875 748 1944 ἀληθείᾳ
786 1877 859 1926 δεῖ
890 1878 1188 1942 προσκυνεῖν.

1762 1701 1792 1731 S.
1812 1701 1910 1731 Joan.

1762 1745 1803 1774 iv.
1826 1755 1876 1783 ²4-

119 2103 234 2145 Τάδε
270 2105 379 2152 λέγει
421 2104 567 2162 Κύριος
598 2106 914 2161 Παντοκράτωρ
954 2104 1300 2160 Κατισχυὲτωσαν
1337 2103 1377 2145 αἱ
1415 2101 1551 2160 χεῖρες
1581 2105 1698 2152 ὑμῶν
1720 2112 1741 2147 9

184 2187 270 2229 τῶν
297 2187 543 2231 ἀκουόντων
581 2188 624 2229 ἐν
658 2184 750 2230 ταῖς
788 2187 966 2244 ἡμέραις
999 2189 1172 2229 ταύταις
1210 2188 1309 2229 τοὺς
1342 2188 1493 2236 λόΓους
1522 2189 1697 2229 τούτους

184 2271 230 2311 ἐκ
267 2273 478 2320 στόματος
515 2272 601 2314 τῶν
639 2272 889 2329 προφΗτών,
929 2272 998 2327 ἀφ’
1043 2269 1093 2314 ἧς
1131 2273 1293 2329 ἡμέρας
1329 2270 1637 2321 τεθεμελίωται
1674 2271 1696 2314 ὁ
1719 2268 1742 2308 b

186 2349 302 2395 οἶκος
331 2354 479 2412 Κυρίου
506 2356 869 2412 παντοκράτορος,
897 2354 965 2395 καὶ
990 2356 1013 2397 ὁ
1041 2355 1142 2398 ναὸς
1168 2356 1238 2411 ἀφ’
1271 2353 1318 2396 οὗ
1345 2355 1627 2410 ᾠκοδόμηται.

51 2479 98 2517 25
192 2473 519 2541 ’Υπισχνεῖται
556 2473 641 2537 μὲν
671 2478 766 2527 τοῖς
803 2475 1055 2538 ἀγαπῶσιν
1086 2472 1228 2524 αὐτὸν
1254 2476 1280 2525 ὁ
1307 2478 1400 2524 τῶν
1426 2473 1551 2524 ὅλων
1576 2472 1696 2526 Θεὸς

157 2553 170 2572 ἱ
213 2556 224 2570 e
273 2554 284 2573 x
352 2557 361 2571 ²
441 2556 451 2573 t
688 2555 700 2569 Ι
1078 2560 1097 2570 Α
1162 2555 1174 2573 x
1250 2557 1260 2570 ›
1375 2560 1394 2569 n
1479 2557 1489 2571 ›
1563 2554 1573 2569 ν
1606 2558 1615 2572 s
1657 2556 1667 2571 t

117 2577 176 2605 τα
202 2579 314 2623 υπερ
339 2559 506 2607 ελπιδα
536 2562 782 2619 πολλακις,
809 2557 1092 2624 ψευδομυθει
1127 2558 1174 2607 δε
1212 2559 1436 2620 ουδαμως,
1464 2562 1562 2605 αλλ
1603 2558 1696 2624 ιδιᾳ

117 2636 304 2701 δυνάμει
348 2642 422 2689 καὶ
466 2636 745 2705 ἀποῤῥήτοις
785 2639 911 2688 τισὶν
952 2637 1196 2704 ἐνεργείαις
1240 2637 1535 2703 ἀποπεραίνει
1576 2635 1695 2687 κατὰ

167 2796 199 2820 2.
226 2787 244 2820 ὁ
261 2791 483 2831 assumptum
500 2797 542 2820 ex
561 2785 602 2820 C.
837 2796 870 2830 3.
899 2799 963 2819 σου
980 2785 1039 2819 alt.
1058 2788 1281 2828 assumptum
1299 2796 1339 2818 ex
1359 2783 1399 2817 C.
1450 2783 1485 2817 ἐν
1502 2783 1559 2817 σοὶ
1578 2783 1608 2816 ὃ.
1627 2782 1693 2817 hoc

119 2832 239 2866 ordine
258 2832 299 2867 C.
578 2846 612 2875 4.
639 2832 787 2876 καινὴσει
804 2843 867 2877 pro
885 2833 1000 2866 καινιεῖ
1017 2846 1057 2866 σε
1077 2831 1117 2865 C.
1136 2831 1245 2865 invito
1263 2831 1310 2864 D.
1577 2841 1610 2871 5.
1636 2831 1694 2864 νῦν

120 2879 214 2914 ἐστιν
232 2878 273 2912 C.
292 2877 451 2914 σύνεστιν
469 2879 562 2913 Β.Ῑ).
583 2879 674 2914 Edd.
1141 2889 1174 2922 9.
1202 2879 1386 2923 γεγόναμεν
1404 2876 1445 2912 C.
1462 2876 1580 2922 ’γέγονε
1599 2875 1692 2911 Edd.

124 2937 175 2960 10.
193 2927 277 2961 λαὸς
294 2927 351 2960 alt.
370 2925 410 2960 C.
428 2926 505 2960 λαοὶ
524 2926 583 2960 iid.
706 2936 758 2960 ΙΙ.
778 2925 977 2971 θεραπευταὶ
997 2924 1037 2959 C.
1056 2924 1285 2969 προσκυνηταὶ
1306 2923 1396 2958 Edd.
1519 2934 1571 2957 12.
1588 2922 1693 2969 ἀπεγ-

119 2972 302 3017 ραψάμεθα
322 2972 351 3006 C
368 2973 479 3016 prima
496 2985 603 3007 manu
620 2972 727 3008 invito
748 2972 792 3007 D.
857 2974 976 3006 τοῦτον
994 2971 1085 3006 Edd.
1103 2971 1174 3006 inv.
1195 2971 1281 3006 B.C.
1465 2969 1518 3005 16.
1543 2971 1692 3015 πληροῦ-

121 3034 181 3062 μεν
199 3019 291 3054 C.D.
309 3020 471 3064 τελοῦμεν
488 3019 579 3054 Edd.

864 3090 886 3128 3
911 3089 935 3115 Π
961 3089 981 3117 2
