2007 3387
137 1804 220 1835 Mal.
240 1803 272 1834 ii.

139 1855 156 1869 *7

141 1870 167 1887 ι-

362 201 446 241 270
755 202 802 241 Β.
848 200 1125 242 CYRILLI
1164 201 1555 243 ALEXANDR.
1727 202 1767 241 ii.
1790 214 1938 252 10-14.

359 311 442 373 τῆς
480 308 703 374 ἐμπορίας
744 309 858 374 ἔργα
900 311 1058 363 δεινῶς
1102 312 1177 361 καὶ
1218 308 1421 364 ἐκτόπως
1461 309 1826 371 ἀπονενευκότες,
1865 310 1941 359 καὶ

361 395 572 459 ἀκρατῶς
607 394 791 461 ἔχοντες
826 398 888 448 εἷς
925 396 1260 462 φιλοκερδείας,
1287 395 1576 463 εἶσεδέχοντο
1609 393 1694 458 τὴν
1727 394 1937 457 ἀκηδίαν,

360 478 422 529 ὡς
461 476 545 526 οὐκ
588 475 696 544 ἐξὸν
734 477 888 530 αὐτοῖς
923 479 985 531 ὡς
1026 479 1075 528 ἐν
1111 477 1260 546 εὑρείᾳ
1297 481 1458 546 σχολῇ
1491 481 1586 528 τῶν
1618 480 1680 530 εἷς
1716 476 1942 542 ἐμπορίαν

315 560 339 600 b
360 557 552 624 ἔχεσθαι
591 558 976 627 φροντισμάτων·
1019 557 1117 610 εἶτα
1152 559 1318 614 θυσίας
1355 558 1691 625 προσάγοντες,
1727 558 1943 623 ἀρκέσειν

359 640 573 707 ἔφασκον
614 639 669 691 τὸ
713 644 873 709 χρῆμα
916 643 1071 696 αὐτοῖς
1113 646 1175 696 εἷς
1218 641 1271 693 τὸ
1312 641 1586 710 ἁγιάζεσθαι
1628 645 1734 703 δεῖν,
1778 639 1866 692 κᾶν
1904 664 1941 692 ει

357 724 500 786 μήπω
539 723 719 787 γε’νοιτο
754 724 897 791 τυχὸν
937 725 961 774 ὁ
1000 729 1117 778 θεῖος
1158 724 1282 779 νεώς.
1345 724 1690 791 προστάττεται
1725 723 1880 775 τοίνυν
1914 725 1939 774 ὁ

360 805 620 872 Προφήτης
668 807 891 875 εὐφυέσιν
943 807 1153 875 ἐλέγχοις
1205 807 1597 874 κατατιτρώσκειν
1647 806 1813 860 αὐτοὺς
1863 809 1938 858 καὶ

360 885 616 951 διδάσκειν,
659 888 729 940 ὅτι
773 887 860 940 κᾶν
904 893 940 940 εὶ
983 889 1165 941 ἕλοιντο
1204 896 1420 957 πληροῦν
1459 889 1597 957 εὐχὰς
1639 891 1714 940 καὶ
1752 889 1936 952 θυσίας,

357 968 557 1037 ῥᾴθυμοι
599 970 648 1022 δὲ
682 970 810 1025 ὄντες
849 973 1122 1023 ἁλίσκοιντο
1158 975 1264 1039 περὶ
1307 972 1360 1024 τὸ
1401 976 1569 1041 χρῆναι
1605 977 1821 1037 πληροῦν
1857 970 1943 1023 τὸν

358 1049 485 1102 οἶκον
520 1059 603 1104 τοῦ
637 1057 775 1116 Θεοῦ,
811 1055 894 1105 οὐκ
925 1058 988 1108 εἷς
1021 1054 1186 1119 ὄνησιν
1219 1055 1354 1106 ε”ο-ται
1393 1060 1585 1118 μᾶλλον
1623 1055 1792 1117 αὐτοῖς,
1829 1053 1939 1105 ἀλλ’

358 1137 419 1188 εἱς
445 1134 593 1200 ὀργήν
618 1159 667 1187 τε
693 1138 769 1187 καὶ
795 1141 936 1203 κρῖμα
961 1136 1015 1188 τὸ
1047 1137 1111 1202 μὴ
1143 1140 1191 1189 ἐν
1215 1142 1360 1208 καιρῷ
1395 1137 1657 1199 βούλεσθαι
1683 1141 1941 1200 βουθυτεῖν,

319 1240 340 1265 c
359 1218 434 1267 καὶ
459 1221 525 1286 τῷ
560 1218 666 1288 θείῳ
701 1219 944 1285 προσιέναι
979 1221 1316 1291 θυσιαστηρίῳ·
1357 1224 1598 1287 διατρανοῖ
1618 1219 1666 1271 δὲ
1691 1218 1810 1286 πρὸς
1836 1217 1942 1270 τού-

357 1322 468 1362 τοις,
495 1299 566 1352 gn
600 1305 694 1351 τῶν
728 1302 1042 1368 προκειμένων
1078 1304 1232 1357 αὐτοῖς
1270 1306 1504 1370 ἐμποριῶν
1539 1303 1683 1366 ἕνεκα,
1722 1306 1942 1368 πονηροῖς

357 1385 433 1433 καὶ
459 1383 772 1449 ἀλλογενέσιν
798 1383 1027 1451 ἀνδράσιν
1053 1385 1430 1452 ἀναμιγνύμενοι,
1460 1384 1647 1439 πάντως
1672 1385 1727 1435 δέ
1748 1407 1838 1436 που
1865 1385 1941 1434 καὶ

356 1465 733 1532 εἰδωλολάτραις,
751 1466 964 1534 ἐσχάτως
992 1469 1384 1531 καταμιαίνονται.
1439 1467 1730 1531 νομικωτάτη
1755 1465 1805 1516 δὲ
1830 1467 1941 1517 λίαν

356 1547 385 1611 ἡ
420 1547 646 1614 ἐρώτησις
683 1551 758 1599 καὶ
790 1549 1161 1615 δυσερμήνευτος
1198 1551 1295 1614 με’ν·
1335 1550 1476 1614 πλὴν,
1505 1552 1567 1604 ὡς
1593 1550 1670 1613 ἔνι,
1703 1552 1940 1617 σαφηνιῶ,

358 1629 412 1680 δι’
441 1628 506 1680 ὧν
532 1629 588 1681 ἂν
614 1631 819 1695 δύνωμαι
847 1631 1007 1697 λόγων
1032 1633 1267 1699 παριστὰς
1293 1632 1346 1684 τὸ
1374 1634 1676 1697 δηλούμενον.

431 1714 619 1782 Ἐρωτᾷ
645 1714 799 1765 τοίνυν
825 1716 849 1765 ὁ
882 1715 1141 1784 Προφήτης
1167 1714 1273 1770 τοῦς
1308 1716 1451 1780 ἱερεάς
1477 1715 1634 1779 νόμον·
1677 1715 1939 1780 γε’γραπται

358 1794 452 1862 γάρ
478 1795 635 1846 ““Ort
661 1798 835 1864 χείλη’
823 1819 973 1863 ιερεως
1001 1798 1264 1867 φυλάξεται
1291 1799 1461 1864 κρίσιν,
1485 1821 1559 1848 και
1586 1796 1728 1862 νόμον
1754 1796 1938 1864 ἐκζητή-

375 1885 585 1929 ίσουσιν
605 1880 652 1929 ἐκ
679 1879 916 1943 στόματος
943 1880 1101 1931 αὐτοῦ·
1172 1904 1246 1932 και
1267 1904 1333 1934 τις
1351 1905 1378 1945 η
1399 1881 1652 1947 ἐρώτησις·
1642 1923 1654 1941 ,
1681 1878 1791 1931 Εοιν
1811 1877 1937 1940 λοίβη

314 1974 343 2014 d
360 1958 576 2029 άνθρωπος
600 1983 727 2030 κρεοις
753 1960 878 2027 ἑίγιον
904 1962 941 2012 ἐν
965 1967 1023 2031 τῷ
1049 1962 1170 2033 οίκρῳ
1195 1964 1265 2014 τοῦ
1290 1968 1466 2031 ἱμοοτίου
1493 1965 1622 2014 αὐτου
1650 1986 1726 2014 και
1754 1957 1937 2032 ἅψηται

357 2041 404 2093 το
438 2041 566 2111 ἄκρον
603 2045 676 2094 τοῦ
713 2046 891 2112 ἱματίου
927 2046 1057 2095 αὐτοῦ
1091 2046 1217 2114 ἄρτου
1252 2071 1273 2105 η
1302 2041 1543 2115 ἑψήματος
1570 2043 1591 2105 ἦ
1619 2043 1762 2104 οἴνουῆ
1791 2046 1939 2096 ἐλαίου

358 2122 379 2185 ἦ
404 2125 570 2180 meur&
596 2126 846 2194 βρώματος,
876 2132 907 2178 εἰ
935 2126 1290 2193 ἁγιασθήο-ετοιις
1334 2134 1409 2179 καὶ
1439 2126 1733 2196 ἀπεκριθηο-οιν
1761 2133 1794 2179 οἱ
1821 2131 1939 2197 ἱερεῖς

360 2209 440 2258 not)
470 2206 587 2259 εἷπον
608 2208 690 2259 Οὔ.
746 2211 821 2259 καὶ
851 2209 981 2279 κρεόις
1008 2208 1092 2273 μὲν
1113 2208 1237 2276 οίγιόν
1263 2215 1386 2278 φησι
1412 2209 1465 2261 τὸ
1493 2210 1584 2261 ἀπὸ
1611 2209 1728 2280 ζῴου
1754 2208 1939 2278 ληφθὲν

356 2290 792 2356 προσενηνεγμένου
817 2291 934 2357 πρὸς
962 2292 1222 2359 ἱερουργίαν
1247 2297 1313 2362 τῷ
1339 2296 1462 2362 Θεῷ·
1504 2292 1633 2357 πλὴν
1659 2295 1800 2344 ἐκεῖνο
1823 2291 1937 2353 βού-

358 2378 490 2423 λεται
524 2371 760 2423 διδάσκειν
797 2373 978 2427 αὐτούς·
1022 2377 1063 2424 οἱ
1099 2377 1229 2440 ἱερεῖς
1261 2375 1366 2425 ἔσθ’
1405 2375 1479 2426 ὅτε
1517 2374 1599 2428 τάς
1638 2375 1755 2426 κατὰ
1795 2373 1937 2438 νόμον

357 2460 600 2508 τελοῦντες
644 2455 824 2518 θυσίας,
870 2456 1074 2520 ἥπτοντο
1125 2459 1199 2507 καὶ
1249 2456 1323 2508 διὰ
1373 2462 1467 2508 τῶν
1516 2457 1796 2521 ἐσθημάτων
1842 2461 1937 2508 τῶν

1930 644 1982 695 ’5

1964 1077 2007 1102 10

1959 1901 2007 1927 20

406 2664 438 2688 2.
465 2654 687 2698 φιλοκερδίαν
705 2654 798 2689 Edd.
847 2655 984 2699 ἀκηδίαν
1004 2655 1049 2689 D.
1070 2655 1161 2689 Edd.
1179 2655 1295 2699 ἀηδίαν
1315 2655 1355 2689 Β.
1616 2666 1668 2690 10.
1692 2657 1825 2699 μᾶλλον
1841 2656 1938 2690 ἕσται
2000 2655 2001 2660 ’

359 2701 499 2735 inverso
517 2701 638 2735 ordine
658 2702 702 2735 D.
1039 2715 1092 2737 11.
1118 2717 1153 2737 τε
1171 2709 1393 2747 assumptum
1415 2714 1456 2736 ex
1477 2702 1517 2735 B.
1583 2703 1620 2736 τὸ
1639 2702 1765 2736 retinui
1783 2714 1824 2736 ex
1843 2702 1938 2736 Edd.

358 2750 404 2794 τῷ
424 2747 466 2782 Β.
472 2748 518 2782 D.
568 2750 670 2794 καιρῷ
692 2749 732 2783 Β.
738 2749 784 2783 D.
803 2751 929 2793 καιροῖς
946 2749 1039 2783 Edd
1428 2749 1481 2784 16.
1506 2750 1550 2784 ὡς
1567 2750 1613 2784 ἕνι
1633 2755 1812 2794 assumpta
1829 2761 1871 2783 ex
1889 2749 1937 2784 D.

1232 2793 1255 2820 θ.

364 2840 416 2872 19.
443 2827 558 2873 χείλη]
579 2830 690 2872 στόμα
711 2829 756 2863 D.
807 2828 935 2875 ἱερέως]
959 2833 996 2870 -f-
1016 2828 1164 2873 λαλήσει
1180 2829 1244 2873 ἇλη
1263 2830 1316 2863 καὶ
1334 2829 1380 2863 D.
1593 2840 1648 2863 20.
1675 2828 1727 2874 ε’κ]
1751 2834 1788 2870 -Ι-
1809 2831 1869 2863 ‘rost
1886 2829 1935 2864 D.

358 2874 377 2917 ἡ
396 2883 618 2920 assumptum
636 2888 677 2910 ex
697 2876 738 2910 Β.
744 2876 790 2910 D.
1086 2887 1140 2909 21.
1166 2877 1267 2909 αἰτοῦ
1284 2887 1354 2910 om.
1373 2876 1419 2910 D.
1707 2887 1762 2910 22.
1784 2875 1802 2919 ἢ
1821 2876 1935 2910 ἐλαίου

358 2932 427 2954 om.
451 2922 495 2954 D.
872 2935 927 2969 23.
953 2924 1076 2958 παντὸς
1095 2923 1136 2956 Β.
1143 2923 1188 2956 Ι).
1207 2923 1295 2957 τινὸς
1313 2922 1404 2957 Edd.
1472 2922 1525 2956 καὶ
1541 2922 1771 2967 ἀπεκρίθησαν
1787 2923 1818 2956 οἱ
1836 2923 1934 2967 ἱερεῖς

359 2981 412 2999 και
439 2967 531 3001 Β.1).
548 2969 579 3001 οἱ
597 2969 631 3002 δε
652 2969 742 3003 Edd.
933 2980 988 3015 25.
1014 2972 1060 3015 τῷ
1079 2968 1171 3015 Θεῷ]
1193 2971 1280 3003 Θεοῦ
1300 2964 1346 3003 D.
1537 2969 1591 3003 26.
1622 2970 1704 3003 κατὰ
1721 2971 1822 3013 νόμον
1841 2969 1935 3004 B.D.

358 3014 441 3056 μετὰ
459 3016 561 3058 νόμου
581 3015 671 3049 Edd.
