1997 3361
80 125 176 181 ii.3,
197 139 236 178 4.
531 126 604 166 IN
645 125 925 166 ABACUC.
986 124 1139 164 TOM.
1173 124 1206 165 Ι.
1599 124 1655 163 93

77 235 238 298 μάτων
264 236 473 301 ἠρμένων
498 236 616 302 πρὸς
650 235 703 286 τὸ
739 235 974 304 ἐξαίρετον
1000 239 1197 302 μακραῖς
1227 236 1302 284 καὶ
1335 232 1655 296 ἀτελευτήτοις

78 316 279 381 μνήμαις
315 322 557 382 τιμᾶσθαι.
625 319 774 386 γράφε
813 318 869 382 δὴ
908 319 1002 380 οὖν,
1037 316 1073 368 ὦ
1116 320 1368 385 Προφῆτα,
1404 317 1540 384 φησὶ,
1571 314 1656 378 τὴν
1675 338 1696 359 ιι
1727 326 1808 360 533
1827 325 1875 358 Α.

79 399 234 469 ’όροισ-ιν,
261 402 322 454 ὡς
362 399 420 450 ἂν
457 404 497 452 οἱ
534 400 651 451 κατὰ
690 399 874 466 καιροὺς
907 404 1061 451 εἰδεῖεν
1086 399 1146 451 τὰ
1180 398 1557 465 προηγγελμένα,
1585 400 1658 447 καὶ

80 486 176 535 τοῖς
213 486 317 536 σοῖς
354 482 768 550 περιτυγχάνοντες
803 481 966 547 λόγοις
1004 483 1235 533 διώκωσιν
1260 480 1391 544 αὐτὰ,
1415 479 1659 530 τουτέστιν

38 582 62 620 5
81 568 341 630 ἐπιθυμῶσι
366 573 484 619 νοεῖν
509 572 603 618 τῶν
627 569 676 618 ἐν
701 568 854 620 αὐτοῖς
888 566 973 631 τὴν
1000 566 1208 629 δύναμιν,
1236 568 1357 617 οὕτω
1388 589 1436 616 τε
1468 566 1659 616 πιστεύ-

81 671 228 711 σειαν,
255 649 326 699 ὅτι
357 653 432 701 καὶ
463 650 596 701 ε”σται
627 672 718 701 που
748 648 935 703 πάντως
971 648 1151 713 ἀληθὴς
1178 649 1205 712 ἡ
1230 647 1568 714 προάγγελσις.
1632 647 1660 709 ἡ

82 730 166 794 μὲν
214 730 307 798 γὰρ
348 733 496 801 ’όροισ-ις
545 738 604 788 εἰς
653 730 837 801 καιροὺς,
880 732 1124 782 τουτέστιν
1167 735 1228 784 εἰς
1272 731 1542 794 ἀνάβλησιν
1587 732 1662 779 καὶ

84 813 338 881 ἀνοκωχὴν,
388 816 462 865 καὶ
505 814 686 882 βραχὺς
735 811 912 882 μεταξὺ
969 813 1229 864 διιππεύσει
1281 813 1461 880 χρόνος.
1531 813 1660 862 ε’κτε-

86 895 304 960 λευτήσει
342 896 489 962 γεμὴν
527 900 588 950 εὶς
626 896 849 961 ἀλήθειαν
891 897 966 945 καὶ
1005 896 1086 945 οὐκ
1125 898 1187 948 εἷς
1225 894 1420 961 μακρὰν,
1465 899 1542 945 καὶ
1584 898 1661 945 οὐκ

5 1000 67 1028 ,ιο
90 983 147 1032 εἰς
188 980 311 1030 κενόν·
363 977 679 1048 ψευδοεπήσει
729 976 822 1042 γὰρ
866 978 1079 1040 οὐδαμῶς
1127 977 1155 1041 ἡ
1206 976 1413 1041 ἀλήθεια·
1463 977 1572 1028 κείαν
1613 975 1660 1026 δὲ

87 1062 162 1111 καὶ
209 1060 405 1124 μάταιον
453 1062 536 1112 οὐκ
587 1058 644 1111 ἂν
694 1057 876 1124 γε’νοιτό
925 1082 968 1110 τι
1018 1063 1113 1110 τῶν
1160 1060 1268 1125 παρ’
1323 1059 1464 1123 αὐτῆς
1512 1066 1656 1109 λελα-
1682 1056 1707 1096 b

88 1145 317 1209 λημένων,

84 1403 190 1445 Ἐὰν
219 1405 443 1462 ὑστερήσῌ,
476 1404 705 1453 ὑπόμεινον
740 1403 884 1454 αὑτὸν,
913 1403 978 1445 ὅτι
1004 1403 1026 1446 ὀ
1054 1402 1284 1460 ἐρχόμενος
1317 1404 1408 1446 ἥξει
1437 1402 1504 1444 καὶ
1531 1403 1579 1444 οὐ
1606 1403 1662 1451 μή

157 1487 343 1546 χρονίσῌ.
397 1488 472 1529 ἐὰν
499 1487 816 1538 ὑποστείλκται,
841 1487 917 1528 οὐκ
944 1484 1112 1528 εὐδοκεῖ
1140 1487 1163 1527 ἡ
1190 1488 1301 1542 ψυχή
1340 1502 1419 1536 μου
1456 1487 1501 1527 ὲν
1540 1487 1662 1541 αὐτῷ·
1687 1493 1707 1526 4

24 1577 70 1616 ¹5
155 1573 179 1616 ὀ
207 1572 252 1613 δὲ
279 1572 442 1614 δίκαιος
468 1572 515 1613 ὲκ
541 1571 726 1614 Πίστεως
753 1572 935 1629 ζήσεται.

165 1718 350 1770 Οὐδένα
383 1721 555 1787 σαφῶς
581 1717 836 1781 ὀνομάσας,
862 1717 1085 1785 ὑπόμεινὸν
1109 1720 1261 1784 φησιν
1287 1715 1427 1778 αὐτὶν,
1452 1715 1669 1767 τουτέστι

91 1801 336 1866 προσδόκα
355 1802 430 1852 καὶ
450 1801 702 1864 μέλλοντα,
720 1801 796 1850 καὶ
816 1797 881 1863 μὴ
901 1798 1173 1865 σκάζουσαν
1192 1799 1260 1849 ἐπ’
1279 1799 1403 1867 αὐτῷ
1423 1797 1560 1865 δέχου
1582 1798 1668 1862 τὴν

92 1883 274 1945 ἐλπίδα,
301 1883 500 1944 βεβαίαν
526 1882 574 1933 δὲ
607 1886 797 1946 μᾶλλον
823 1883 897 1932 καὶ
924 1881 1269 1948 ἐρηρεισμένην,
1299 1878 1386 1930 κᾶν
1417 1883 1453 1930 εἰ
1487 1879 1667 1945 γένοιτό
1686 1900 1706 1926 C

93 1987 162 2018 τις
185 1963 361 2033 μεταξὺ
386 1963 556 2032 χρόνου
580 1963 860 2030 παράτασις.
901 1963 1014 2014 ἔοικε
1039 1963 1195 2014 τοίνυν
1222 1964 1247 2013 ὁ
1272 1966 1366 2013 τῶν
1393 1962 1519 2013 ὅλων
1546 1961 1668 2016 Θεὸς

28 2071 76 2097 20
94 2047 321 2114 ε’νηχῆσαι
358 2046 443 2110 μὲν
467 2050 533 2115 τῷ
561 2044 797 2114 Προφήτῃ
829 2044 948 2096 κατὰ
981 2043 1064 2096 τὸν
1098 2050 1208 2095 νοῦν
1243 2045 1317 2094 καὶ
1356 2043 1668 2111 ἀποκαλύψαι

94 2133 347 2191 μυστικῶς,
376 2130 437 2182 ὡς
475 2128 559 2197 ἥξει
599 2127 656 2191 δὴ
693 2127 878 2180 πάντως
911 2128 935 2177 ὁ
961 2125 1360 2192 προηγγελμὲνος·
1400 2124 1670 2193 προστάξαι

95 2209 244 2276 γεμὴν
282 2209 508 2278 ὑπομένειν
538 2210 678 2272 οιύτῖὶν,
715 2208 791 2259 διά
828 2232 899 2260 τοι
936 2207 1019 2259 τὸν
1057 2206 1233 2276 μεταξὺ
1273 2210 1355 2270 τῆς
1388 2206 1669 2270 μελλήσεως

96 2293 278 2361 χρόνον,
306 2290 513 2358 καθάπερ
551 2292 670 2357 ἔφην
705 2291 883 2357 ἀρτίως.
942 2294 979 2341 εἶ
1014 2289 1107 2356 γὰρ
1146 2290 1203 2351 δὴ
1237 2288 1417 2355 γένοιτό
1451 2311 1520 2341 τις
1554 2292 1666 2340 ὑπο-

97 2377 231 2436 στολῆ
268 2397 316 2426 τε
354 2375 429 2425 καὶ
468 2373 601 2427 ὄκνος
633 2378 715 2424 τοῦ
748 2373 1123 2434 πεπιστευκότος,
1160 2372 1242 2422 οὐκ
1280 2369 1338 2421 ἄν
1372 2368 1670 2439 efflando-cmpos,

147 2582 178 2606 2.
205 2570 388 2630 Προφῇτα]
407 2570 583 2618 προφήτης
601 2570 693 2606 Edd.
756 2571 846 2616 φησι
863 2582 932 2605 om.
952 2570 994 2604 B.
1422 2570 1455 2604 8.
1481 2569 1670 2616 ἀνοκωχὴν]

101 2619 159 2653 Sic
185 2619 328 2653 correxi.
353 2619 527 2664 ἀνακωχὴν
546 2619 587 2652 Β.
592 2618 638 2653 D.
662 2618 785 2663 ἀνοχὴν
803 2617 943 2663 (ἀνοχὴν
966 2617 1084 2660 Pont.)
1109 2616 1201 2651 Edd.
1267 2617 1320 2650 καὶ
1341 2618 1399 2661 Bp.
1425 2631 1460 2659 μ.
1486 2617 1591 2651 διῖππ.
1614 2632 1672 2662 χρ.

99 2677 171 2700 om.
190 2666 237 2699 D.
301 2665 471 2700 ἐκτελεσει
489 2665 581 2700 Edd.
1002 2676 1035 2709 9.
1061 2664 1097 2698 δε
1116 2676 1178 2708 pro
1194 2664 1299 2709 γεμὴν
1317 2664 1364 2698 Ι).
1429 2663 1526 2697 Haec
1543 2665 1595 2697 καὶ
1613 2665 1673 2698 οὐκ

100 2712 147 2748 εἷς
163 2712 291 2758 μακρὰν
308 2718 487 2757 assumpta
503 2724 543 2746 ex
563 2712 609 2746 D.
1011 2722 1064 2744 ΙΙ.
1090 2711 1142 2744 καὶ
1160 2722 1229 2744 0111.
1249 2710 1295 2744 D.
1367 2709 1444 2754 παρ’
1462 2711 1574 2746 αὐτοῖς
1591 2711 1672 2753 (Sic)

102 2758 194 2793 Edd.
269 2758 507 2803 λελαλημένων
525 2759 566 2793 Β.
584 2757 774 2804 λεγομενων
792 2757 838 2792 D.
854 2756 1071 2799 λαλουμενων
1089 2756 1180 2790 Edd.
1576 2768 1627 2801 13.
1655 2759 1673 2790 ὁ

101 2812 323 2850 assumptum
349 2818 390 2840 ex
419 2806 711 2852 B.D.(95,130,
740 2805 815 2848 185,
844 2804 939 2848 311.)
962 2804 996 2837 in
1023 2803 1083 2838 Es.
1113 2814 1176 2848 134
1202 2803 1237 2837 b.
1287 2803 1325 2837 οὐ
1349 2805 1477 2848 χρονιεῖ
1502 2804 1548 2838 D.
1574 2804 1672 2848 (42.)

104 2852 139 2885 S.
159 2851 238 2897 Cyr.
257 2853 280 2886 l.
298 2864 329 2886 c.
599 2863 650 2896 14.
677 2853 730 2886 καὶ
747 2852 804 2884 ἐὰν
821 2862 884 2895 pro
901 2850 958 2884 ἐὰν
978 2850 1017 2884 Β,
1315 2859 1367 2894 17.
1394 2850 1495 2895 δέχου
1514 2851 1560 2884 D.
1581 2851 1673 2885 Edd.

102 2899 142 2943 ἕχ
145 2913 160 2932 ε
181 2899 221 2932 Β.
710 2899 762 2933 18.
788 2912 837 2934 τις
852 2897 983 2942 γένοιτο
1001 2903 1033 2931 et
1049 2897 1171 2941 παρά-τ.
1189 2898 1314 2943 χρόνου
1332 2898 1468 2933 inverso
1485 2897 1605 2933 ordine
1625 2898 1672 2932 D.

106 2955 159 2990 23.
187 2945 385 2991 καθάπερ]’
370 2960 413 2981 ως
432 2946 477 2981 D.
