2001 3361
270 177 345 211 694

323 303 540 345 persecutus
577 302 634 332 est
674 299 749 332 303
771 309 815 342 e;
860 295 1027 344 peccavit

322 362 470 397 fortiter
491 363 567 396 304
585 372 626 405 a;
653 373 923 408 saepenumero
944 373 1028 407 cap-

322 432 382 461 tus
412 438 432 460 a
460 424 542 460 Deo
571 424 778 473 castigatur
809 428 885 462 304
907 437 950 470 c;
981 424 1027 460 ad

317 489 503 536 justitiam
552 495 589 525 et
636 489 830 525 caritatem
872 495 1029 525 vocatur

324 556 399 589 304
421 565 464 599 e;
496 558 533 588 et
552 552 641 595 ruri,
664 559 701 589 et
725 554 761 589 in
782 555 887 595 urbe,
911 554 1028 602 gemi—

321 624 427 653 turus
477 618 702 665 praedicitur
759 621 835 655 305
885 618 933 663 d;
992 618 1027 653 in

323 682 481 723 deserto,
499 682 618 728 gratis
638 695 659 718 a
679 682 761 718 Deo
783 689 1028 725 sustentatus,

323 748 397 783 308
421 746 456 790 d,
485 752 549 782 aut
576 747 689 788 nulla,
712 753 776 782 aut
802 754 935 794 sponte
963 760 1028 782 sua

322 810 503 846 sacrificia
541 811 721 847 offerebat
757 814 832 848 309
866 824 910 857 a;
950 812 1028 859 ipse

322 882 401 910 tum
429 875 547 911 erexit
571 876 851 912 tabernaculum
872 876 1029 912 Moloch

323 942 399 976 309
421 940 457 981 b,
480 946 516 976 et
536 940 695 976 vitulum
717 953 868 976 aureum
893 944 968 977 309
986 954 1026 985 c;

322 1011 359 1040 et
385 1010 487 1040 astra
513 1005 669 1047 colebat,
690 1010 728 1041 et
749 1006 915 1053 Aegypti
940 1006 1028 1042 deos

323 1072 399 1106 309
430 1069 474 1114 d3
510 1075 548 1104 et
575 1069 645 1105 alia
671 1069 856 1117 sculptilia
885 1072 960 1106 309
986 1083 1026 1116 e;

266 1168 270 1172 ,
321 1142 359 1169 et
388 1134 579 1181 Raephan,
610 1134 686 1170 sive
718 1134 1026 1176 tenebrationem,

322 1211 454 1245 nempe
490 1199 719 1246 spiritualem
754 1201 830 1235 310
863 1211 903 1244 c;
945 1199 1028 1235 ideo

321 1263 419 1298 ultra
435 1262 675 1304 Damascum,
691 1263 767 1299 sive
784 1263 1027 1312 Babylonem,

321 1328 449 1364 exulat
484 1330 559 1364 310
593 1340 634 1371 e;
679 1329 866 1375 patrizans
904 1341 1027 1376 repre-

321 1392 499 1427 henditur
543 1394 615 1427 311
652 1405 683 1434 a,
728 1392 881 1428 Sionem
925 1405 1025 1440 sper-

324 1469 415 1492 nens
444 1459 516 1492 311
542 1469 584 1501 c3
616 1457 891 1503 ingratissimus
915 1457 1025 1493 bene-

323 1521 492 1556 ficiorum
524 1521 592 1556 Dei
625 1523 699 1557 312
732 1534 775 1566 a;
812 1524 887 1557 313
918 1534 959 1566 c3
991 1528 1028 1557 et

326 1585 600 1621 benefactorem
632 1586 858 1622 contristans
885 1589 959 1622 312
983 1599 1026 1632 ες

324 1650 503 1685 terminos
537 1662 625 1685 suos
654 1650 783 1686 alienis
812 1663 1028 1698 comparare

319 1715 474 1762 jubetur
504 1716 578 1750 312
601 1714 647 1760 d;
681 1714 834 1750 Sionem
860 1721 1026 1751 contem-

325 1791 417 1815 nens
453 1782 529 1815 314
559 1780 603 1825 b;
646 1779 807 1815 Sabbata
838 1792 912 1815 non
944 1793 1026 1816 cus-

325 1844 485 1886 todiens,
524 1844 809 1891 reprehenditur
858 1847 936 1880 314
984 1858 1027 1891 e;

327 1911 402 1945 315
424 1921 467 1954 a3
497 1909 662 1944 luxuriae
686 1914 723 1944 et
747 1909 918 1945 licentiae
939 1922 1026 1945 con-

326 1973 446 2009 victus
475 1976 550 2009 315
573 1986 616 2019 e3
648 1973 865 2009 afflictiones
890 1975 1029 2021 patriae

326 2050 401 2073 non
443 2038 597 2074 curabat
639 2039 714 2074 316
754 2050 797 2083 c;
847 2051 1028 2086 equorum

325 2115 462 2150 pompa
517 2102 688 2151 gaudens
744 2102 1030 2150 reprehenditur

327 2170 403 2203 317
443 2180 487 2211 a;
537 2167 584 2202 ob
629 2167 840 2214 superbiam
888 2167 1030 2203 invisus

326 2232 408 2267 Deo
440 2234 514 2268 317
537 2232 584 2277 d;
615 2231 794 2279 equabus,
817 2244 837 2266 a
866 2232 1029 2267 maribus

326 2296 568 2344 fugientibus,
603 2302 838 2343 comparatus
879 2298 952 2332 321
984 2296 1027 2341 (ἲς

326 2361 449 2397 Deum
484 2360 521 2396 in
552 2360 716 2396 furorem
756 2360 835 2407 agit
872 2360 1028 2396 invitum

328 2428 401 2462 321
427 2425 471 2469 d;
503 2424 629 2460 robori
658 2437 727 2460 suo
747 2425 866 2460 fidens
889 2427 964 2461 322
987 2437 1028 2470 a;

325 2496 363 2526 et
376 2489 541 2537 glorians
557 2491 632 2526 322
648 2501 683 2534 c;
705 2489 882 2536 Aegypto
898 2489 1030 2534 fidens,

325 2555 371 2590 ab
408 2555 584 2602 Aegypto
628 2553 833 2602 castigatur
872 2556 946 2590 322
987 2567 1028 2599 e3

322 2619 463 2666 judicio
487 2619 591 2666 justo
623 2618 822 2654 damnatus
854 2619 901 2654 ob
933 2618 1028 2655 desi-

327 2683 438 2724 diam,
456 2689 493 2719 et
513 2682 692 2719 caecitate
714 2683 836 2718 cordis
856 2683 1029 2719 obtectus

328 2750 403 2783 328
443 2759 462 2783 c
493 2747 540 2792 d;
590 2747 690 2794 quod
727 2745 921 2783 Amasiam
961 2747 1029 2783 sibi

327 2811 482 2858 elegerit
540 2811 762 2859 prophetam
823 2811 1029 2859 captivitati

328 2875 485 2911 devotus
519 2878 593 2912 329
626 2876 673 2921 (13
718 2876 764 2912 ad
796 2876 906 2911 finem
940 2888 1026 2911 ven-

328 2944 432 2974 turus
470 2940 704 2986 praedicitur,
746 2942 816 2976 331
860 2953 907 2985 a3
957 2940 1025 2975 im-

803 174 1014 210 INDEX
1073 174 1316 210 RERUM.

1702 184 1855 208 ISRAEL.

1151 296 1300 343 pietatis
1334 296 1566 333 convincitur
1597 298 1671 332 332
1703 296 1740 336 b,
1775 307 1858 330 cru-

1152 360 1314 396 delitatis
1372 363 1447 397 332
1497 373 1529 402 c,
1592 358 1857 396 foenerationis

1153 427 1228 461 332
1265 425 1301 466 d,
1342 425 1504 473 neglecti
1543 424 1733 461 Sabbatici
1772 423 1858 459 anni

1154 491 1229 525 333
1247 502 1278 531 c,
1301 489 1442 525 fraudis
1463 489 1706 525 mercatoriae
1730 491 1804 524 333
1823 488 1857 532 d,

1152 554 1404 601 oppressionis
1424 566 1625 601 pauperum
1649 556 1724 589 333
1747 565 1788 598 e3
1810 552 1858 587 ob

1151 618 1430 653 multitudinem
1459 630 1599 653 oceano
1620 623 1858 664 comparatus

1154 685 1229 719 339
1244 683 1283 727 b3
1306 682 1495 718 Crucifixo
1512 682 1676 723 Christo,
1691 681 1856 717 Verbum

1152 747 1223 782 Dei
1250 747 1436 782 esuriebat
1467 749 1542 784 339
1569 758 1611 792 c;
1645 747 1712 781 sub
1739 746 1855 793 Lege,

1147 812 1314 860 justitiae
1345 824 1459 859 capax
1488 824 1564 847 non
1597 816 1678 847 erat
1708 813 1783 846 340
1809 810 1856 854 d;

1152 876 1288 912 defecit
1323 882 1480 911 vocante
1511 875 1675 916 Christo,
1708 876 1781 911 341
1812 887 1856 919 a;

1152 941 1386 976 nobilitatem
1421 952 1525 976 suam
1561 952 1708 988 semper
1738 939 1857 986 jacta-

1152 1005 1215 1041 bat
1247 1008 1321 1041 347
1352 1018 1384 1045 c,
1420 1010 1456 1040 et
1490 1011 1634 1052 patrem
1669 1003 1858 1040 Abraham

1154 1072 1228 1106 347
1252 1070 1286 1110 d,
1313 1069 1383 1105 etsi
1411 1081 1432 1104 a
1458 1069 1531 1104 fide
1551 1068 1723 1105 Abrahae
1750 1080 1857 1116 apos-

1151 1139 1246 1170 tates
1273 1137 1348 1170 347
1372 1146 1413 1179 e;
1446 1140 1544 1169 terra
1570 1133 1753 1181 promissa
1773 1132 1856 1180 glo-

1151 1200 1316 1235 riabatur
1347 1201 1420 1236 348
1448 1211 1492 1243 a;
1532 1198 1739 1246 Aethiopas
1768 1209 1856 1233 cou-

1151 1271 1323 1300 temnens
1362 1270 1398 1299 et
1438 1263 1666 1311 Cyrenaeos,
1706 1267 1859 1310 propter

1151 1335 1295 1376 patrem
1315 1327 1436 1364 Jacob
1457 1341 1531 1363 non
1560 1327 1739 1363 radicitus
1759 1325 1857 1362 evel-

1151 1393 1238 1429 litur
1266 1395 1339 1429 348
1372 1393 1395 1428 b
1416 1405 1460 1438 e;
1492 1405 1557 1440 per
1576 1392 1688 1428 fidem
1717 1389 1857 1427 Christi

1151 1464 1327 1505 acceptus
1360 1460 1435 1493 349
1472 1470 1516 1502 a3
1553 1456 1748 1504 Prophetis
1782 1468 1858 1490 non

1151 1522 1325 1558 credebat
1355 1525 1430 1558 349
1456 1534 1496 1567 c3
1533 1534 1600 1557 sua
1626 1521 1752 1568 ipsius,
1781 1532 1856 1555 non

1152 1586 1234 1628 Dei,
1265 1587 1374 1634 eulpa
1402 1587 1512 1634 periit
1543 1589 1619 1622 404
1644 1598 1689 1631 a;
1721 1587 1854 1629 418a;

1152 1652 1310 1687 traditur
1330 1651 1495 1699 Assyriis
1520 1663 1595 1686 una
1619 1663 1702 1686 cuin
1726 1649 1856 1685 vicinis

1153 1719 1228 1753 404
1250 1729 1293 1761 c;
1328 1728 1438 1751 verus
1459 1722 1527 1760 est,
1549 1728 1624 1751 non
1646 1714 1707 1762 qui
1728 1726 1854 1750 semen

1152 1781 1337 1822 Abrahae,
1378 1780 1443 1815 sed
1481 1780 1544 1827 qui
1582 1779 1694 1815 fidem
1742 1778 1856 1814 habet

1153 1847 1227 1881 408
1243 1858 1282 1889 a3
1307 1847 1382 1881 436
1398 1857 1439 1889 a;
1469 1845 1505 1879 in
1531 1843 1697 1879 Ecclesia
1712 1843 1858 1891 lachry-

1152 1922 1252 1946 mare
1267 1922 1341 1945 non
1355 1909 1559 1957 permissus
1569 1911 1644 1945 408
1654 1921 1689 1954 e;
1711 1908 1758 1944 ad
1771 1920 1858 1944 con-

1151 1974 1374 2016 versionem,
1392 1986 1467 2009 non
1485 1974 1628 2015 fletum,
1646 1986 1667 2009 a
1682 1972 1859 2009 Michaea

1153 2045 1307 2075 vocatur
1337 2041 1412 2075 408
1443 2050 1486 2083 e;
1517 2037 1752 2074 confessione
1779 2036 1859 2072 sola

1152 2110 1305 2152 peccata
1343 2115 1410 2138 sua
1440 2116 1515 2138 non
1554 2107 1679 2150 potest
1709 2101 1857 2138 abolere

1154 2171 1230 2205 409
1247 2169 1293 2213 b;
1323 2167 1569 2203 simulationis
1585 2166 1857 2202 condemnatus

1154 2235 1229 2269 409
1259 2233 1302 2277 d3
1336 2232 1416 2279 paci
1444 2244 1532 2268 suae
1556 2231 1704 2267 hostilis
1733 2230 1857 2266 dictus

1154 2300 1230 2334 409
1247 2309 1266 2332 e
1283 2309 1290 2342 ;
1319 2310 1340 2332 a
1360 2297 1466 2344 Rege
1488 2296 1658 2331 Roboam
1679 2294 1857 2331 seductus

1154 2365 1230 2398 410
1263 2374 1305 2407 a;
1346 2362 1435 2397 item
1469 2373 1490 2396 a
1527 2359 1756 2408 principibus
1789 2358 1856 2395 Sa-

1153 2427 1290 2462 mariae
1315 2428 1391 2462 410
1421 2438 1461 2471 e;
1495 2425 1575 2472 ipsa
1605 2437 1668 2472 spe
1692 2424 1857 2471 privatus

1154 2494 1227 2527 411
1253 2503 1300 2537 a3
1330 2490 1367 2525 in
1399 2495 1546 2526 montes
1572 2488 1773 2524 Armeniae
1794 2499 1857 2522 ex-

1154 2557 1254 2593 ulare
1270 2557 1397 2604 jussus
1416 2557 1492 2591 412
1510 2555 1532 2590 b
1548 2566 1558 2600 3
1590 2552 1855 2601 metaphorice,

1153 2621 1200 2657 ad
1250 2619 1454 2668 Apostolos
1507 2618 1683 2654 accedere
1729 2618 1856 2664 jussus

1154 2685 1230 2721 412
1252 2696 1271 2719 c
1287 2696 1334 2729 e3
1365 2695 1431 2730 per
1452 2681 1725 2718 immunditiam
1751 2693 1855 2716 suam

1152 2749 1260 2797 periit
1305 2750 1380 2784 413
1421 2760 1467 2789 a3
1517 2759 1584 2794 per
1620 2744 1853 2791 Pseudopro-

1152 2813 1284 2861 phetas
1317 2812 1483 2860 perditus
1514 2813 1589 2846 413
1620 2821 1661 2854 e;
1701 2821 1747 2844 ex
1783 2821 1855 2844 una
1898 2832 1901 2836 <

1152 2876 1250 2913 stilla
1286 2875 1427 2923 peccati
1472 2874 1617 2922 penitus
1656 2879 1854 2921 corruptus

1155 2943 1228 2976 414
1260 2953 1300 2981 c;
1333 2952 1439 2975 suum
1469 2938 1536 2974 sibi
1568 2937 1719 2974 exitium
1749 2950 1853 2986 para-
