2001 3361
272 182 346 217 732

324 316 410 339 nam
445 305 626 352 gerebant
664 307 733 340 141
771 305 819 349 b;
868 305 1032 353 perfecta
1064 306 1066 337 1

324 368 532 404 futurorum
567 369 711 410 notitia,
747 371 850 417 quasi
884 370 1031 418 fulgure

323 432 521 468 illuminati
546 435 619 470 163
637 434 676 479 d;
699 435 808 470 verba
827 435 944 482 plebis
963 434 1033 470 Di-

324 497 418 532 vinis
440 497 671 535 intertexunt
689 501 761 535 163
776 512 817 545 e;
846 500 891 535 de
912 499 1034 535 reditu

324 561 554 598 Judaeorum
584 563 691 600 multi
725 566 798 601 165
820 577 863 609 a;
899 564 944 600 ab
972 576 1035 600 ore

324 627 393 662 Dei
432 627 546 663 solius
583 629 831 676 loquebantur
874 632 946 665 175
981 629 1032 675 b;

324 691 522 728 adulterini
561 694 710 740 quidam
755 696 827 731 175
862 707 910 740 ος
960 707 1033 742 quo

326 757 480 792 consilio
503 758 684 804 quaedam
708 759 954 807 aenigmatice
978 759 1030 795 lo-

326 826 486 868 quantur
519 824 592 859 199
621 823 665 869 d;
709 827 785 860 253
807 824 852 870 b3
888 827 964 862 803
990 837 1030 870 e;

325 899 346 922 a
366 887 652 934 particularibus
680 889 725 925 ad
746 890 917 926 universa
946 902 1030 938 pro-

325 951 457 987 cedere
485 953 606 989 solent
634 955 709 990 223
728 967 768 999 e;
804 955 840 990 in
867 955 1033 991 Ecclesia

324 1016 441 1057 multi,
464 1017 565 1053 Pauli
592 1023 760 1066 tempore
782 1021 857 1056 227
875 1033 917 1062 c;
949 1025 1033 1068 post

325 1080 431 1128 regni
448 1082 666 1119 divisionem
684 1084 890 1120 extiterunt
905 1087 980 1122 232
996 1097 1031 1127 c;

326 1146 388 1192 qui
420 1152 518 1188 antc,
550 1148 612 1195 qui
642 1156 739 1196 post,
768 1148 1032 1197 Captivitatem

326 1211 402 1247 232
421 1211 465 1255 d;
497 1224 517 1247 a
539 1212 622 1249 Deo
643 1214 805 1250 revelata
826 1227 899 1250 non
921 1214 1033 1250 modo

326 1276 466 1318 audire,
492 1278 557 1313 sed
578 1278 689 1314 etiam
711 1279 836 1315 videre
858 1280 1034 1315 dicuntur

328 1341 403 1377 240
432 1354 474 1382 c;
518 1345 593 1379 248
623 1356 663 1386 a;
709 1347 779 1380 341
806 1345 850 1385 b:
887 1347 962 1381 498
993 1357 1032 1390 c;

325 1405 525 1453 aliquando
573 1408 820 1456 aenigmatica
867 1410 1034 1445 oratione

326 1471 542 1515 utebantur,
602 1479 703 1508 metu
766 1475 1034 1521 persecutionis

327 1536 511 1583 compulsi
552 1539 627 1573 253
664 1538 716 1579 b:
770 1540 975 1587 contempti
1015 1552 1034 1575 a

326 1600 492 1643 Judaeis‚
530 1602 698 1649 quamvis
741 1604 927 1652 colloquio
966 1605 1032 1640 Dei

327 1665 430 1713 digni
458 1666 692 1703 habebantur
714 1669 789 1704 272
812 1682 831 1704 c
847 1669 892 1714 dg
929 1669 1035 1705 silere

322 1730 418 1778 jussi
447 1733 522 1768 273
541 1732 586 1773 d;
624 1735 700 1769 275
718 1746 760 1775 c;
798 1736 873 1769 276
891 1746 932 1778 a;
969 1746 1035 1782 pro

328 1795 476 1832 Sanctis
514 1796 688 1838 habendi,
729 1805 858 1846 utpote
897 1812 917 1834 a
951 1798 1035 1835 Deo

328 1859 468 1896 Sancto
500 1862 601 1897 missi
633 1865 709 1898 276
730 1876 774 1908 c;
811 1863 880 1899 Dci
912 1863 1034 1910 Ipsius

328 1938 525 1972 personam
552 1927 734 1974 gerebant
756 1930 832 1963 276
851 1928 894 1971 d;
927 1928 1033 1963 mini-

328 1995 450 2026 rantes
480 1990 614 2038 impiis,
645 1992 826 2028 leunculis
855 1992 1035 2041 rugienti-

329 2055 399 2090 bus
429 2067 540 2103 super
566 2057 742 2104 praedam
773 2062 1036 2104 comparantur

330 2122 405 2155 277
424 2133 445 2156 a
461 2120 484 2155 d
500 2133 509 2165 3
544 2121 645 2157 tubis
665 2121 806 2157 bellicis
831 2121 1035 2169 comparati

329 2187 403 2221 278
422 2197 462 2230 c;
493 2185 725 2222 voluntatem
747 2187 814 2222 Dei
834 2186 1034 2222 revelatam

328 2250 396 2285 sibi
440 2250 653 2286 habuerunt
692 2253 768 2287 279
805 2264 856 2296 03
904 2251 1034 2287 medici

328 2314 479 2361 publici,
514 2315 559 2350 ab
591 2315 730 2351 Israele
764 2316 981 2364 contempti,
1016 2329 1036 2351 a

329 2378 411 2414 Deo
438 2379 580 2415 defensi
608 2382 684 2416 279
706 2380 788 2422 de;
820 2393 904 2416 cum
932 2393 1037 2428 prae-

328 2443 554 2480 dictionibus
581 2445 777 2486 malornm,
800 2458 884 2492 spes
905 2445 1032 2481 melio-

329 2520 387 2544 res
412 2509 570 2545 miscent
596 2511 672 2546 284
691 2522 735 2555 ος
772 2522 817 2545 ex
842 2510 922 2557 ipsa
941 2509 1032 2546 cari-

328 2578 418 2613 tate,
441 2585 567 2609 severe
594 2574 798 2622 objurgant
819 2576 895 2611 297
913 2587 958 2620 a3
990 2587 1035 2610 ex

330 2650 489 2685 persona
515 2651 582 2674 sua
610 2639 820 2686 loquentes,
848 2640 972 2676 Deum
1000 2640 1035 2674 in

331 2714 369 2737 se
398 2702 613 2750 loquentem
644 2703 782 2740 habent
813 2706 889 2740 297
910 2704 961 2750 b3
999 2704 1034 2739 in

332 2767 448 2814 portis
468 2768 739 2815 praedicantes,
757 2781 776 2804 a
796 2769 935 2816 populo
951 2781 1037 2805 con-

332 2832 463 2878 tempti
503 2834 575 2868 301
619 2845 671 2873 c;
726 2832 830 2868 navis
868 2833 1038 2881 publicae

333 2895 604 2941 gubernatores
629 2899 703 2933 301
734 2909 775 2942 e;
810 2897 907 2933 mala
932 2909 1036 2945 prae-

334 2958 511 3000 dicentes,
532 2973 608 2996 non
632 2961 761 2997 crediti
787 2963 864 2998 306
886 2974 929 3007 a;
965 2961 1036 2998 hoc

803 184 1016 220 INDEX
1075 184 1321 220 RERUM.

1613 196 1860 220 PROPHETAE.

1157 318 1293 341 munus
1327 306 1478 346 habent,
1506 306 1553 341 ad
1583 305 1780 341 sanitatem
1809 305 1863 340 in-

1157 383 1269 407 sanos
1300 383 1475 407 revocare
1508 373 1583 407 327
1606 383 1651 415 a3
1685 369 1780 411 falsi,
1811 369 1864 404 in-

1158 435 1363 484 dignantur
1392 435 1490 471 veris
1523 437 1598 471 327
1630 435 1682 479 bg
1727 447 1772 470 ex
1802 446 1866 469 ara

1158 501 1334 537 vivebant
1362 503 1437 538 328
1460 513 1505 546 e3
1546 499 1629 541 Dei,
1651 512 1726 535 non
1750 498 1864 546 loqui,

1159 578 1234 601 non
1272 571 1477 614 potuerunt
1516 566 1591 602 329
1622 577 1666 610 e,
1713 567 1788 600 330
1820 576 1864 605 a;

1160 631 1336 679 mysteria
1369 630 1518 673 Divina,
1550 629 1670 677 primo
1704 628 1863 669 occulte,

1159 696 1292 732 deinde
1321 695 1486 744 apertius
1512 699 1686 731 enarrant
1714 696 1789 730 335
1818 706 1864 739 e;

1159 760 1338 796 defecturi
1381 759 1558 796 Israelitis
1601 759 1865 807 praedicuntur

1159 828 1235 862 340
1267 838 1286 860 a
1302 838 1310 871 ;
1349 825 1547 862 consilium
1576 824 1717 860 habent
1745 823 1873 859 deter--

1157 903 1238 926 rere
1291 891 1419 935 malos,
1468 891 1591 938 justos
1642 887 1866 936 persuadere

1160 958 1235 992 345
1257 968 1276 991 e
1295 971 1302 997 ;
1335 958 1411 992 390
1433 968 1479 999 a3
1510 954 1629 990 multa
1653 953 1865 994 audiebant,

1159 1034 1180 1056 a
1218 1020 1300 1056 Deo
1343 1021 1454 1062 dicta,
1495 1020 1614 1055 multa
1655 1018 1700 1054 ad
1740 1017 1865 1054 Deum

1159 1085 1347 1124 dicebant,
1367 1090 1514 1133 praeter
1541 1097 1583 1120 ea
1611 1095 1703 1131 quae
1728 1082 1867 1132 scripta

1159 1156 1245 1186 sunt
1268 1153 1342 1187 382
1365 1150 1409 1195 b;
1441 1150 1506 1186 sed
1530 1149 1722 1185 verissima
1742 1147 1866 1183 omnia

1161 1218 1236 1252 382
1263 1228 1306 1259 c;
1347 1228 1477 1251 omnes
1507 1213 1738 1262 propositum
1767 1212 1864 1248 idem

1160 1280 1359 1323 habebant,
1386 1280 1561 1315 Israelem
1588 1279 1634 1314 ad
1661 1278 1781 1314 Deum
1808 1289 1866 1312 re-

1159 1358 1293 1381 vocare
1329 1348 1404 1382 390
1436 1358 1483 1386 a;
1528 1357 1603 1379 non
1637 1342 1867 1390 tautologiae

1161 1410 1331 1458 culpandi
1381 1412 1453 1446 391
1493 1422 1541 1453 a;
1600 1420 1730 1444 omnes
1768 1407 1867 1443 idem

1161 1475 1300 1510 habent
1356 1479 1633 1522 argumentum,
1689 1471 1867 1508 terribilia

1161 1539 1315 1575 Domini
1351 1541 1424 1575 391
1458 1539 1503 1583 b;
1548 1551 1607 1574 res
1636 1542 1721 1585 post
1750 1537 1867 1572 multa

1161 1605 1307 1641 saecula
1349 1604 1491 1639 futuras
1540 1609 1716 1650 tanquam
1761 1614 1866 1648 prae-

1160 1674 1284 1705 sentes
1299 1668 1525 1716 praevidisse
1541 1667 1715 1703 videntur
1732 1668 1808 1702 415
1823 1678 1842 1702 c
1858 1679 1865 1710 ;

1159 1733 1495 1781 pseudoprophetis
1542 1738 1579 1768 et
1627 1731 1782 1767 veritate
1830 1736 1867 1766 et

1160 1798 1371 1834 constantia
1409 1797 1619 1846 superiores
1658 1798 1735 1832 420
1765 1796 1788 1831 d
1818 1808 1865 1841 e3

1160 1864 1240 1899 aliis
1260 1863 1338 1899 aliis
1360 1862 1590 1910 temporibus
1614 1861 1744 1897 eadem
1764 1872 1868 1908 prae-

1162 1928 1335 1964 dicabant
1376 1929 1449 1964 421
1487 1940 1539 1972 c3

1160 1993 1436 2040 praedicabant,
1480 1991 1699 2039 praesertim
1746 1989 1868 2037 impiis

1162 2059 1235 2094 421
1272 2057 1315 2098 d:
1359 2070 1379 2092 a
1412 2056 1727 2105 praedictionibus
1760 2054 1868 2090 bonis

1161 2123 1208 2158 ad
1227 2123 1353 2158 tristes
1371 2120 1498 2169 rapide
1515 2126 1763 2163 transeuntes,
1781 2132 1867 2155 cum

1588 1926 1688 1962 omni
1727 1925 1867 1961 mundo

1161 2187 1402 2223 distinctione
1436 2192 1648 2233 temporum
1683 2185 1865 2232 interpre-

1160 2252 1263 2289 tandi
1285 2254 1362 2288 433
1384 2264 1429 2295 ος
1464 2251 1621 2298 quisque
1651 2262 1754 2286 suam
1785 2261 1867 2297 par-

1160 2323 1236 2353 tem
1253 2316 1381 2352 Divini
1402 2315 1544 2352 consilii
1560 2315 1716 2363 gerebat
1732 2317 1809 2350 474
1823 2325 1865 2358 a;

1160 2388 1224 2418 aut
1252 2393 1317 2429 per
1344 2386 1518 2425 terrores,
1540 2385 1577 2416 et
1603 2392 1687 2427 spes
1707 2379 1866 2422 futuras,

1160 2452 1223 2482 aut
1255 2458 1319 2493 per
1350 2457 1409 2482 res
1443 2450 1529 2480 ante
1559 2449 1685 2492 gestas
1718 2449 1756 2480 et
1784 2455 1866 2492 pre-

1161 2518 1296 2552 sentes,
1325 2510 1371 2546 ad
1395 2509 1664 2557 poenitentiam
1685 2509 1868 2545 vocabant

1161 2578 1237 2611 474
1254 2575 1277 2611 b
1294 2588 1302 2620 ;
1334 2574 1503 2611 tristibus
1529 2573 1738 2610 accendunt
1761 2573 1867 2621 igna-

1160 2653 1240 2682 vos,
1266 2639 1446 2675 hilaribus
1472 2638 1713 2674 consolantur
1739 2638 1867 2684 despe-

1160 2710 1286 2740 rantes
1318 2706 1394 2740 467
1426 2716 1470 2749 a;
1518 2703 1679 2739 nubibus
1715 2713 1864 2748 compa-

1161 2769 1242 2810 rati,
1275 2768 1379 2817 quasi
1412 2768 1490 2804 Soli
1521 2767 1795 2807 antecedentes,
1829 2772 1867 2801 et

1163 2833 1322 2870 Sanctos
1359 2833 1558 2881 irrigantes
1592 2832 1669 2867 480
1704 2841 1748 2876 a;
1790 2843 1866 2866 non

1161 2910 1228 2946 per
1265 2910 1304 2934 se
1338 2898 1451 2945 ipsos,
1483 2896 1547 2933 sed
1584 2907 1650 2942 per
1684 2894 1866 2942 Spiritum

1162 2961 1356 3004 Sanctum,
1398 2960 1661 3009 praedicebant
1703 2961 1779 2995 517
1814 2971 1863 3005 a;
