2007 3387
93 371 202 411 Supra

94 414 156 453 632
176 425 203 446 c.

99 1017 185 1048 Hel).
203 1016 248 1047 iii.

97 1071 129 1099 5,
146 1059 174 1091 6.

316 171 400 210 318
716 172 766 211 Β.
810 170 1079 210 CYRILLI
1120 169 1502 210 ALEXANDR.
1717 168 1887 221 iii.5-7.

315 279 671 347 παρεδεξάμεθα
701 277 782 329 τὸν
805 279 993 343 Ἰησοῦν
1025 278 1107 330 τὸν
1132 282 1252 344 ἱερεα
1286 277 1368 329 τὸν
1398 279 1560 343 με’γαν·
1599 277 1773 328 τέθειτο
1800 276 1892 342 γὰρ

318 365 381 415 εἷς
418 367 555 411 τοῦτο
591 363 666 411 καὶ
699 361 901 427 Ἀαρών”
937 363 984 412 ἐν
1018 363 1199 429 ἀρχαῖς·
1240 360 1369 425 πλὴν
1399 360 1446 411 ε”ν
1481 383 1535 425 γε
1569 365 1663 413 τοῖς
1700 381 1889 425 προκει-

369 444 381 460 J
574 441 586 456 x
695 443 704 457 2
742 442 755 457 x
843 447 852 461 ‚
893 446 912 455 a
1025 444 1035 460 ι
1272 443 1285 457 x
1410 449 1428 457 ,-
1454 444 1463 458 ³
1629 442 1639 458 x
1737 440 1747 457 t
1832 441 1843 456 t

271 458 299 498 d
317 466 470 506 μενοις
503 466 619 507 προς
651 466 792 493 αυτον
817 447 1031 508 ειρησθαι
1063 448 1218 512 φαμεν
1241 466 1322 494 τον
1348 466 1429 493 του
1470 445 1670 493 Ιωσεδεκ
1695 465 1749 492 το
1775 437 1894 492 Τάδε

314 525 437 590 λέγει
469 525 614 593 Κύριος
645 525 955 594 παντοκράτωρ
980 524 1084 576 Ἐάν
1124 527 1160 577 ἐν
1198 529 1299 579 ταῖς
1340 522 1448 580 ὁδοῖς
1479 550 1564 593 μου
1594 524 1773 599 πορεύσῃ
1816 530 1893 575 καὶ

316 609 352 658 ἐν
378 610 467 661 τοῖς
495 607 826 675 προστάγμασί
851 632 936 675 μου
970 607 1203 681 φυλάσσῃ,
1231 614 1306 659 καὶ
1345 606 1397 658 ffb
1434 605 1659 676 ὃιακρινεῖς
1689 608 1756 658 τὶν
1785 605 1894 658 οἶκόν
1914 626 1936 665 5

315 714 414 756 μου,
454 692 528 740 καὶ
567 688 626 739 τὰ
661 690 840 743 τούτοις
878 690 1097 754 ἑπόμενα.
1166 691 1220 741 οὐ
1251 690 1345 757 γὰρ
1380 689 1437 740 ἂν
1471 689 1623 755 εἴρητο
1649 688 1708 740 τὰ
1742 688 1895 740 τοιάδε

316 775 531 841 Χριστῷ·
574 770 712 826 αὐτὸς
749 772 841 838 γάρ
876 774 1006 823 ἐστιν
1039 773 1066 836 ἡ
1103 772 1222 834 ὁδὸς,
1252 772 1389 826 αὐτὸς
1415 771 1474 822 τὰ
1505 772 1790 834 δικαιώματα
1813 776 1895 822 τοῦ

317 857 442 904 Θεοῦ
469 856 542 904 καὶ
571 854 773 920 Πατρὸς,
801 854 939 909 αὐτὸς
975 852 1147 925 διέκρινε
1177 856 1243 907 τὸν
1276 855 1384 906 οἷκον
1411 857 1565 917 αὐτοῦ,
1593 852 1897 924 κατεξουσιά-

317 936 407 1003 ζων
430 938 492 991 ὡς
517 936 623 990 υἱός.

385 1017 487 1070 ςΗν
512 1020 597 1084 μὲν
623 1019 715 1086 γὰρ
750 1021 775 1071 ὁ
800 1021 1055 1075 θεσπέσιος
1083 1028 1109 1050 “
1127 1023 1343 1084 Μωυσῆς
1377 1019 1548 1075 πιστὸς
1583 1022 1644 1074 ὡς
1682 1019 1898 1086 θεράπων

320 1109 347 1131 ιι
391 1103 400 1117 ’

378 1125 425 1152 εν
464 1101 562 1172 ὅλῳ
601 1106 667 1172 τῷ
702 1103 810 1173 οἴκῳ
844 1108 928 1154 τοῦ
966 1106 1108 1155 Θεοῦ·
1150 1103 1362 1169 Χριστὸς
1398 1102 1446 1153 δὲ
1478 1105 1539 1156 ὡς
1579 1102 1672 1156 υἱὸς
1711 1104 1784 1153 ἐπὶ
1816 1101 1899 1153 τὸν

401 1183 420 1191 r*

280 1191 347 1230 e“
375 1190 500 1235 οἷκον
538 1186 696 1236 αὐτοῦ·
738 1186 791 1236 οῦ
826 1183 949 1240 οἶκός
986 1188 1129 1248 ἐσμεν
1165 1186 1335 1249 ἡμεῖς.”
1399 1186 1563 1236 οὐκοῦν
1589 1184 1792 1251 εἰρήσθω
1815 1184 1899 1248 μὲν

320 1265 380 1317 τὰ
409 1266 561 1318 τοιάδε
599 1266 718 1334 πρὸς
755 1267 838 1319 τὸν
871 1268 1102 1331 Ἰωσεδὲκ,
1142 1267 1260 1334 πρὸς
1299 1267 1352 1319 δέ
1384 1291 1438 1333 γε
1476 1267 1692 1332 Χριστὸν
1731 1268 1894 1318 οὐκέτι.

321 1349 639 1415 ἐπηγγέλλετο
681 1350 729 1401 δὲ
773 1348 893 1404 Θεὸς
930 1355 988 1418 τῇ
1035 1350 1154 1402 κατὰ
1199 1350 1341 1413 νόμον
1381 1351 1610 1418 ἱερωσύνῃ
1650 1349 1900 1415 κρατήσειν

322 1431 388 1482 ε”τι
427 1434 501 1482 καὶ
538 1430 657 1495 μετά
690 1455 744 1498 γε
778 1433 884 1486 τοῦς
922 1436 1004 1497 τῆς
1041 1434 1370 1501 αἰχμαλωσίας
1406 1432 1605 1498 καιροὺς,
1640 1430 1764 1483 ὥστε
1794 1431 1900 1486 τοὺς

322 1514 636 1580 ἱερατεύοντας
673 1515 921 1583 κατάρχειν
955 1521 1036 1566 τοῦ
1069 1515 1282 1581 Ἰσραὴλ,
1319 1518 1394 1566 καὶ
1431 1514 1516 1578 τὴν
1555 1516 1694 1580 ἁγίαν
1732 1516 1900 1566 διέπειν

321 1596 516 1661 σκηνήν.
584 1596 737 1661 ἐπειδὴ
770 1596 864 1663 γὰρ
895 1597 1155 1662 συμβάσης
1195 1601 1276 1661 τῆς
1318 1599 1661 1665 αἰχμαλωσίας,
1694 1600 1769 1648 καὶ
1806 1602 1901 1648 τῶν

323 1678 468 1744 ἁγίων
496 1678 909 1746 ἐμπεπρησμένων,
937 1682 1010 1730 καὶ
1045 1681 1212 1734 θυσίας
1243 1681 1391 1731 οὐκέτι
1418 1680 1899 1746 προσκεκομισμένης,

322 1758 469 1830 ᾤοντό
503 1785 620 1815 τινες
653 1761 771 1828 πρὸς
803 1763 1071 1829 ἀνατροπὴν
1098 1763 1377 1830 οἰχήσεσθαι
1401 1767 1643 1815 παντελῶς
1668 1761 1728 1813 τὰ
1756 1767 1901 1814 Μωυ-

101 1852 187 1887 676
205 1851 252 1885 Α-
286 1861 307 1885 a
325 1843 460 1902 σε’ως,
489 1846 564 1895 καὶ
590 1844 910 1910 άπρακτήσειν
945 1846 1009 1896 ἔτι
1039 1846 1121 1896 τὸν
1148 1844 1303 1909 νόμον,
1331 1846 1479 1896 καίτοι
1503 1845 1644 1909 μήπω
1670 1843 1901 1910 παρόντος

323 1932 406 1977 τοῦ
430 1933 602 1992 καιροῦ,
630 1928 737 1978 καθ’
767 1926 820 1978 ὃν
847 1929 1203 1979 ἀναδείκνυσθαι
1233 1930 1373 1995 ἐχρῆν
1407 1927 1794 1993 ἐνηνθρωπηκότα
1820 1926 1902 1979 τὸν

326 2012 593 2074 Μονογενῆ,
620 2010 836 2077 ταύτῃτοι
865 2010 985 2064 Θεὸς
1009 2012 1272 2062 ἀναπείθων
1297 2010 1366 2061 ὅτι
1392 2015 1487 2063 τοῖς
1514 2011 1721 2078 ἀρχαίοις
1748 2011 1903 2062 ε”θεσιν

325 2093 619 2143 ὑποκείσεται
659 2092 806 2144 πάλιν
853 2093 878 2142 ὁ
922 2093 1138 2158 Ἰσραὴλ,
1179 2095 1254 2144 καὶ
1302 2092 1392 2144 ὑπὸ
1436 2097 1569 2160 χεῖρα
1606 2091 1774 2162 πράξει
1817 2091 1904 2157 τὴν

326 2175 493 2240 ἱερέων,
536 2174 657 2226 καθὰ
695 2178 770 2226 καὶ
800 2175 892 2241 πρὸ
928 2179 1010 2240 τῆς
1049 2176 1392 2243 αἰχμαλωσίας,
1436 2177 1697 2241 ἀναγκαίως
1739 2177 1902 2244 φησὶν,

324 2259 386 2311 ὡς
424 2261 461 2308 εὶ
498 2258 677 2324 γένοιτο
719 2258 915 2325 γνήσιος
954 2258 1239 2327 νομοφύλαξ
1279 2259 1303 2308 ὁ
1342 2259 1541 2356 Ἰησρῦς,
1580 2256 1718 2311 αὐτὸς
1755 2256 1902 2309 πάλιν

325 2337 533 2411 &conparet
570 2366 637 2392 τον
678 2350 789 2393 οἰκον
830 2342 986 2404 αὐτοῦ,
1032 2343 1107 2392 καὶ
1145 2343 1191 2391 ἐν
1230 2339 1346 2409 δόξῃ
1386 2340 1587 2390 κείσεται
1625 2343 1682 2407 τῇ
1724 2339 1902 2408 πρώτῃ,

325 2423 820 2490 συλλειτουργούντων
854 2425 979 2493 αὐτῷ
1012 2425 1086 2474 καὶ
1123 2423 1268 2489 ἁγίων
1307 2422 1540 2488 ἀγγελων.
1609 2422 1662 2472 οὐ
1694 2420 1787 2488 γάρ
1811 2444 1903 2473 που

283 2513 309 2554 b
328 2504 496 2575 φαμὲν,
524 2508 585 2559 ὡς
618 2505 785 2572 ἔρημος
816 2504 873 2570 ἧν
903 2505 1141 2569 δυνάμεων
1173 2508 1378 2571 λογικῶν
1404 2505 1429 2555 ὁ
1453 2503 1604 2556 πάλαι
1642 2502 1796 2568 νόμος.
1865 2507 1904 2554 εὶ

374 2713 408 2747 3.
434 2704 494 2736 τοῦ
511 2709 732 2747 assumptum
750 2715 790 2737 ex
811 2702 852 2737 C.
1104 2717 1137 2747 4.
1163 2702 1314 2749 πορεύσῃ
1335 2702 1426 2737 C.D.
1446 2702 1505 2747 (ut
1522 2702 1567 2747 36
1584 2702 1649 2747 al.)
1666 2701 1792 2747 πορεύῃ
1810 2702 1903 2738 Edd.

331 2758 361 2793 7.
387 2749 429 2783 τὰ
446 2750 649 2790 δικαιώματα
667 2750 708 2784 C.
727 2751 764 2783 τὸ
782 2750 944 2793 δικαίωμα
962 2750 1053 2785 Edd.
1424 2761 1476 2783 10.
1502 2750 1545 2784 ὡς
1562 2756 1782 2793 assumptum
1800 2761 1842 2784 ex
1860 2749 1902 2785 C.

332 2806 385 2840 13.
411 2796 452 2829 τὰ
476 2811 506 2830 τ.
532 2797 616 2840 πρὸς
640 2797 698 2831 τὸν
720 2795 877 2831 Ἰωσεδὲκ
902 2797 968 2832 hoc
993 2797 1115 2832 ordine
1141 2797 1181 2831 C.
1207 2798 1292 2841 πρὸς
1316 2797 1375 2830 τὸν
1398 2799 1458 2830 τοῦ
1474 2795 1512 2830 Ἰ.
1532 2798 1571 2829 τὰ
1596 2796 1707 2830 τοιάδε
1726 2796 1816 2831 Edd.
1843 2799 1903 2831 τοῦ

326 2854 396 2875 om.
416 2842 503 2877 B.C.
969 2856 1021 2887 14.
1040 2847 1079 2889 τῇ
1099 2859 1128 2879 κ.
1147 2859 1175 2879 ν.
1193 2842 1356 2889 ἱερωσύνῃ
1376 2843 1417 2878 C.
1435 2843 1495 2886 τὴν
1512 2857 1541 2876 κ.
1560 2858 1588 2877 ν.
1607 2843 1791 2888 ἱερωσύνην
1809 2843 1900 2878 Edd.

331 2898 385 2932 17.
411 2889 535 2932 σκηνὴν
554 2889 594 2923 C.
613 2891 714 2924 πόλιν
730 2888 857 2936 ἐκείνην
875 2891 965 2926 Edd.
1315 2901 1367 2936 19.
1393 2891 1565 2925 παντελῶς
1584 2889 1624 2924 C.
1643 2892 1790 2934 παντελῆ
1810 2890 1901 2925 Edd.

329 2945 384 2968 20.
410 2936 458 2968 ἕτι
475 2943 696 2981 assumptum
713 2949 754 2971 ex
774 2937 814 2972 C.
1040 2949 1096 2973 21.
1121 2938 1187 2996 χρὴ
1169 2937 1246 2982 η.Ο
1470 2947 1525 2981 23.
1551 2936 1590 2981 τὴ
1594 2951 1610 2970 ν
1629 2936 1708 2972 C.b.
1726 2941 1792 2972 τῶν
1811 2937 1901 2973 Edd.

330 2990 385 3025 ²5·
412 2983 429 3014 ὁ
447 2993 516 3016 om.
534 2982 567 3017 b.
585 2983 715 3018 habent
733 2984 823 3019 C.D.
1016 2986 1070 3020 28
1095 2987 1195 3029 νόμος
1213 2984 1253 3019 C.
1259 2984 1305 3018 D
1326 2983 1416 3019 Edd.
1435 2984 1513 3019 ναὸς
1528 2982 1563 3018 b.

1920 1044 1968 1070 10

1923 1873 1971 1898 20
