2053 3382
306 201 389 241 552
704 204 751 242 B.
797 202 1075 243 CYRILLI
1118 204 1498 245 ALEXANDR.
1738 204 1762 242 i.
1791 215 1826 251 2,
1852 216 1888 256 3.

308 312 438 374 ὑμᾶς,
475 312 574 375 ἤτοι
611 311 694 374 τὴν
727 312 899 379 χώραν,
936 312 993 376 ὴν
1029 314 1338 382 κατῳκήκατε.
1393 314 1548 363 ἱστεόν
1576 314 1623 364 δὲ
1661 314 1729 364 ὅτι
1766 317 1887 379 διερ-

306 392 548 456 μηνεύεται
590 391 673 454 μὲν
708 393 858 444 Ἡσαῦ
902 399 1044 460 Δρῦς·
1098 393 1310 460 σκληρὸς
1348 393 1393 446 δὲ
1433 398 1508 445 καὶ
1547 394 1777 459 ἀκαμπὴς,
1817 398 1889 445 καὶ

306 479 401 527 τοῖς
435 476 484 524 ἐκ
519 474 655 540 δρυὸς
690 474 852 542 ξύλοις
887 477 1030 542 ὀλίγα
1068 481 1366 544 παραχωρῶν
1399 478 1423 527 ὁ
1455 478 1633 540 Ἡσαῦ,
1670 479 1886 539 ἀπεμπο-

86 571 164 605 821
182 569 230 603 A.
266 578 288 602 a
307 555 464 618 λήσας
490 554 538 606 δὲ
566 557 641 606 καὶ
666 556 724 607 τὰ
749 558 1044 622 πρωτοτόκια
1069 558 1297 624 βρώσεως
1323 559 1452 609 ἕνεκα
1477 563 1596 621 μιᾶς,
1618 558 1889 622 ὠνόμασται

84 655 185 685 Ezek.
306 636 362 701 δὴ
412 639 488 688 καὶ
531 637 707 701 Ἐδὼμ,
763 639 787 689 ὅ
837 641 939 690 ἐστι
991 639 1163 705 γήϊνος.
1237 640 1455 708 ταύτῃτοι
1506 645 1581 691 καὶ
1625 642 1890 703 Ἰδουμαίαν

83 706 243 737 xxxv'15'
305 719 571 783 κεκλῆσθαί
605 725 728 789 φησι
767 720 820 771 τὸ
855 721 1051 787 γράμμα
1086 722 1139 773 τὸ
1179 721 1317 787 ἱερὸν,
1356 727 1449 772 τῶν
1481 723 1537 791 ἐξ
1559 723 1724 773 Ἡσαῦ
1755 745 1890 789 γεγο-

304 799 453 852 νότων
490 801 577 866 τὴν
614 802 788 869 χώραν,
827 802 884 867 ἢν
923 804 1236 871 ἐχειρώσαντο
1276 803 1394 854 κατὰ
1439 804 1621 870 καιροὺς
1659 804 1888 863 Ἰουδαῖοι,

304 882 484 944 ἄβατόν
528 907 576 934 τε
628 886 702 934 καὶ
754 885 969 949 ἀοίκητον
1013 885 1261 954 ἀπέφηναν
1304 891 1562 939 παντελῶς.
1629 888 1703 937 καὶ
1745 887 1794 936 τί
1833 885 1891 937 ἂν

303 964 529 1025 βούλοιτο
569 967 745 1029 δηλοῦν
779 972 874 1021 τοῖς
914 967 971 1036 ἐξ
1000 966 1201 1033 Ἰσραὴλ
1241 970 1323 1030 τῆς
1361 969 1650 1065 προφητείας
1689 969 1713 1018 ὁ
1753 973 1888 1028 νοῦς;

304 1048 447 1097 ἐκεῖνο
492 1045 623 1111 οἶμαί
670 1071 776 1099 που.
851 1048 934 1100 τὸν
978 1048 1063 1113 μὲν
1100 1073 1200 1147 γαρ
1239 1048 1413 1110 Ἰακῶβ
1458 1052 1709 1160 ἀγαπῆσαί
1749 1056 1887 1118 φησι,

82 1138 166 1169 Gen.
305 1151 380 1179 και
415 1130 501 1196 οὐχ
537 1152 732 1227 crepon„
728 1153 811 1181 του
845 1153 996 1198 χαριν,
1032 1129 1060 1196 ὴ
1098 1130 1167 1181 ὅτι
1201 1154 1392 1197 γεγονεν
1423 1131 1540 1197 ανὴρ
1575 1132 1887 1194 “ο’ίπλαστος,

82 1193 158 1212 XXV.
176 1191 191 1212 2
219 1206 225 1213 ι

199 1190 214 1221 ⁷
259 1215 496 1264 1)“οἷκῶν
542 1212 717 1262 οὶκίαν·
792 1235 1097 1276 μεμισηκεναι
1142 1212 1188 1263 δὲ
1239 1236 1320 1263 τον
1364 1214 1541 1276 Ησαῦ,
1587 1215 1750 1280 γε’γονε
1796 1237 1890 1279 γαρ

84 1311 170 1342 Heb.
186 1311 242 1342 xii.
304 1291 464 1358 γήῖνός
502 1316 552 1343 τε
591 1295 665 1343 καὶ
699 1295 981 1358 “βε’βηλος”
1016 1294 1135 1345 κατὰ
1173 1294 1257 1358 τὴν
1296 1300 1378 1345 τοῦ
1422 1296 1650 1362 μακαρίου
1691 1296 1890 1346 Παύλου

88 1355 135 1386 ¹6.
305 1374 485 1442 φωνήν.
544 1374 601 1439 ἧν
640 1376 721 1426 οὖν
760 1378 1013 1442 ἀναγκαῖον
1052 1377 1215 1427 εἰδέναι
1254 1375 1361 1430 τοὺς
1398 1376 1664 1439 Ἰουδαίους,
1707 1380 1769 1431 ὡς
1807 1378 1890 1427 οὐκ

305 1454 363 1506 ἂν
402 1456 581 1521 συνέβη
627 1462 793 1508 παθεῖν
838 1458 1004 1512 αὐτοὺς
1047 1458 1132 1522 τὴν
1178 1458 1414 1524 ἐρήμωσιν
1459 1461 1532 1509 καὶ
1585 1459 1671 1522 τὴν
1715 1460 1764 1509 ἐκ
1808 1461 1889 1522 τῆς

305 1537 585 1603 ἐνεγκούσης
629 1543 690 1592 εὶς
736 1540 1046 1608 ἀλλοφύλους
1092 1540 1378 1607 ἀποδρομὴν,
1424 1545 1460 1591 εἱ
1505 1541 1763 1603 μεμίμηντο
1808 1540 1890 1591 τὸν

304 1619 493 1680 Ἰακώβ.
563 1620 718 1685 ἐπειδὴ
763 1620 810 1671 δὲ
861 1622 1063 1688 ζηλωταὶ
1114 1625 1187 1673 καὶ
1237 1622 1489 1688 ὁμότροποι
1532 1621 1758 1687 γεγόνασι
1807 1627 1890 1672 τοῦ

304 1701 482 1764 Ἡσαῦ,
519 1703 594 1752 καὶ
633 1704 715 1765 τῆς
754 1703 924 1754 ἐκείνου
962 1703 1241 1768 σκαιότητος
1281 1704 1425 1758 ἰόντες
1460 1705 1557 1755 κατ’
1587 1704 1713 1771 ἰ’χνος
1750 1727 1883 1755 κατε-

306 1787 553 1851 φωρῶντο,
585 1783 754 1835 λοιπὸν
780 1785 988 1835 δέδονται
1015 1790 1108 1838 τοῖς
1136 1788 1329 1852 ἐχθροῖς.

381 1868 440 1915 Εἰ
481 1863 530 1915 δὲ
571 1864 626 1928 δή
663 1888 732 1919 τις
770 1865 995 1927 βούλοιτο
1033 1868 1108 1916 καὶ
1150 1865 1465 1930 πνευματικὴν
1505 1871 1600 1920 τοῖς
1640 1867 1889 1933 εἰρημένοις

266 1972 286 1997 c
305 1946 575 2014 ἐφαρμόσαι
602 1946 687 2012 τὴν
714 1948 922 2014 θεωρίαν,
951 1949 1226 1999 διανοείσθω
1255 1952 1439 2016 σαφῶς,
1468 1950 1529 2002 ὡς
1556 1950 1580 1998 ὁ
1607 1948 1690 2011 μὲν
1717 1947 1890 2011 'lotulfi

306 2030 645 2096 διερμηνεύεται
698 2030 1008 2096 Πτερνιστής·
1078 2030 1224 2085 τύπος
1275 2032 1313 2082 δ’
1360 2030 1416 2081 ἂν
1465 2031 1531 2095 ε’ίη
1582 2032 1756 2086 παντὸς
1807 2038 1889 2083 τοῦ

304 2112 625 2178 πτερνίζοντος
662 2113 907 2178 ἁμαρτίαν.
968 2111 1118 2164 εΗσοιῦ
1150 2113 1210 2176 δὲ,
1245 2116 1306 2167 ὡς
1341 2113 1473 2181 ἔφην,
1506 2118 1635 2178 Δρῦς
1672 2115 1746 2164 καὶ
1783 2113 1889 2177 με’ν-

304 2216 375 2244 τοι
422 2197 459 2244 Γ
463 2194 588 2257 ήϊνος
633 2195 658 2244 ὁ
699 2193 874 2258 Ἐδώμ·
931 2194 1076 2248 τύπος
1122 2196 1159 2244 δ’
1203 2193 1261 2245 ἂν
1304 2195 1371 2258 εἵη
1418 2197 1490 2246 καὶ
1537 2195 1670 2248 οὗτος
1714 2195 1889 2250 παντὸς

305 2282 388 2326 τοῦ
439 2275 561 2339 μόνα
611 2280 898 2344 φρονοῦντος
941 2276 1001 2328 τὰ
1044 2278 1117 2328 ἐπὶ
1164 2280 1246 2340 τῆς
1291 2280 1390 2342 γῆς.
1457 2279 1621 2346 ἀγαπᾷ
1666 2278 1819 2328 τοίνυν
1863 2279 1887 2328 ὁ

306 2356 428 2411 Θεὸς
467 2357 549 2408 τὸν
590 2357 875 2424 πτερνιστὴν
914 2357 1103 2421 Ἰακὼβ,
1148 2360 1378 2423 μεμίσηκε
1417 2359 1464 2409 δὲ
1503 2358 1584 2410 τὸν
1618 2358 1767 2410 ‘Ha-om]
1806 2358 1888 2410 τὸν

305 2440 498 2503 ἀκαμπῆ
538 2441 613 2490 καὶ
654 2439 889 2506 σκληρὸν,
931 2441 1033 2505 ἤτοι
1070 2439 1153 2491 τὸν
1189 2438 1371 2503 Ἐδῶμ,
1417 2442 1631 2492 τουτέστι
1675 2440 1757 2491 τὸν
1792 2446 1887 2494 τοῖς

305 2520 481 2586 γηίνοις
530 2520 926 2586 προσνενευκότα,
973 2521 1049 2573 καὶ
1094 2526 1189 2572 τῶν
1231 2527 1550 2585 πνευματικῶν
1593 2525 1785 2588 ἀγαθῶν
1827 2522 1887 2573 τὰ

304 2601 574 2668 πρόσκαιροί
598 2626 647 2653 τε
678 2605 752 2653 καὶ
779 2603 1087 2667 ἀπολλύμενα
1116 2603 1383 2671 φληνάφως
1409 2604 1740 2672 ἀνθῃρημένον.
1792 2608 1887 2654 τῶν

1910 657 1931 692 5

1914 1070 1961 1095 10

1915 1479 1959 1516 15

1911 1888 1959 1913 20

260 2689 285 2730 d
306 2685 426 2735 οὕτω
462 2684 548 2750 ζῆν
583 2683 812 2736 εἰωθότων
846 2686 1038 2753 ἀφανιεῖ
1069 2683 1152 2736 τὸν
1186 2687 1363 2752 κλῆρον
1400 2686 1425 2735 ὁ
1462 2685 1714 2753 φιλᾶρετος
1754 2685 1886 2748 ἡμῶν
1907 2707 1956 2741 30

357 2830 385 2852 1.
411 2817 500 2864 ἤτοι]
520 2821 623 2864 ἤγουν
640 2818 733 2854 Edd,
794 2820 1006 2865 ἑρμηνεύεται
1025 2821 1085 2855 lid.
1411 2819 1525 2854 Ἡσαῦ
1542 2825 1763 2864 assumptum
1782 2831 1823 2853 ex
1844 2819 1885 2854 B.

304 2875 337 2907 3.
364 2865 493 2910 ὀλίγοις
511 2866 569 2899 iid.
589 2866 707 2910 ὀλίγον
725 2868 873 2901 colrexit
892 2867 1026 2911 Migne.
1091 2866 1345 2910 ἀπεμπωλὴσας
1364 2866 1454 2900 Edd.
1644 2879 1677 2908 4.
1703 2866 1810 2900 ἕνεκεν
1827 2865 1885 2900 iid.

310 2921 321 2943 1
333 2922 361 2944 1.
387 2926 446 2945 του
463 2915 687 2957 assumptum
705 2924 745 2946 ex
766 2913 808 2947 B.
1129 2914 1180 2948 16.
1208 2912 1271 2958 εἷς]
1290 2915 1376 2958 πρὸς
1392 2928 1469 2948 τους
1486 2912 1544 2947 iid.
1606 2912 1807 2957 ἐμεμιμηντο
1824 2911 1885 2946 ild.

310 2964 362 2998 17.
386 2956 462 3002 τοῦ]
483 2960 528 3003 τῷ
547 2959 608 2993 ild.
708 2970 763 2993 22.
789 2959 1001 3004 ἑρμηνεύεται
1019 2960 1077 2994 lid.
1177 2971 1231 3005 23.
1257 2960 1418 3004 ἁμαρτίας
1435 2958 1494 2993 lid.
1593 2968 1741 3004 29-553.
1766 2970 1794 2993 1.
1820 2961 1886 2992 τῶν

305 2993 524 3039 οὖτω-Θεός
542 3016 611 3038 0111.
