2053 3382
252 780 280 821 d

82 1444 234 1474 S..10an.
268 1454 289 1480 e

84 1488 138 1518 vii.
160 1488 211 1527 38.

87 1690 137 1720 Ib.
159 1698 210 1730 39.

96 2269 184 2302 802
202 2267 250 2301 A.
279 2278 299 2302 a

290 172 374 212 522
681 171 729 209 Β.
775 167 1057 209 CYRILLI
1111 167 1495 208 ALEXANDR.
1669 168 1752 208 xiv.
1779 168 1818 219 8,
1841 182 1879 222 9.

292 281 340 331 ἐν
367 279 501 331 αἱῶνί
533 283 656 347 φημι
689 281 755 346 τῷ
789 277 1030 341 μέλλοντι.
1065 278 1183 356 ινυνὶ
1220 275 1303 339 μὲν
1329 275 1421 342 γὰρ
1457 275 1533 327 διὰ
1568 277 1772 330 πίστεως
1803 279 1885 340 τῆς

294 366 356 416 εἰς
382 360 598 427 Χριστὸν
626 362 687 413 ὡς
722 361 770 411 ἐν
796 361 1070 427 άῤῥαβῶνος
1097 359 1227 427 τάξει
1255 358 1340 422 τὴν
1366 357 1586 425 ἀπαρχὴν
1613 364 1694 409 τοῦ
1719 358 1888 422 ‘Ayc'ov

298 443 574 505 Πνεύματος
608 440 1018 505 πεπλουτήκαμεν·
1062 440 1180 503 μετὰ
1213 440 1271 491 δέ
1296 463 1350 506 γε
1378 440 1463 504 τὴν
1492 441 1542 491 ἐκ
1577 444 1751 506 νεκρῶν
1777 441 1889 490 ἀνα-

294 526 480 585 βίωσιν,
508 524 800 593 ἀνῃρημένης
827 527 888 577 εἷς
915 524 1042 574 ἅπαν
1062 526 1144 585 τῆς
1171 523 1413 588 ἁμαρτίας,
1438 523 1520 573 οὐκ
1548 523 1596 572 ἐν
1616 523 1890 589 ἀῤῥαβῶνος

295 606 360 656 ε”τι
405 605 536 674 τάξει
582 629 630 656 τε
675 608 750 657 καὶ
793 605 949 675 μέτρῳ
991 604 1045 655 τὸ
1089 609 1212 655 θεῖον
1254 606 1300 655 ἐν
1347 605 1456 668 ἡμῖν
1496 604 1630 655 ἔσται
1678 608 1886 666 Πνεῦμα·
1911 621 1932 658 5

295 689 540 742 πλουσίως
586 687 634 739 δὲ
679 690 753 738 καὶ
799 689 1109 755 ἀμφιλαφῶς,
1156 689 1217 740 ὡς
1260 686 1394 752 ἔφην,
1445 688 1521 737 καὶ
1572 686 1660 750 ἤδη
1704 684 1892 737 τελείως

298 775 394 824 τοῖς
433 769 509 821 διὰ
547 774 767 836 Χριστοῦ
805 770 1103 836 χαρίσμασιν
1142 768 1513 836 ἐντρυφήσομεν.
1576 765 1681 837 ὕδωρ
1720 765 1776 826 δὴ
1812 766 1894 816 οῦν

300 852 378 923 ζῶν
414 851 626 918 ὀνομάζει
665 850 718 903 τὸ
761 855 972 914 Πνεῦμα,
1013 850 1037 901 ὃ
1078 854 1152 901 καὶ
1190 852 1238 900 ἐκ
1274 853 1356 914 τῆς
1396 852 1574 901 ἄνωθεν
1606 847 1895 916 εΙερονσὊιλῖηιι

300 935 623 1005 ἐξελεύσεσθαί
657 940 823 1002 φησιν.
887 933 1043 997 ἐπειδὴ
1083 933 1177 998 γὰρ
1217 937 1446 983 κατοικεῖν
1484 935 1531 984 ἐν
1566 933 1776 998 οὐρανοῖς
1814 929 1897 981 τὸν

299 1021 395 1068 τῶν
440 1017 568 1068 ὅλων
616 1016 742 1067 Θεὸν
786 1016 813 1079 ἡ
860 1014 1171 1068 θεόπνευστος
1221 1015 1312 1083 ἔφη
1358 1014 1538 1084 γραφὴ,
1587 1019 1623 1065 εὶ
1674 1013 1755 1064 καί
1795 1015 1897 1063 ε’στι

302 1105 548 1166 πανταχοῦ
586 1102 660 1150 καὶ
699 1097 983 1164 πεπλήρωκε
1019 1096 1077 1148 τὰ
1112 1096 1287 1159 πάντα,
1324 1096 1547 1165 ταύτῃτοί
1579 1100 1703 1165 φησι
1738 1098 1811 1146 καὶ
1847 1094 1904 1163 ἐξ

303 1182 503 1247 οὐρανοῦ
529 1182 583 1232 τὸ
610 1180 837 1248 ζωοποιὸν
863 1179 1203 1249 ἐξελεύσεσθαι
1234 1183 1275 1230 Π
1285 1185 1444 1241 νεῦμα.

370 1262 486 1314 ΓὈτι
526 1263 574 1315 δὲ
615 1264 755 1314 ὕδασι
789 1261 1082 1327 παρεικάζειν
1118 1262 1222 1315 ε”θος
1257 1267 1352 1314 τοῖς
1392 1264 1527 1327 ἱεροῖς
1561 1260 1812 1327 γράμμασι
1847 1258 1901 1310 τὸ

307 1349 506 1409 Πνεῦμα
532 1345 586 1396 τὸ
621 1349 758 1408 θεῖον,
787 1345 926 1399 αὐτὸς
958 1343 1254 1396 πιστώσεται
1291 1344 1446 1409 λέγων
1474 1345 1498 1393 ὁ
1525 1343 1693 1394 τούτου
1720 1340 1899 1406 Δοτὴρ,

306 1427 551 1478 τουτέστιν
597 1429 622 1478 ὁ
664 1426 779 1480 Υἱός
826 1428 929 1477 “‘O
976 1427 1213 1477 πιστέυων
1259 1429 1320 1478 εἰς
1365 1424 1456 1488 ἐμὲ,
1508 1424 1662 1478 καθὼς
1707 1421 1831 1475 εἶπεν
1875 1422 1902 1485 ἡ

310 1516 337 1538 “
363 1509 542 1577 γραφὴ,
582 1511 785 1573 ποταμοὶ
825 1510 874 1559 ἐκ
912 1511 996 1572 τῆς
1035 1509 1215 1562 κοιλίας
1257 1508 1399 1558 αὐτοῦ
1443 1506 1698 1574 ῥεύσουσιν
1738 1507 1905 1559 ὕδατος

311 1598 338 1620 “
365 1589 581 1656 schroc?
642 1595 717 1641 καὶ
763 1597 901 1641 τοῦτο
948 1589 1258 1656 διερμηνεύων
1294 1591 1318 1639 ὁ
1365 1589 1617 1642 θεσπέσιος
1659 1589 1905 1652 εὐαγγελι-

309 1672 428 1736 στὴς
465 1675 539 1724 καὶ
576 1673 807 1726 καθιστὰς
843 1672 1031 1738 ἐναργές
1061 1679 1087 1701 “
1105 1675 1261 1723 Τοῦτο
1297 1670 1343 1721 δὲ
1379 1669 1490 1733 εἶπε,
1517 1672 1653 1738 φησὶ,
1685 1673 1790 1736 περὶ
1821 1676 1904 1721 τοῦ

311 1762 337 1784 “
366 1755 657 1818 Πνεύματος,
711 1755 764 1805 οὗ
820 1755 1024 1816 ε”μελλον
1074 1753 1336 1816 λαμβάνειν
1386 1757 1427 1803 οἱ
1482 1752 1782 1805 πιστεύοντες
1843 1755 1905 1805 εἷς

313 1844 339 1866 “
366 1836 555 1888 αὐτόν.”
633 1836 789 1900 ἐπειδὴ
835 1835 928 1902 γὰρ
973 1835 1026 1886 τὸ
1076 1833 1272 1898 Πνεῦμα
1323 1836 1425 1884 ἐστι
1477 1834 1719 1899 ζωοποιὸν,
1775 1835 1906 1884 ὕδατι

311 1920 531 1986 ταύτῃτοι
583 1923 676 1970 τῶν
722 1917 960 1982 σωμάτων
1003 1916 1214 1985 ζωοποιῴ
1264 1915 1598 1983 παρεικάζῖεται,
1649 1918 1724 1967 καὶ
1775 1915 1907 1979 μάλα

313 2001 478 2068 ὀρθῶς.

381 2082 497 2133 “Orc
542 2082 589 2133 δὲ
635 2087 732 2135 τοῖς
776 2085 858 2146 τῆς
902 2081 1037 2146 ἁγίας
1089 2081 1362 2150 ἠξιωμένοις
1413 2082 1528 2147 ζωῆς
1575 2081 1909 2145 παρακείσεται

315 2163 561 2218 πλουσίως
595 2163 649 2215 τὸ
683 2167 851 2231 χρῆναι
885 2168 1171 2229 μεταλαχεῖν
1200 2165 1283 2225 τῆς
1317 2168 1400 2213 τοῦ
1429 2164 1597 2227 ‘Aylov
1636 2162 1911 2225 Πνεύματος

317 2248 556 2312 χορηγίας,
595 2247 669 2296 καὶ
709 2245 873 2310 οἷάπερ
910 2243 1091 2295 ὑδάτων
1126 2246 1436 2311 ἐμφορεῖσθαι
1475 2245 1725 2311 ζωοποιῶν,
1766 2245 1911 2307 ὑπεμ-

319 2327 472 2395 φαίνει
510 2327 678 2393 λέγων,
706 2327 776 2378 ὅτι
808 2332 890 2377 τοῦ
919 2328 1085 2380 ὕδατος
1117 2331 1200 2376 τοῦ
1234 2326 1630 2391 προσδοκωμένου
1661 2325 1778 2377 κατὰ
1814 2349 1912 2375 και-

317 2407 426 2474 ροὺς
451 2410 496 2478 ἐξ
520 2408 811 2478 Ἰερουσαλὴμ
841 2407 1172 2477 ἐξελεύσεσθαι,
1199 2408 1243 2458 τί)
1270 2407 1355 2469 μὲν
1383 2410 1516 2475 ἥμισυ
1542 2410 1767 2468 βαδιεῖται
1794 2405 1913 2471 πρὸς

319 2491 388 2551 τὴν
415 2491 657 2542 θάλασσαν
685 2491 752 2550 τὴν
780 2491 957 2560 πρωτην,
985 2490 1030 2540 το
1068 2490 1115 2540 δὲ
1151 2491 1284 2556 ἥμισυ
1318 2490 1434 2554 πρὸς
1472 2489 1540 2548 τὴν
1574 2490 1814 2540 θάλασσαν
1845 2487 1913 2547 τὴν

370 2662 403 2695 3.
429 2665 468 2696 γε
486 2650 523 2684 δέ
542 2651 681 2685 inverso
699 2649 820 2684 ordine
841 2650 882 2684 C.
1054 2649 1086 2682 6.
1114 2646 1192 2692 ἤδη]
1215 2648 1284 2691 εἴδη
1304 2648 1393 2693 (sic)
1413 2649 1454 2683 C.
1621 2649 1653 2681 8.
1680 2648 1806 2681 ι’ίνωθεν
1826 2647 1914 2682 13.C.

322 2698 389 2731 ι’ίνω
408 2697 500 2731 Edd.
684 2709 716 2742 9.
744 2696 990 2739 ἐξελεύσεσθαι
1010 2696 1096 2730 B.C.
1115 2694 1332 2738 ἐξελεύσεται
1353 2695 1443 2729 Edd.
1631 2705 1682 2728 10.
1708 2694 1726 2737 ἡ
1745 2694 1777 2728 θ.
1796 2695 1914 2739 γραφὴ

322 2745 381 2778 τὸν
399 2758 429 2777 τ.
449 2743 478 2777 ὅ.
498 2744 564 2788 ἔφη
585 2744 672 2777 Θεὸν
689 2744 828 2777 inverso
847 2742 968 2777 ordine
988 2743 1027 2776 C.
1179 2752 1230 2775 12.
1258 2741 1475 2784 ἐξελεύσεται
1494 2740 1585 2775 Edd.
1733 2751 1786 2785 13.
1813 2741 1914 2775 ὕδασι

324 2790 454 2824 habent
474 2790 503 2823 C
521 2790 631 2834 prima
649 2802 768 2824 manu.
789 2790 835 2824 D.
854 2790 1013 2835 quamvis
1033 2788 1126 2823 ὕδατι
1145 2788 1242 2833 prius
1262 2788 1441 2832 scripsisse
1461 2788 1597 2822 videtur
1612 2786 1652 2821 C.
1754 2796 1808 2832 17.
1834 2789 1914 2830 ζῶν-

324 2851 381 2871 τος
400 2836 440 2870 C.
459 2837 543 2879 ζωῆς
562 2835 653 2870 Edd.
967 2847 1018 2880 19.
1046 2837 1196 2879 ἤμελλον
1215 2834 1294 2868 C-b.
1601 2844 1656 2867 20.
1683 2835 1854 2876 ζωοποιῶν
1873 2834 1914 2869 C.

326 2894 381 2916 21.
408 2882 580 2927 ταύτῃτοι]
607 2887 642 2922 -4-
664 2885 710 2928 τῷ
731 2882 770 2916 C.
1170 2892 1224 2925 23.
1254 2879 1429 2926 ἠξιωμένοι
1449 2879 1541 2914 Edd.
1606 2881 1847 2924 παρακείσεται
1868 2881 1914 2914 D.

324 2930 556 2972 παρεικάζεται
577 2930 615 2963 C.
634 2929 870 2974 παρατέθειται
891 2928 982 2962 Edd.
1365 2938 1418 2970 24.
1445 2928 1564 2971 χρῆναι
1585 2926 1671 2961 B.C.
1689 2929 1802 2972 χρῆμα
1821 2927 1915 2962 Edd-

328 2976 381 3007 28.
409 2975 467 3017 τὴν
486 2976 636 3018 primum
656 2982 877 3020 assumptum
897 2988 937 3008 ex
957 2975 997 3008 C.

1923 1037 1969 1062 10

1929 1858 1977 1882 20

1934 2267 1981 2303 25
