1997 3361
27 631 48 668 5

5 1219 50 1243 10

5 1626 49 1664 15

67 179 124 218 iii.
151 192 211 234 ¹3-
442 180 511 219 ΙΝ
560 179 978 220 SOPIIONIAM.
1042 180 1189 220 TOM.
1224 179 1283 219 ΙΙ.
1560 180 1641 218 233

69 288 364 353 δικαιοσύνης
397 289 570 358 ἔφεσις,
597 290 912 354 άπομαθοῦσά
943 313 989 340 τε
1023 289 1222 355 γλώσ-σοι
1249 288 1302 339 τὸ
1339 286 1642 351 εἷκαιόμυθον,

69 372 144 420 καὶ
180 371 351 435 ἥκιστα
383 371 467 435 μὲν
501 372 810 439 ἁμαρτοεπὴς,
836 372 951 439 ὀρθὴ
984 373 1030 422 δὲ
1069 376 1258 436 μᾶλλον
1297 373 1372 421 καὶ
1410 371 1643 436 άτρεκείας

68 451 268 518 ἐργάτις,
305 456 399 505 ἐκεῖ
433 478 524 506 που
563 454 750 508 πάντως
787 454 986 521 λαμπρὰ
1024 457 1097 504 καὶ
1137 453 1398 518 τελεωτάτη
1437 452 1643 521 πέφηνεν

69 534 225 600 ἀρετή.
292 537 461 602 πρέποι
496 538 536 587 δ’
567 535 623 587 ἂν
657 538 684 601 ἡ
723 537 873 588 τοιάδε
912 542 1006 589 τοῖς
1045 539 1092 587 ἐν
1131 540 1344 605 Χριστῷ·
1385 535 1454 586 ὅτι
1492 533 1556 599 μὴ
1596 535 1642 584 ἐν

68 615 195 686 νόμῳ
220 621 302 681 τῆς
327 621 567 682 εὐσεβείας
598 622 759 686 ὁρᾶται
790 619 843 670 τὸ
878 618 1069 681 κάλλος,
1097 618 1422 685 ἀπαστράπτει
1448 617 1495 668 δὲ
1521 621 1642 680 μᾶλ-

67 705 155 750 λον
182 702 243 754 ὡς
271 702 319 751 ἐν
344 701 531 765 δυνάμει
556 703 841 755 παιδεύσεως
867 703 1183 767 εὐαγγελικῆς.

67 908 186 951 Διότι
223 911 343 952 αὐτοὶ
381 912 636 960 νεμήσονται
676 912 742 952 καὶ
782 912 1149 961 κοιταοθέισονται,
1177 910 1244 951 καὶ
1283 910 1358 950 οὐκ
1384 910 1502 951 ἔσται
1528 909 1550 951 ὁ
1577 909 1646 949 ὲκ-

136 994 284 1048 φοβὼν
311 995 477 1036 αὐτούς.

145 1111 306 1163 Πάλαι
340 1115 424 1176 μὲν
466 1114 559 1181 γὰρ
596 1115 677 1168 τὰς
719 1118 812 1165 τῶν
850 1114 1086 1164 Ἰουδαίων
1125 1112 1296 1178 ἀγέλας
1335 1113 1646 1173 διεποίμαινον

69 1195 277 1260 ἀδρανῶς
301 1200 342 1247 οἱ
368 1202 653 1263 γραμματεῖς
691 1219 739 1246 τε
774 1199 848 1246 καὶ
877 1200 1141 1260 Φαρισαῖοι.
1205 1193 1432 1261 τετάχατο
1470 1193 1562 1260 γὰρ
1598 1196 1647 1244 ἐκ

70 1277 212 1340 νόμου
250 1283 559 1344 καθηγεῖσθαι
603 1283 751 1340 λαῶν,
796 1278 871 1328 διά
910 1301 981 1328 τοι
1023 1277 1077 1328 τὸ
1118 1279 1395 1339 τετιμῆσθαι
1434 1281 1528 1330 τοῖς
1565 1279 1647 1339 τῆς

70 1360 321 1426 ἱερωσύνης
371 1361 654 1427 πρεσβείοις.
723 1361 888 1411 οὔκουν
936 1358 1061 1424 ἦσαν
1111 1358 1196 1422 μὲν
1248 1357 1374 1423 ἦσαν
1421 1359 1645 1422 ποιμένες,

68 1446 298 1507 μισθωτοὶ
337 1442 386 1495 δὲ
424 1443 560 1507 ὅμως,
599 1444 674 1494 καὶ
712 1441 808 1494 οἷον
845 1442 1112 1509 ἀλλοτρίοις
1151 1440 1461 1511 ἐφεστηκότες
1500 1440 1644 1507 θρέμ-

68 1548 228 1589 μασιν,
255 1526 480 1592 ἐθεώρουν
514 1525 597 1577 τὸν
632 1525 777 1577 λύκον
811 1523 1074 1593 ἐρχόμενον,
1102 1526 1176 1575 καὶ
1214 1525 1420 1592 ἠφίεσαν
1444 1523 1503 1575 τὰ
1533 1523 1647 1589 πρό-

68 1613 206 1671 βατα,
233 1609 352 1659 κατὰ
389 1608 475 1674 τὴν
510 1614 591 1659 τοῦ
627 1611 846 1673 Σωτῆρος
878 1607 1058 1676 φωνήν.
1126 1606 1196 1658 ὅτι
1230 1606 1277 1658 δὲ
1308 1607 1417 1657 λίαν
1448 1607 1641 1675 ἠφειδη-

69 1690 197 1750 κότες
239 1696 333 1742 τῶν
383 1696 588 1757 λογικῶν
639 1689 916 1757 θρεμμάτων
961 1692 1035 1741 καὶ
1081 1691 1251 1756 θηρσὶν
1298 1689 1478 1743 ἀνέντες
1517 1688 1648 1751 αὐτὰ,

70 1773 226 1824 ἁλοῖεν
252 1773 322 1836 ἂν,
347 1778 536 1836 μᾶλλον
571 1774 619 1825 δὲ
654 1775 781 1824 αὐτοὶ
806 1773 1050 1839 γεγονότες
1088 1772 1235 1835 λύκοι,
1272 1773 1447 1823 κατίδοι
1485 1794 1553 1824 τις
1592 1771 1649 1821 ἂν

70 1854 270 1910 εὐκόλως
295 1855 388 1907 ἀπό
413 1879 467 1922 γε
492 1860 586 1906 τῶν
612 1855 858 1922 εἰρημένων
885 1854 961 1905 διὰ
992 1858 1152 1923 φωνῆς
1177 1858 1449 1922 προφητῶν.
1514 1854 1538 1904 ὁ
1565 1852 1649 1916 μὲν

71 1937 163 2004 γὰρ
202 1938 422 2005 ἔφασκεν,
449 1940 511 1991 ὡς
548 1939 598 1989 ἑκ
632 1938 892 2005 προσώπου
925 1943 1007 1987 τοῦ
1041 1941 1164 1988 Θεοῦ
1204 1935 1310 1987 “’“Ω
1345 1940 1386 1987 οἱ
1423 1934 1647 1998 ποιμένες,

72 2027 99 2050 “
124 2024 167 2071 οἱ
193 2020 594 2087 διασκορπίζοντες
632 2022 705 2070 καὶ
740 2019 1033 2073 ἀπολλύντες
1059 2018 1118 2069 τὰ
1152 2018 1372 2085 πρόβατα
1397 2021 1478 2083 τῆς
1506 2021 1648 2081 νομῆς

654 2103 672 2111 Α

71 2109 98 2131 “
123 2103 314 2165 αὐτῶν,”
346 2102 497 2169 ἕτερος
533 2101 581 2152 δὲ
615 2111 673 2152 αὐ
708 2109 734 2131 “
754 2102 881 2153 Τάδε
920 2102 1048 2167 λέγει
1088 2100 1259 2167 Κύριος
1301 2100 1472 2167 Κύριος
1501 2098 1568 2150 ’ΧΩ
1606 2103 1693 2150 oid

1662 536 1686 575 1,

1709 1525 1740 1556 S.
1748 1526 1846 1555 Joan.

1710 1580 1741 1600 X.
1760 1579 1807 1600 12.

1712 1943 1805 1973 Hier.

1710 1987 1800 2017 xxiii.
1824 1995 1850 2016 1.

1714 2099 1814 2129 Ezek.

1713 2143 1824 2174 xxxiv.

70 2191 99 2213 ‘⁶
123 2185 335 2248 ποιμένες
359 2183 575 2250 Ἰσραὴλ,
602 2183 666 2248 μὴ
696 2183 960 2245 βόσκουσιν
986 2188 1027 2235 οἱ
1053 2184 1263 2245 ποιμένες
1291 2183 1505 2244 ἑαυτούς,
1547 2183 1647 2249 οὐχὶ
1711 2195 1783 2226 2-5·

72 2273 99 2296 “
123 2265 183 2317 τὰ
218 2267 439 2332 πρόβατα
472 2266 737 2327 βόσκουσιν
775 2269 817 2317 οἱ
854 2266 1095 2330 ποιμένες,
1139 2265 1237 2317 ἰδοὺ
1275 2265 1329 2317 τὸ
1368 2265 1498 2331 γάλα
1530 2288 1645 2315 κατ-

73 2355 99 2377 “
125 2350 303 2399 εσθίετε
342 2350 415 2399 καὶ
455 2348 513 2399 τὰ
551 2348 649 2415 ἔρια
688 2347 1040 2414 περιβάλλεσθε
1071 2350 1147 2400 καὶ
1177 2347 1231 2398 τὸ
1266 2346 1395 2415 παχὺ
1433 2346 1648 2414 σφάζετε,

72 2436 99 2458 “
126 2433 201 2481 καὶ
233 2430 291 2481 τὰ
328 2429 548 2496 πρόβατά
580 2454 669 2493 μου
708 2432 760 2481 οὐ
795 2429 1008 2490 βόσκετε.
1072 2429 1126 2481 τὸ
1158 2428 1417 2494 ἠσθενηκὸς
1455 2430 1536 2479 οὐκ
1571 2430 1644 2478 ε’ν-

71 2518 99 2540 “
126 2511 372 2580 ισχύσατε,
414 2516 487 2564 καὶ
525 2513 579 2564 τὸ
617 2511 1006 2578 συντετριμμένον
1041 2512 1094 2562 οὐ
1139 2510 1442 2575 κατεδήσατε,
1484 2512 1558 2560 καὶ
1595 2510 1649 2561 τὸ

72 2601 100 2623 “
124 2595 431 2658 πλανώμενον
465 2596 546 2646 οὐκ
581 2594 925 2662 ἐπεστρέψατε,
956 2596 1030 2644 καὶ
1064 2592 1118 2644 τὸ
1157 2593 1411 2645 ἀπολωλὸς
1437 2595 1518 2643 οὐκ
1543 2592 1644 2658 ἐζη-

125 2770 153 2793 1.
177 2759 217 2793 τὰ
234 2760 427 2804 εἷκαιόμυθα
444 2760 536 2795 Edd.
787 2771 817 2793 2.
843 2759 995 2803 ἀτρεκίας
1012 2758 1070 2792 iid.
1322 2769 1354 2803 3.
1380 2758 1572 2801 τελειοτάτη
1591 2757 1649 2791 iid.

80 2816 131 2839 10.
156 2807 334 2851 τετάχαται
352 2807 413 2841 iid.
653 2819 664 2841 1
676 2819 704 2841 1.
730 2808 788 2850 τῆς
805 2813 1026 2850 assumptum
1044 2817 1084 2838 ex
1105 2805 1145 2839 B.
1408 2816 1460 2838 12.
1487 2805 1546 2847 μὲν
1563 2803 1650 2847 ἦσαν

75 2859 253 2897 assumpta
269 2865 310 2887 ex
330 2853 370 2888 B.
518 2854 569 2888 16.
595 2854 709 2888 ἅλοιεν
725 2853 775 2893 ἂν,
794 2854 846 2886 καὶ
864 2853 985 2896 θηρσὶν
1002 2852 1132 2887 ἀνέντες
1149 2853 1243 2889 αὐτὰ,
1263 2852 1398 2885 inverso
1417 2851 1538 2885 ordine
1558 2851 1649 2886 Edd-

79 2906 131 2941 17.
158 2899 193 2932 δὲ
210 2905 431 2945 assumptum
449 2913 490 2935 ex
510 2901 551 2935 B.
801 2911 854 2933 21.
884 2900 991 2933 αὐτῶν
1008 2911 1077 2932 om.
1100 2899 1139 2932 B.
1157 2899 1261 2932 habet
1280 2899 1325 2932 D.
1345 2899 1388 2932 cf.
1406 2910 1511 2943 supra
1527 2898 1595 2943 316
1614 2897 1647 2932 d.

77 2943 197 2988 Κύριος
213 2947 358 2981 alterum
376 2948 520 2983 accessit
537 2960 578 2982 ex
598 2948 638 2982 B.
1005 2957 1059 2987 24.
1089 2946 1184 2979 Haec
1203 2946 1253 2979 καὶ
1272 2946 1311 2980 τὰ
1329 2946 1487 2990 ἔρια-οὐ
1504 2947 1649 2986 βόσκετε

76 3000 291 3027 accesserunt
309 3006 349 3027 ex
370 2994 411 3028 B.
628 3005 682 3039 27.
708 2993 917 3038 ἐπετρέψατε
937 2992 1016 3037 (sic)
1036 2992 1126 3026 Edd.

133 3062 223 3091 x‘OL.
247 3063 293 3091 11.
828 3064 855 3090 Η
880 3051 907 3091 h
