1997 3361
106 145 132 186 i.
154 160 195 198 4.
567 149 640 189 IN
682 150 948 191 NAIIUM.
1010 150 1158 192 ΤΟΜ.
1196 152 1229 190 Ι.
1638 148 1685 188 ll

105 255 277 322 θρήνου
302 279 352 307 τε
378 260 453 308 καὶ
480 261 699 323 οἰμωγῆς,
727 261 790 312 ὡς
821 260 984 328 ἔφησε,
1009 258 1067 309 τὰ
1092 258 1247 310 πάντα
1270 257 1570 323 πεπλήρωτο·
1614 256 1689 306 διὰ

102 338 252 402 με’σης
291 338 546 403 θαλάσσης
585 342 828 402 διεβίβασε
867 342 950 392 τὸν
975 341 1190 407 Ἰσραὴλ,
1226 338 1570 406 κατηρτημένης
1602 339 1684 388 αὖ·

101 425 195 471 τῶν
221 424 303 484 τῆς
328 422 384 490 ἐξ
407 424 603 488 οὐρανοῦ
629 425 841 489 νεφέλης.

166 501 304 570 ”Εφη
340 527 383 554 τι
419 511 628 555 τοιοῦτον
667 509 741 556 καὶ
781 509 805 556 ὁ
844 505 1067 572 μακάριος
1108 507 1297 556 Δαυείδ.
1365 503 1550 572 ψάλλει
1594 502 1687 569 γὰρ

1669 592 1685 599 Α

59 582 187 637 ὄῶδε
227 587 334 636 “‘O
373 586 493 640 Θεὸς
537 589 585 637 ἐν
628 593 693 657 τῷ
735 588 1071 654 ε’κπορεύεσθαί
1112 611 1169 638 σε
1208 588 1402 638 ἐνώπιον
1441 592 1523 636 τοῦ
1567 594 1713 643 λαου(

101 672 128 694 “
153 689 258 730 σου,
297 671 344 718 ἐν
386 673 451 737 τῷ
491 671 744 730 διαβαίνειν
780 694 836 721 σε
874 673 920 721 ἐν
960 674 1017 737 τῇ
1057 669 1226 739 ἐρήμῳ,
1266 673 1327 735 γῆ
1366 669 1574 731 ἐσείσθη,
1611 671 1686 719 καὶ

100 755 127 777 “
153 748 245 814 γὰρ
280 753 321 800 οὶ
360 752 545 816 οὐρανοὶ
585 752 840 821 {brug-‘auf’
899 756 988 818 γῆν
1027 752 1074 803 δὲ
1110 753 1437 815 σεσεισμένην,
1474 752 1684 815 καθάπερ

98 832 287 896 ἐγιῦμαι,
339 833 424 896 τὴν
476 833 746 899 Αἰγυπτίων
789 836 955 902 φησίν.
1021 834 1090 885 ὅτι
1140 834 1187 885 δὲ
1229 838 1301 885 καὶ
1346 833 1521 900 νεφέλη
1566 856 1678 883 κατ·-

98 914 334 979 εκρέματο,
372 916 725 982 προβαδίζουσα
757 921 850 966 τῶν
886 920 994 967 υἱῶν
1027 916 1243 982 Ἰσραὴλ,
1284 915 1560 985 ἁσυμφανὲς
1597 915 1683 979 μὲν

31 1016 79 1040 10
98 996 258 1058 οὐδενί,
295 998 589 1048 πιστώσεται
627 998 674 1049 δὲ
713 1001 787 1049 καὶ
830 1001 854 1050 ὁ
897 999 1151 1052 θεσπέσιος
1192 1004 1404 1058 Παῦλος,
1446 997 1552 1051 τοῦς
1598 1003 1681 1048 τοῦ

97 1077 301 1143 Ἰσραὴλ
326 1080 526 1145 πατέρας
550 1083 874 1139 βεβαπτίσθαι
900 1082 1056 1147 λε’γων
1081 1079 1291 1134 ἅπαντας
1319 1089 1344 1110 “
1361 1083 1409 1131 ἐν
1430 1084 1486 1148 τῇ
1509 1081 1681 1149 νεφέλῃ

97 1166 127 1188 “
152 1163 227 1211 καὶ
253 1163 301 1211 ἐν
325 1165 383 1230 τῇ
410 1161 682 1230 θαλάσσῃ.”

378 1244 388 1258 Ι
577 1244 587 1261 Χ
624 1246 634 1259 Q
824 1245 835 1260 Ι
985 1251 1004 1259 Α
1140 1248 1151 1261 l
1360 1245 1371 1262 Χ
1466 1244 1476 1257 s

160 1246 512 1310 Προσεπηγαγε
539 1247 586 1295 δε
615 1268 639 1295 ο
662 1249 922 1313 Προφητης
941 1269 1006 1316 τῳ
1026 1245 1292 1316 {apameo-Hm
1318 1269 1404 1310 την
1426 1244 1679 1308 θάλασσαν,

96 1328 170 1376 καὶ
212 1325 265 1377 τὸ
307 1325 559 1394 ἐρημοῦσθαι
602 1326 698 1382 τοῦς
742 1327 988 1397 ποταμοὺς,
1027 1334 1088 1382 εἷς
1127 1328 1393 1392 ἀνάμνησιν
1432 1326 1679 1395 ἀναφέρων

28 1427 74 1465 15
96 1410 251 1475 ἑτέρου
287 1409 534 1472 θαύματος.
600 1410 674 1461 ὅτε
710 1410 803 1477 γὰρ
836 1415 898 1465 εἷς
935 1411 1019 1474 τὴν
1052 1415 1135 1476 τῆς
1172 1411 1457 1476 ἐπαγγελίας
1496 1414 1676 1460 εἰσεκο-

95 1491 280 1558 μίζοντο
318 1496 421 1558 γῆν,
449 1493 609 1557 Ἰησοῦ
643 1493 759 1556 μετὰ
795 1494 1007 1545 Μωυσέα
1045 1492 1407 1559 προεστηκότος,
1432 1492 1535 1543 τότε
1561 1490 1679 1542 κατὰ

96 1575 256 1642 χώραν
284 1575 398 1639 ε”στη
430 1574 577 1626 πάλιν
603 1576 626 1624 ὁ
652 1574 903 1641 Ἰορδάνης,
927 1576 1012 1640 τὴν
1038 1581 1132 1627 τῶν
1160 1574 1378 1639 ναμάτων
1404 1573 1678 1642 καταφορὰν

92 1657 307 1724 ἀρῥήτοις
340 1658 535 1721 νεύμασι
559 1659 634 1707 καὶ
661 1660 852 1719 δεσμοῖς
883 1656 1228 1711 ἀνακόπτοντος
1255 1664 1337 1708 τοῦ
1362 1656 1517 1708 πάντα
1542 1656 1678 1724 ἰσχύ-

93 1761 224 1792 οντος
261 1742 400 1792 Θεοῦ.
467 1739 595 1807 ἀξιοῖ
628 1737 675 1789 δὲ
714 1745 861 1790 ταῦτα
898 1746 980 1790 τοῦ
1018 1740 1247 1805 μεγίστου
1282 1739 1518 1802 θαύματος
1551 1740 1677 1789 καὶὸ

25 1841 75 1866 20
92 1821 315 1888 μακάριος
341 1823 526 1882 Δαυεὶδ,
553 1822 697 1875 οὕτως
729 1822 881 1887 λε’γων
909 1829 935 1850 “
953 1827 1101 1873 Δεῦτε
1128 1824 1202 1873 καὶ
1230 1822 1345 1872 ἴδετε
1372 1821 1430 1872 τὰ
1457 1821 1569 1887 ἔργα
1595 1826 1677 1871 τοῦ

94 1910 121 1932 “
148 1907 284 1966 Θεοῦ,
303 1906 365 1957 ὡς
385 1902 586 1971 φοβερὸς
604 1906 651 1954 ἐν
671 1909 867 1965 βουλαῖς
889 1902 1001 1969 ὑπὲρ
1021 1903 1128 1958 τοὺς
1147 1902 1270 1958 υὶοῦς
1289 1908 1383 1955 τῶν
1401 1903 1674 1969 ἀνθρώπων·

94 1992 120 2014 “
148 1987 172 2036 ὁ
199 1986 538 2052 μεταστρέφων
563 1984 648 2049 τὴν
672 1986 931 2037 θάλασσαν
970 1991 1031 2041 εἰς
1070 1986 1236 2055 ξηρὰν,
1263 1989 1312 2037 ἐν
1344 1991 1542 2056 ποταμῷ
1577 1989 1671 2037 διε-

93 2073 120 2096 “
145 2067 395 2118 λεύσονται
420 2069 572 2119 ποδί.”
627 2069 734 2119 ποδὶ
761 2067 854 2134 γὰρ
880 2069 1027 2120 πάλιν
1052 2068 1135 2120 τὸν
1161 2069 1401 2135 Ἰορδάνην
1428 2068 1670 2133 διέβησαν.

92 2153 129 2200 εἰ
157 2149 205 2200 δὲ
239 2148 294 2214 δὴ
332 2152 405 2200 καὶ
441 2151 618 2205 πάντας
651 2151 781 2216 λε’γοι
809 2150 1076 2220 {maimo-&ou
1114 2150 1209 2207 τοὺς
1243 2150 1489 2219 ποταμιῦς,
1519 2150 1573 2202 τὸ
1599 2154 1671 2220 ἐφ’

25 2246 74 2286 25
92 2232 154 2282 ἑνὶ
199 2231 393 2297 γεγονὸς
439 2231 509 2282 ὅτι
550 2233 624 2282 καὶ
659 2236 781 2283 πᾶσι
821 2234 1124 2297 συμβήσεται
1166 2238 1291 2285 Θεοῦ
1329 2233 1672 2296 κατανεύοντος,

93 2317 350 2365 διακεῖσθαι
374 2313 559 2365 κελεύει.

143 2460 172 2483 1.
199 2450 243 2485 ὡς
259 2450 369 2493 ἔφησε
387 2457 606 2494 assumptum
626 2461 666 2482 ex
687 2449 732 2483 D.
782 2450 999 2494 πεπλήρωται
1020 2451 1066 2485 D.
1365 2462 1396 2484 2.
1422 2450 1544 2496 μέσης]
1569 2455 1606 2507 :4-
1627 2453 1672 2487 ὡς

92 2496 180 2540 ἔφην
205 2496 298 2530 Edd.
323 2509 382 2530 mv
375 2497 433 2530 ito
459 2497 505 2530 D.
571 2497 816 2541 κατηρτημένης
835 2497 880 2531 D.
906 2497 1169 2543 κατηρτισμένης
1188 2497 1279 2531 Edd.
1347 2498 1470 2531 Statim
1496 2499 1584 2543 αὐτῳ
1611 2499 1669 2531 iid.

93 2542 210 2577 invitis
232 2543 271 2576 B.
277 2543 322 2577 D.
613 2555 645 2587 3.
673 2544 820 2586 οὐρανῶν
840 2543 884 2576 D.
1170 2555 1201 2589 7
1228 2546 1258 2576 οἱ
1277 2556 1312 2576 as
1317 2556 1370 2577 5111
1364 2554 1497 2588 mptum
1515 2557 1557 2578 ex
1577 2545 1617 2578 B.
1625 2545 1670 2579 D.

93 2590 127 2625 8.
153 2590 343 2634 Αἰγυπτίων
362 2589 404 2624 Β.
423 2589 594 2635 Αἴγυπτον
615 2591 658 2623 D.
678 2590 862 2635 Αἰγυπτίαν
880 2590 971 2624 Edd.
1103 2602 1135 2635 9.
1161 2591 1416 2634 προβαδίζουσα
1435 2598 1512 2635 post
1529 2590 1670 2635 Ἰσραὴλ

93 2642 224 2680 transp.
248 2637 291 2670 D.
412 2647 464 2682 13.
491 2640 535 2682 τῷ
557 2637 597 2671 Β.
604 2638 648 2670 D.
667 2639 704 2670 τὸ
724 2637 757 2669 b.
777 2637 868 2670 Edd.
990 2649 1043 2679 14.
1069 2639 1146 2672 τοὺς
1162 2645 1383 2681 assumptum
1401 2650 1441 2670 ex
1460 2637 1494 2671 b.
1543 2638 1669 2683 ἀναφε-

93 2697 161 2727 ρων
179 2683 271 2716 B.D.
285 2683 319 2717 b.
338 2683 453 2728 φερων
472 2684 560 2718 Edd.
733 2694 784 2728 15.
811 2683 891 2716 ὅταν
908 2683 953 2717 D.
1000 2686 1058 2726 τῆς
1075 2700 1128 2718 επ.
1147 2698 1248 2717 εισεκ
1268 2685 1330 2726 γῆν
1349 2684 1413 2718 hoc
1431 2684 1551 2718 ordine
1575 2685 1619 2718 D.
1634 2686 1667 2719 b.

92 2731 155 2772 γῆν
172 2736 250 2763 ante
267 2731 325 2773 τῆς
342 2731 395 2764 ἐπ.
413 2737 544 2774 transp.
564 2730 654 2764 Edd.
777 2730 827 2763 18.
854 2729 992 2773 νεύμασι
1011 2733 1063 2764 καὶ
1081 2732 1217 2773 δεσμοῖς
1237 2731 1281 2763 D.
1301 2745 1460 2773 νευμασιν
1477 2731 1510 2765 b.
1529 2732 1669 2774 δεσμοῖς

93 2775 185 2810 Edd.
407 2788 461 2811 20.
496 2778 590 2811 Haec
608 2777 930 2819 δεῦτε-ἀνθρώπων
947 2786 1126 2822 assumpta
1142 2789 1183 2811 ex
1203 2777 1248 2810 D.
1484 2789 1539 2823 23·
1565 2781 1668 2812 πάλιν

92 2834 163 2856 om.
184 2823 229 2857 D.
281 2823 405 2857 Statim
425 2824 510 2864 διέβ.
528 2825 585 2857 τὸν
601 2823 701 2868 ’.Ιορδ
721 2824 856 2856 inverso
875 2823 994 2856 Oldme
1015 2824 1059 2857 D.
1294 2835 1348 2866 24.
1375 2825 1427 2858 καὶ
1445 2837 1480 2857 as
1484 2833 1665 2869 sumptum

91 2880 134 2902 ex
153 2869 200 2903 D.
262 2884 388 2905 παντας
411 2871 506 2915 λέγοι
532 2871 748 2914 ξηραίνεσθαι
773 2870 849 2905 τοὺς
866 2871 1034 2913 ποταμοὺς
1052 2870 1085 2904 ι).
1103 2871 1200 2904 πάντ.
1219 2870 1291 2913 ξηρ.
1310 2885 1339 2904 τ.
1358 2886 1393 2904 π,
1411 2872 1506 2917 λέγοι
1525 2872 1571 2906 D.
1589 2873 1666 2907 τοὶς

91 2929 169 2950 ποτ.
187 2916 280 2961 λέγοι
298 2931 393 2950 παντ.
412 2917 627 2961 ξηραίνεσθαι
647 2917 688 2951 Β.
707 2931 783 2951 τους
798 2931 875 2951 ποτ.
892 2916 987 2961 λέγει
1004 2917 1084 2960 (sic)
1101 2932 1197 2951 παντ.
1215 2920 1289 2961 ξηρ.
1309 2917 1400 2952 Edd.
1534 2928 1587 2964 25.
1607 2933 1665 2952 κα-

93 2976 164 2997 ταν.
181 2966 240 2997 τοῦ
258 2965 345 2997 Θεοῦ
363 2975 424 3008 pro
443 2966 530 2998 Θεοῦ
546 2978 617 2998 κατ.
635 2963 669 2998 b.

883 3031 904 3058 C
929 3032 951 3059 2

1716 605 1729 645 l
1749 591 1800 621 Ps.
1818 591 1909 622 lxvii.

1749 636 1776 674 8,
1797 646 1825 676 9.

1747 1099 1759 1120 1
1781 1092 1853 1121 Cor.

1742 1145 1774 1164 x.
1793 1144 1820 1165 2.

1696 1354 1717 1378 Θ

1738 1587 1810 1619 Jos.
1826 1588 1871 1618 iii.

1742 1633 1790 1663 16.

1737 1834 1791 1865 Ps.
1810 1834 1876 1865 lxv.

1739 1887 1767 1916 5,
1787 1877 1816 1908 6.

1692 2092 1714 2116 a
1746 2083 1828 2116 481
1845 2083 1892 2117 A.
