2053 3382
76 848 173 878 Prov.

76 892 146 922 xiii.
164 900 210 930 13.

77 951 139 983 Sir.
151 951 172 982 i.
189 961 200 982 1
212 961 237 982 ι.

86 1989 166 2019 Lev.
180 1987 246 2018 xix.

90 2042 138 2063 11.

86 2076 191 2107 Exod.

86 2120 176 2150 xxiii.
195 2130 220 2155 Ι,

87 2173 117 2200 2,
133 2162 163 2200 6,
183 2171 210 2203 7.

308 175 392 217 576
697 177 747 215 B.
783 174 1060 215 CYRILLI
1106 175 1492 215 ALEXANDR.
1791 173 1833 213 ii.
1858 174 1897 212 6.

380 283 742 347 Ἀπαριθμεῖται
766 283 1013 348 χρησίμως
1040 281 1100 333 τὰ
1125 281 1326 349 λαμπρὰ
1353 285 1434 345 τῆς
1461 280 1716 347 ἱερωσύνης
1745 280 1894 347 αὐχή-

304 386 447 426 ματα,
477 363 552 413 διά
585 365 669 426 τῆς
702 368 786 413 τοῦ
821 362 965 426 νόμου
999 366 1340 430 μυσταγωγίας
1365 362 1657 432 ἐξαιρόμενα.
1712 362 1898 412 ἐνετίθει

257 450 285 491 b
305 444 398 510 γὰρ
440 443 658 507 μάλιστα
702 449 798 498 τοῖς
845 448 1099 511 ἱερουργοῖς
1138 445 1220 497 τὸν
1257 451 1341 496 τοῦ
1387 449 1511 496 Θεοῦ
1556 445 1725 513 φόβον,
1766 442 1898 493 στέλ-

304 523 462 576 λεσθαι
496 523 583 588 μὲν
612 526 876 577 ἀναπείθων
911 528 1004 578 ἀπὶ)
1044 527 1281 597 προσώπου
1321 528 1529 593 ὀνόματος
1567 526 1722 586 αὑτοῦ,
1755 547 1894 575 τουτ·

303 605 448 668 ἔστιν,
477 608 750 675 ὑφορᾶσθαι
786 610 859 658 καὶ
894 607 1256 659 ὑποστέλλεσθαι
1286 606 1655 674 παρασκευάζων
1680 606 1734 656 τὸ
1762 608 1897 672 ὄνομα
1917 618 1939 656 5

301 684 356 737 τὸ
397 687 713 750 Δεσποτικὸν,
753 693 866 740 αἰδῶ
909 712 958 740 τε
996 688 1082 753 τὴν
1121 694 1183 744 εἷς
1218 689 1332 740 αὐτὸ
1370 693 1608 740 ποιεῖσθαι
1645 691 1739 739 δεῖν
1777 689 1895 737 ἀνα-

302 769 477 820 πείθων
504 770 557 820 οὐ
583 769 837 837 πάρεργον,
865 772 976 822 ἀλλ’
1004 772 1413 835 ἐσπουδασμένην·
1458 771 1512 821 οὗ
1546 771 1595 821 τί
1626 769 1683 820 ἂν
1717 769 1898 835 γένοιτο

303 852 721 921 τιμαλφε’στερον;
779 852 1040 918 γέγραπται
1079 852 1186 919 γὰρ,
1224 854 1295 904 ὅτι
1334 854 1441 904 “Ὁ
1481 851 1777 921 φοβούμενος
1815 849 1899 900 τὸν

303 940 331 962 “
360 932 551 1000 Κύριον,
578 935 713 988 οὗτος
748 936 986 1001 ὑγιαίνει.”
1041 938 1116 986 καὶ
1149 935 1297 987 πάλιν
1323 942 1349 964 “
1371 935 1530 996 Φόβος
1568 933 1744 1000 Κυρίου
1779 932 1898 1002 δόξα

302 1022 329 1044 “
356 1017 433 1066 καὶ
459 1016 725 1083 καύχημα.”
781 1017 1106 1084 μεμαρτύρηκε
1133 1018 1290 1068 τοίνυν
1315 1022 1410 1071 τοῖς
1437 1017 1579 1070 ὁσίως
1605 1018 1679 1067 καὶ
1707 1017 1897 1079 ἀληθῶς
1920 1037 1968 1062 10

302 1097 590 1162 ἱερατευκόσι
616 1098 670 1150 τὸ
696 1098 901 1163 βεβηκὸς
928 1102 990 1153 εἰς
1018 1098 1305 1168 ἀσφάλειαν.
1357 1100 1410 1150 οὐ
1437 1098 1530 1164 γὰρ
1554 1099 1720 1151 ἁπλῶς
1744 1108 1891 1165 πεφο-

261 1178 471 1239 Οβῆσθαί
507 1184 658 1248 φησιν
691 1182 876 1243 αὐτοὺς,
918 1181 1029 1232 ἀλλ’
1067 1183 1105 1233 ἐν
1142 1184 1275 1251 φόβῳ
1313 1180 1617 1249 πεφοβῆσθοιι,
1654 1179 1898 1230 τουτέστιν

301 1264 364 1314 ὡς
401 1263 450 1312 ἐν
489 1262 579 1330 ὅλῃ
614 1266 752 1330 ψυχῇ
791 1267 866 1313 καὶ
901 1264 1069 1332 καρδία
1104 1262 1186 1314 τὸν
1218 1267 1341 1314 θεῖον
1374 1262 1681 1330 εισδεξασθαι
1721 1259 1892 1328 φόβον.

300 1347 348 1393 αἱ
386 1341 480 1409 γὰρ
520 1343 758 1398 ἐπιτάσεις
797 1347 845 1395 ἐν
883 1345 1076 1407 τούτοις,
1111 1368 1186 1395 και
1223 1346 1247 1395 ὁ
1286 1349 1380 1396 τῶν
1415 1344 1593 1412 λεξεων
1628 1345 1891 1393 ἀναδιπλα-

299 1447 512 1489 σιασμος
549 1424 604 1476 τὸ
643 1425 970 1491 ἐρηρεισμένον
1000 1431 1061 1480 εἰς
1095 1425 1265 1493 ἀρετην
1298 1431 1392 1477 τῶν
1426 1448 1767 1488 επαινουμενων
1801 1428 1896 1478 τοῖς
1920 1442 1966 1480 15

302 1507 615 1573 ἀκροωμένοις
654 1509 1107 1572 κατασημαίνουσιν.

264 1762 286 1797 6
310 1756 450 1805 Νόμος
485 1757 691 1799 ἀλΗΘείαε
726 1755 775 1798 ἦν
803 1758 846 1799 ἐν
874 1759 935 1812 τῷ
970 1759 1145 1807 στόματι
1180 1759 1319 1810 αὐτοῦ,
1348 1759 1416 1799 καὶ
1451 1756 1594 1798 ἀδικία
1630 1756 1703 1811 οὐχ
1739 1756 1892 1811 εὑρέθη

376 1840 419 1880 ὲν
458 1840 638 1895 χείλεσιν
678 1841 818 1882 αὐτοῦ.
1862 1834 1886 1851 ⁴⁵

383 1986 602 2038 Ἐκὲλευε
636 1987 730 2054 γὰρ
765 1989 789 2038 ὁ
823 1987 963 2051 νόμος
995 1990 1069 2039 καὶ
1108 1994 1191 2039 τοῦ
1229 1988 1434 2057 ψεύδους
1472 1990 1752 2055 ἀποφοιτᾶν,
1781 1985 1899 2051 ὀρθά

311 2091 360 2119 τε
399 2070 475 2119 καὶ
515 2070 666 2120 δίκαια
705 2074 871 2120 λαλεῖν
904 2072 979 2120 καὶ
1013 2068 1099 2133 τὴν
1134 2071 1206 2138 ἐφ’
1236 2069 1423 2139 ἑκάστῳ
1461 2068 1704 2135 πράγματι
1743 2069 1898 2133 κρίσιν
1920 2087 1969 2112 20

311 2152 468 2215 ἀληθῆ
495 2174 542 2202 τε
571 2154 645 2202 καὶ
673 2151 998 2219 άδιάστροφον
1021 2156 1258 2202 ποιεῖσθαι
1294 2156 1466 2220 φιλεῖν.
1517 2151 1631 2201 ε”οικε
1669 2149 1717 2199 δὲ
1750 2149 1898 2200 πάλιν

267 2240 294 2282 d
313 2231 522 2293 ἀλήθειαν
547 2234 786 2299 ὀνομάζειν
812 2232 894 2283 τὸν
914 2232 1090 2299 Κύριον
1114 2234 1245 2297 ἡμῶν
1270 2234 1461 2297 Ἰησοῦν
1487 2231 1568 2282 τὸν
1588 2229 1817 2297 Χριστὸν,
1844 2230 1898 2280 οὗ

311 2313 395 2365 τὸν
440 2317 566 2382 νόμον
611 2316 648 2365 ἐν
692 2317 867 2378 χείλεσι
912 2315 1216 2382 πεφορεκεναι
1269 2316 1393 2384 φησὶ
1444 2313 1551 2367 τοὺς
1602 2312 1898 2374 βιοτεύοντας

312 2399 609 2462 ἱεροπρεπῶς.
660 2419 698 2447 ει
729 2396 822 2462 γὰρ
853 2399 928 2447 καὶ
954 2395 1025 2459 ἧν,
1052 2398 1114 2450 ὡς
1140 2397 1274 2463 εφην,
1299 2398 1348 2446 ἐν
1373 2400 1528 2449 σκιαῖς
1555 2395 1579 2445 ὁ
1606 2394 1760 2457 νόμος,
1785 2393 1895 2443 ἀλλ’

312 2476 370 2542 ἦν
395 2479 443 2528 ἐν
469 2478 595 2546 αὐτῷ
629 2481 712 2541 τῆς
745 2479 967 2542 ἀληθείας
1002 2479 1030 2541 ἡ
1062 2478 1325 2546 μόρφωσις,
1353 2501 1428 2529 και
1458 2481 1553 2528 τῶν
1582 2478 1896 2540 εὐαγγελικῶν
1919 2493 1966 2531 25

315 2558 660 2623 θεσπισμάτων
697 2559 725 2622 ἡ
767 2561 829 2613 ὡς
867 2561 916 2609 ἐν
953 2559 1232 2624 γράμμασιν
1271 2559 1588 2612 ὑποτύπωσις.
1640 2556 1898 2620 εὑρήσομεν

316 2640 409 2708 γὰρ
444 2642 492 2692 ἐν
523 2645 619 2694 τοῖς
657 2641 820 2695 τύποις
858 2643 940 2704 τῆς
979 2643 1026 2692 ἐν
1056 2640 1284 2705 πνεύματι
1318 2640 1535 2707 λατρείας
1568 2638 1654 2703 τὴν
1685 2637 1895 2700 δύναμιν.

366 2839 397 2862 2.
425 2826 640 2873 ἐξαιρόμενιι]
662 2828 863 2872 ἐξευρημένα
883 2827 974 2862 Edd.
1122 2827 1154 2862 6.
1181 2828 1281 2862 αὐτὸν
1298 2827 1357 2862 iid.
1513 2836 1564 2859 10.
1590 2825 1660 2859 τοῖς
1677 2829 1901 2868 assumptum

317 2887 359 2908 ex
381 2875 423 2908 B.
653 2886 706 2919 13.
733 2875 776 2910 ὡς
795 2880 1017 2918 lssumptum
1036 2886 1076 2908 ex
1098 2874 1139 2908 B.
1367 2885 1419 2915 14.
1444 2873 1474 2905 οἱ
1492 2875 1557 2905 τῶν
1573 2870 1699 2913 λέξεων
1716 2870 1900 2904 ἀναδιπλο-

320 2921 463 2963 σιασμοί
484 2921 574 2954 Edd.
779 2930 829 2967 17.
857 2925 874 2964 ὴ
878 2936 895 2955 ν
912 2921 1093 2964 ιιληθείας
1088 2933 1145 2954 lnv
1148 2932 1225 2955 8150
1243 2920 1364 2955 Oldine
1386 2920 1421 2953 1⁴.
1444 2917 1532 2952 Edd.
1598 2919 1644 2962 τῷ
1664 2929 1733 2950 0111.
1752 2917 1786 2951 F.
1809 2917 1837 2951 Ε
1841 2917 1899 2952 dd.

323 2978 375 3001 21.
402 2967 528 3012 ἀληθῆ]
550 2967 628 3011 εὐθῆ
648 2966 739 3002 Edd.
885 2978 940 3001 22.
967 2969 1024 3001 τὸν
1042 2968 1100 3002 alt.
1119 2980 1189 3002 om.
1211 2968 1252 3001 B.
1397 2976 1451 3009 ²3·
1478 2963 1703 3008 πεφορηκεναι
1724 2963 1815 2998 Edd.
