1997 3361
103 168 128 209 i.
156 182 193 219 2,
218 183 256 225 3.
558 170 631 210 IN
676 170 942 210 NAIIUM.
1003 169 1157 209 ΤΟΜ.
1192 169 1224 210 I.
1662 174 1683 209 Γ»

103 281 352 346 αγύπτου.
358 283 380 298 ”
441 281 571 332 ἀλλὰ
606 287 701 336 τοῖς
736 284 856 332 οὕτω
892 284 1053 334 δεινοῖς
1089 279 1499 346 ἀνοσιουργήμασι
1534 284 1681 331 διαλε-

103 363 283 427 λήθασι
324 368 456 433 σφᾶς
498 363 664 418 αὐτους
705 364 1047 430 καταθήγοντες
1089 364 1160 432 ἐφ’
1191 364 1366 416 ἑαυτοῖς
1415 386 1496 413 τον
1537 362 1688 414 πάλαι

100 446 428 510 προεστηκότα
471 449 546 497 καὶ
594 447 899 513 ἀνασώζοντα
942 446 1084 508 Θεὸν,
1127 444 1163 515 ‘f'
1206 444 1462 510 γεγόνασιν
1506 447 1684 512 ε’χθροι,

102 550 177 578 και
203 530 250 579 ἐν
276 532 333 595 τῇ
360 533 453 580 τῶν
479 530 716 592 πολεμίων
743 529 964 580 τεθεινται
999 529 1154 598 μοίρᾳ,
1182 533 1278 582 τοῖς
1303 552 1367 591 μη
1394 526 1511 578 κατὰ
1539 527 1687 596 φύσιν
1706 560 1726 581 -ι
1756 549 1838 583 477
1857 548 1906 580 A.

60 630 82 668 5
104 615 222 664 θεοῖς
248 611 594 677 προσνέμοντες
627 609 828 672 ἑαυτοὺς,
858 612 1005 661 καίτοι
1029 610 1179 662 πάλαι
1208 609 1454 663 Μωυσέως
1479 614 1687 670 βοῶντος

102 696 207 760 περὶ
232 698 372 754 Θεοῦ,
402 697 463 747 ὡς
503 694 569 758 εἴη
607 717 655 744 τε
697 695 770 744 καὶ
810 693 1033 760 ζηλωτὴς,
1067 697 1139 743 καὶ
1180 696 1240 746 ὡς
1279 699 1373 759 πῦρ
1412 692 1686 754 ἀναλίσκον,
1749 701 1907 731 'Dent-iv·

1752 755 1766 774 2
1794 769 1799 775 .

103 779 177 827 Καὶ
218 779 279 830 ὡς
324 778 405 827 Οὐκ
446 774 503 827 ἂν
542 776 800 843 ἀνάσΧΟίΤΟ
839 781 1125 825 ΚαΤαλυπΕἷν
1166 775 1422 842 ᾑρημένων.
1489 798 1685 840 προανε-
1773 758 1787 783 ⁴

104 858 247 926 φώνει
273 857 365 925 γὰρ
393 858 463 909 ὅτι
489 860 670 909 ἐςΑὐτοὶ
697 857 1040 924 παρεζήλωσάν
1079 881 1133 919 με
1173 856 1240 907 ἐπ’
1270 858 1322 907 οὐ
1351 858 1471 926 Θεῷ,
1498 857 1685 923 παρώρ-
1749 874 1911 905 mxxxii.

104 947 130 969 “
157 939 302 1006 γισάν
332 964 390 1004 με
424 943 472 991 ἐν
497 945 590 994 τοῖς
622 941 829 993 εἰδώλοις
862 940 1027 989 αὐτῶν·
1072 938 1201 1004 κάγὼ
1234 939 1566 1005 παραζηλώσω
1602 940 1684 989 αὐ·
1751 928 1802 950 21'

38 1044 84 1068 10
106 1030 131 1052 ‘⁶
158 1022 263 1077 τοὺς
301 1025 370 1074 ἐπ’
406 1025 487 1074 οὐκ
525 1023 655 1084 ἔθνει,
691 1024 763 1072 ἐπὶ
797 1021 916 1072 ε”θνει
955 1021 1167 1090 ἀσυνέτῳ
1201 1027 1442 1087 παροργιῶ
1480 1022 1686 1075 αὐτούς.”

103 1105 530 1172 προσκεκρουκότες
556 1105 611 1169 δὴ
637 1105 718 1155 οὖν
744 1103 1069 1170 πολυτρόπως,
1097 1103 1282 1157 εἰκότως
1311 1107 1383 1154 καὶ
1411 1105 1687 1156 διολώλασι.

103 1194 241 1239 τοῦτο
268 1191 341 1238 καὶ
369 1194 449 1239 νῦν
475 1189 498 1238 ὁ
527 1187 787 1256 Προφήτης
815 1189 950 1256 φησὶ,
979 1188 1226 1252 μονονουχὶ
1254 1188 1328 1236 καὶ
1353 1184 1689 1252 ἀσχάλλοντας

104 1272 178 1321 ε’πὶ
203 1275 299 1325 τοῖς
323 1269 656 1334 συμβεβηκόσι
683 1269 790 1324 τοὺς
816 1268 988 1334 δήμους
1015 1269 1374 1331 τῶνἸουδαίων,
1403 1267 1613 1336 ε’λέγχων
1639 1291 1686 1318 τε
1706 1280 1732 1320 b

105 1353 221 1416 ὁμοῦ
262 1354 337 1403 καὶ
381 1352 814 1418 παραμυθούμενος.
880 1354 951 1402 ναὶ
996 1350 1102 1418 γὰρ,
1148 1352 1285 1418 φησι,
1333 1350 1688 1415 καταλγύνεσθε

39 1452 84 1490 15
104 1434 388 1489 πεπονθότες
423 1434 660 1499 ἀδοκήτως
694 1433 779 1498 τὴν
806 1433 1059 1500 ἐρήμωσιν,
1088 1433 1225 1484 οἴκων
1251 1457 1298 1484 τε
1328 1435 1402 1483 καὶ
1435 1433 1589 1500 χώρας
1615 1436 1689 1484 καὶ

105 1515 290 1568 πόλεων
329 1516 711 1581 ἐκσεσοβημένοι,
753 1517 899 1567 καίτοι
940 1520 1154 1570 νικῶντες
1203 1517 1270 1566 ἀεὶ
1308 1514 1415 1569 τοὺς
1454 1517 1684 1578 ἀνθεστη-

107 1598 260 1653 κότας·
298 1599 571 1651 πεπτώκατε
606 1599 655 1650 δὲ
690 1601 764 1650 καὶ
801 1598 891 1650 ὑπὸ
925 1597 1074 1653 πόδας
1102 1600 1299 1665 ἐχθρῶν.
1361 1595 1458 1648 εἶτα
1481 1602 1581 1651 πῶς
1607 1598 1690 1648 οὐκ

108 1681 197 1732 ε”δει
233 1681 326 1748 πρὸ
355 1683 517 1749 πείρας
549 1683 731 1743 ἐννοεῖν,
759 1681 829 1732 ὅτι
867 1681 977 1735 Θεὶς
1018 1681 1211 1751 ζηλωτής
1250 1682 1356 1743 ἐστι,
1391 1686 1466 1731 καὶ
1509 1677 1689 1731 ἐκδικῶν

110 1763 259 1834 Κύριος
291 1764 410 1830 μετα
443 1762 586 1832 θυμοῦ,
613 1760 795 1815 ἐκδικῶν
833 1762 928 1819 τοὺς
966 1766 1239 1818 ὑπεναντίους
1276 1765 1417 1825 αὐτοῦ,
1447 1768 1524 1814 καὶ
1562 1763 1686 1831 ἐξαί-

38 1866 88 1891 20
108 1869 181 1916 ρων
207 1845 303 1901 τους
331 1844 499 1917 ἐχθρσῖνς
527 1849 684 1908 αὐτοῦ,
725 1850 760 1897 εἰ
796 1845 843 1897 δὲ
879 1845 935 1910 δὴ
968 1847 1042 1896 καὶ
1081 1845 1210 1910 ἡμεῖς
1248 1844 1514 1914 ἐξῃρήμεθά
1552 1850 1687 1912 φησι,
1709 1881 1730 1907 0

108 1930 183 1978 καὶ
209 1926 468 1994 γεγόναμεν
493 1930 542 1979 ἐκ
567 1929 730 1992 με’σου,
755 1931 829 1979 καὶ
858 1927 946 1979 ὑπὸ
973 1933 1103 1995 χεῖρα
1130 1931 1388 1991 δυσμενῶν,
1413 1927 1522 1978 ἀλλ’
1553 1927 1690 1992 ε”στη-

108 2033 194 2073 μεν
217 2013 279 2064 εἷς
302 2010 509 2078 ἐχθροὺς,
535 2011 927 2075 πεπολεμήκαμεν
954 2011 1156 2063 ἀνοσίως
1181 2014 1247 2080 τῷ
1272 2010 1428 2061 πάντα
1460 2009 1688 2077 ἰσχύοντι,

110 2093 185 2143 καὶ
211 2091 327 2159 πρὸς
351 2097 445 2144 πᾶν
471 2094 624 2144 ὁτιοῦν
650 2093 867 2163 ᾠχόμεθα
891 2097 985 2144 τῶν
1012 2092 1288 2162 ἀπᾳδόντων
1315 2093 1457 2161 αὐτῷ.

183 2173 324 2225 Ἀλλ’
357 2175 482 2240 ἐρεῖς,
520 2174 590 2225 ὅτι
623 2175 900 2245 μακρόθυμος
940 2177 964 2226 ὁ
1005 2174 1275 2239 Δεσπότης.
1344 2177 1430 2237 ναὶ,
1469 2174 1692 2241 σύμφημι

41 2270 89 2308 25
111 2257 186 2306 καὶ
212 2255 362 2319 αὐτὸς,
390 2259 465 2307 καὶ
497 2254 589 2322 γάρ
624 2259 726 2308 ἐστι
765 2257 882 2308 κατὰ
921 2257 1069 2325 φύσιν
1106 2263 1327 2310 τοιοῦτος.
1394 2255 1523 2320 πλὴν
1550 2254 1693 2326 ἀθῳῶν

112 2341 188 2390 οὐκ
214 2337 420 2410 ἀθῳῶσει,
447 2338 702 2402 τουτέστιν,
730 2340 812 2390 οὐκ
845 2339 1114 2408 ἀπαλλάξει
1138 2343 1381 2393 παντελῶς
1408 2337 1693 2403 αἱτιαμᾶτων

162 2540 192 2562 1.
219 2528 349 2562 διαλελ.
369 2529 463 2573 σφᾶς
479 2529 598 2564 αὐτοὺς
616 2540 685 2563 0111.
706 2528 747 2561 Β.
1001 2538 1033 2561 2.
1059 2528 1197 2563 ἑαυτοὺς
1215 2539 1276 2572 pro
1297 2528 1427 2562 ἑαυτοῖς
1445 2526 1536 2561 Edd.
1586 2529 1692 2562 πάλαι

112 2575 257 2609 accessit
274 2587 315 2609 ex
334 2576 380 2610 D.
574 2587 607 2619 3.
633 2575 848 2617 ἀνασώζονται
866 2574 912 2607 D.
932 2575 1083 2617 σώζοντα
1103 2573 1194 2608 Edd.
1244 2571 1271 2620 ᾧ
1290 2574 1335 2607 D.
1355 2573 1392 2607 οὗ
1411 2573 1502 2607 Edd.
1516 2574 1693 2609 Neutrum

112 2622 216 2656 habet
236 2622 277 2655 B.
443 2635 476 2665 4.
501 2622 647 2656 τέθειντο
668 2622 713 2655 D.
762 2620 823 2665 μὴ]
844 2622 881 2655 οὐ
899 2621 958 2655 iid.
1135 2633 1168 2665 5.
1195 2621 1247 2653 καὶ
1265 2621 1383 2655 αὐτοὺς
1401 2632 1462 2665 pro
1481 2621 1616 2657 ἑαυτοὺς
1633 2621 1694 2656 iid.

113 2670 203 2703 ἑαυτ.
222 2667 386 2713 προσνέμ.
405 2668 542 2703 inverso
560 2668 679 2702 ordine
700 2669 744 2702 D.
904 2667 936 2701 6.
964 2668 1016 2701 καὶ
1035 2668 1129 2711 prius
1147 2679 1216 2700 om.
1239 2667 1283 2701 D.
1334 2668 1377 2702 ὡς
1394 2668 1452 2701 alt.
1471 2674 1693 2713 assumptum

113 2727 154 2750 ex
174 2715 220 2750 D.
487 2719 518 2754 7.
543 2714 761 2759 καταλυπεῖν]
781 2715 888 2748 ποιεῖν
904 2716 1057 2759 ’γλυπτὸν
1076 2714 1166 2747 Edd.
1216 2715 1473 2759 προσανεφώνει
1494 2714 1538 2748 D.
1557 2715 1628 2749 inv.
1648 2715 1691 2750 Β.

117 2773 170 2796 10.
196 2761 319 2796 ἕθνει’
300 2762 450 2810 ασυνέτῳ
467 2761 534 2796 hoc
552 2762 673 2796 ordine
693 2762 734 2796 B.
742 2762 786 2795 D.
964 2772 1016 2794 ΙΙ.
1044 2775 1097 2794 και
1116 2772 1185 2794 0111.
1205 2760 1251 2794 D.
1425 2772 1477 2795 12.
1504 2761 1694 2805 ἀσχάλλων

113 2808 169 2843 ἐπὶ
186 2823 216 2842 τ.
236 2823 271 2842 σ.
290 2810 359 2844 τοῖς
376 2798 492 2852 δήμοις
511 2809 600 2843 Edd.
620 2809 744 2861 δημοὺς
762 2814 840 2853 post
855 2806 954 2841 Ἰουδ.
973 2813 1015 2841 tr.
1036 2807 1081 2841 D.
1360 2818 1412 2850 14.
1440 2807 1508 2853 vat]
1528 2823 1580 2842 και
1600 2808 1692 2842 Edd.

118 2855 172 2890 18.
199 2854 267 2900 ὅτι]
287 2859 322 2896 -{-
341 2857 359 2889 ὁ
377 2855 469 2890 Edd.
489 2856 561 2898 (42.
565 2856 652 2900 )1nx
656 2863 703 2890 lto
724 2856 769 2889 D.
916 2865 968 2897 19.
996 2851 1119 2898 θυμοῦ]
1141 2857 1174 2893 4
1198 2867 1250 2886 και
1270 2852 1362 2887 Edd.
1414 2853 1540 2888 Statim
1558 2855 1695 2889 ἐκδικῶν

113 2913 184 2936 0111.
205 2902 252 2936 D.
490 2913 544 2937 20.
571 2918 598 2936 ει
617 2902 670 2948 δὲ]
690 2902 738 2936 ἷδε
757 2900 816 2935 iid.
1059 2911 1114 2934 21.
1140 2900 1285 2943 ἔστημεν
1305 2899 1345 2935 Β.
1350 2900 1396 2935 D.
1423 2902 1505 2945 ἔστη
1523 2902 1584 2945 μὲν
1602 2902 1693 2935 Edd.

115 2959 172 2983 22.
198 2947 382 2993 πεπολεμ]
402 2952 439 2989 -Ι-
459 2950 524 2994 γὰρ
542 2949 601 2984 iid.
820 2956 874 2989 25.
901 2947 953 2980 καὶ
971 2946 1234 2991 γάρ-τοιοῦτος
1252 2946 1372 2982 deest
1364 2959 1401 2983 111
1419 2948 1466 2984 D.
1515 2948 1632 2994 ἀθωῶν
1650 2948 1692 2983 Β.

115 2994 226 3041 ἀθῷον
244 2995 288 3030 D.
307 2995 424 3041 ἀθῴων
443 2995 535 3030 Edd.
726 2995 780 3031 26.
807 2994 977 3040 ἇθῳώσειε
995 2993 1042 3028 D.
