2018 3387
75 151 157 192 xiv.
181 153 245 203 16,
270 163 330 206 17.
442 155 515 196 IN
562 155 901 196 ZACHARIA
916 156 977 195 M.
1038 155 1190 196 TUM.
1219 155 1293 195 VI.
1576 155 1657 193 535

77 261 224 324 οὐδὲν,
266 262 352 327 τὴν
391 265 594 315 ἁπασῶν
634 264 844 331 ἐσχάτην
886 264 1199 327 νενοσήκασιν
1239 263 1456 328 ἀλογίαν·
1511 262 1661 325 νωθὴς

79 341 173 408 γὰρ
214 345 241 407 ἡ
283 344 388 398 ὅνος
428 347 502 396 καὶ
542 349 736 412 βραδεῖα
779 344 898 411 πρὸς
937 345 1178 409 αἴσθησιν,
1218 347 1293 395 καὶ
1335 347 1416 407 τῆς
1457 343 1663 410 ἐσχάτης

80 425 278 490 ἀλογίας
302 427 451 478 εἰκών.
506 426 789 491 σημειωτέον
815 425 885 489 δὲ,
916 427 986 477 ὅτι
1010 425 1117 480 τοὺς
1143 431 1200 494 τῇ
1225 427 1492 495 Ἐκκλησία
1516 448 1662 476 πεπο-

82 506 345 570 λεμηκότας
379 510 527 560 οὐδενὶ
562 509 647 572 μὲν
678 509 886 577 ἐξομοιοῖ
915 513 1009 559 τῶν
1040 509 1222 574 ἡμέρων
1252 532 1299 559 τε
1337 511 1410 558 καὶ
1446 511 1665 572 καθαρῶν

43 610 65 648 5
84 587 226 656 ζῴων,
254 589 350 640 οἷον
373 590 601 660 προβάτῳ
627 594 748 658 φημὶ
775 592 848 641 καὶ
874 590 966 651 βοῒ,
994 590 1253 655 παρεικάζει
1280 589 1327 640 δὲ
1355 595 1546 653 μᾶλλον
1571 593 1666 641 τοῖς

85 673 331 737 βδελυροῖς
357 694 406 722 τε
434 674 508 722 καὶ
536 672 792 739 ἀνημέροις,
821 670 851 722 ἃ
875 674 950 722 καὶ
976 677 1076 725 ταῖς
1102 678 1184 722 τοῦ
1212 671 1356 736 νόμου
1389 675 1580 740 φωναῖς,
1607 671 1667 723 ὡς

86 751 276 817 βέβηλά
301 775 349 804 τε
377 755 452 804 καὶ
479 754 722 820 ἀκάθαρτα
747 752 1112 820 κατεδικάζοντο.

96 1006 170 1048 Καὶ
212 1007 332 1049 ἔσται
374 1009 467 1050 ὅσοι
509 1008 559 1050 ἂν
602 1008 947 1065 καταλειφθώσιν
985 1008 1032 1049 ὲκ
1069 1008 1244 1050 Πάντων
1284 1007 1369 1049 τῶν
1409 1007 1545 1049 ὲθνών
1586 1006 1672 1048 τῶν
1699 1007 1744 1042 16

161 1090 375 1133 ἐλθόντων
419 1091 527 1148 Πρὸς
563 1091 860 1149 Ἰερουσαλήμ,
905 1092 973 1132 καὶ
1016 1091 1305 1141 ἀναβήσονται
1350 1090 1433 1131 κατ’
1484 1089 1676 1132 ἐνιαυτὸν
1697 1085 1724 1125 d

29 1198 76 1224 10
161 1176 235 1214 τοῦ
287 1177 579 1230 Προσκυνιῖσαι
621 1176 682 1228 τῷ
725 1171 888 1224 βασιλεῖ
932 1173 1063 1231 κυρίῳ
1107 1174 1422 1231 Παντοκρατορι
1469 1173 1566 1226 Θεῷ
1612 1172 1680 1212 καὶ

163 1261 238 1299 τοῦ
280 1258 494 1315 ἑορτάζειν
532 1259 608 1301 τὴν
646 1259 802 1315 ἑορτὲιν
840 1263 916 1301 τῆς
960 1259 1259 1306 σκΗνοΠΗΓιάε.
1319 1258 1387 1299 καὶ
1429 1259 1548 1300 ἔσται
1589 1259 1682 1301 ὅσοι
1708 1274 1752 1312 17

166 1340 218 1382 ἂν
256 1341 311 1389 μὴ
358 1342 572 1393 ἀναβῶσιν
610 1343 657 1383 ὲκ
700 1343 851 1385 Πασών
890 1343 976 1384 τῶν
1014 1342 1164 1398 φυλῶν
1201 1345 1278 1383 τῆς
1322 1345 1395 1389 Γιῑε
1435 1339 1495 1382 εἰς
1526 1342 1686 1397 Ἰερου-

169 1424 311 1473 σαλήμ
345 1428 415 1466 τοῦ
450 1428 742 1482 Προσκυνιῖσαι
776 1427 837 1479 τῷ
872 1422 1034 1475 βασιλεῖ
1070 1424 1201 1482 κυρίῳ
1234 1426 1552 1482 Παντοκράτορι
1579 1424 1689 1478 Θεῷ,

173 1506 241 1547 καί
278 1505 395 1549 οὗτοι
433 1508 613 1550 ἐκείνοις
650 1508 1032 1565 Προστεθήσονται.

40 1672 88 1711 15
183 1639 308 1694 Τοὺς
333 1645 433 1694 ταῖς
459 1641 730 1705 ε”κκλησιάις
755 1640 1156 1705 πεπολεμηκότας,
1182 1642 1256 1690 καὶ
1291 1639 1411 1690 κατὰ
1444 1642 1527 1702 τῆς
1561 1640 1697 1705 ἁγίας

107 1720 425 1787 Ἰερουσαλὴμ
469 1721 666 1791 ὑψηλήν
709 1746 759 1774 τε
803 1725 878 1773 καὶ
924 1721 1132 1788 ἀλαζόνα
1182 1722 1267 1785 τὴν
1311 1720 1463 1788 ὀφρὺν
1508 1722 1690 1772 ἀνατεί-
1716 1741 1737 1767 e

111 1825 299 1866 ναντας,
335 1808 437 1857 ταῖς
471 1805 627 1857 αὐτοῖς
661 1804 955 1870 πρεπούσαις
990 1805 1136 1856 δίκαις
1174 1802 1506 1866 ἐνολισθήσειν
1538 1802 1697 1860 εἰπὼν,

110 1883 198 1947 τὴν
234 1889 330 1934 τῶν
366 1886 464 1948 μετ’
499 1886 694 1939 ἐκείνους
732 1884 1158 1951 περιλελειμμένων
1195 1884 1501 1950 προαγορεύει
1545 1906 1700 1949 προσ-

113 1966 324 2030 κύνησιν,
359 1967 506 2029 δῆλον
541 1967 590 2016 δὲ
629 1967 699 2016 ὅτι
738 1966 823 2030 τὴν
856 1968 905 2016 ἐν
937 1970 1137 2034 Χριστῷ
1175 1965 1251 2015 διὰ
1288 1965 1506 2018 πίστεως.
1563 1964 1701 2018 αὐτὸς

45 2086 95 2111 20
114 2045 207 2113 γάρ
233 2049 364 2098 ἐστιν
391 2049 419 2111 ἡ
445 2052 540 2099 τῶν
565 2049 712 2099 ἐθνῶν
737 2048 1003 2114 προσδοκια
1037 2070 1157 2098 κατα
1181 2047 1267 2111 τὴν
1291 2052 1374 2098 τοῦ
1407 2047 1702 2113 πατριάρχου
1763 2060 1847 2133 §len-

115 2128 294 2198 φωνήν.
357 2129 553 2180 τεθειται
593 2129 641 2180 δε
680 2131 756 2180 καὶ
788 2137 814 2158 “
831 2152 893 2182 εις
932 2133 1035 2197 φῶς
1073 2130 1232 2191 ἐθνῶν,
1272 2130 1347 2179 καὶ
1382 2134 1443 2183 εἰς
1478 2127 1702 2193 διαθήκην
1763 2109 1910 2205 ἒζῖκῗιῗ.

115 2218 142 2240 “
166 2210 342 2276 γένους,
394 2211 577 2279 ἀνοῖξαι
627 2209 908 2279 ὀφθαλμους
959 2214 1170 2279 τυφλῶν,
1223 2233 1299 2260 και
1357 2210 1606 2278 ἐξαγαγεῖν
1655 2210 1703 2258 ἐκ
1765 2188 1793 2227 6'
1818 2206 1844 2227 “

115 2298 144 2321 “
170 2295 359 2354 δεσμῶν
404 2292 669 2356 δεδεμένους
710 2293 785 2342 καὶ
824 2292 878 2360 ἐξ
915 2291 1042 2342 οἴκου
1077 2295 1295 2359 φυλακῆς
1335 2290 1620 2354 καθημένους
1657 2292 1745 2340 ἐνα
1775 2301 1857 2335 810
1873 2297 1925 2332 A·

117 2379 145 2403 ‘⁶
168 2372 369 2425 σκότει.”
412 2373 482 2424 ὅτι
507 2373 662 2424 τοίνυν
687 2373 774 2438 τὴν
793 2376 875 2437 τῆς
901 2373 1288 2439 εἰδωλολατρείας
1315 2372 1510 2440 ἀφέντες
1536 2370 1704 2439 ἀχλὺν,

50 2482 98 2521 25
117 2456 192 2506 καὶ
218 2457 301 2519 τῆς
326 2460 409 2506 τοῦ
436 2454 666 2516 διαβόλου
700 2454 980 2520 σκαιότητος
1013 2453 1072 2505 τὰ
1107 2454 1260 2517 δεσμὰ
1295 2454 1625 2522 διαῤῥήξαντες
1663 2457 1706 2504 οἱ

168 2641 201 2672 4.
227 2627 406 2674 ἡμέρων]
397 2642 494 2673 ιερων
512 2627 554 2663 C.
662 2636 694 2673 7.
720 2626 970 2669 κατεδικάζοντο
990 2626 1030 2661 C.
1049 2626 1279 2669 κατεδικάζετο
1298 2625 1390 2660 Edd.
1496 2626 1529 2660 8.
1554 2625 1595 2660 ἂν
1613 2626 1706 2661 Edd.

122 2675 237 2719 (Alex.
258 2687 314 2720 49,
336 2674 411 2709 106.
417 2675 464 2719 )’
447 2675 552 2709 εὰνΟ
764 2686 797 2719 9.
824 2674 1038 2708 επελθόντων
1056 2673 1092 2707 F.
1113 2674 1183 2716 (42.
1189 2677 1200 2716 )
1403 2683 1455 2706 10.
1482 2675 1556 2718 Θεῷ
1574 2684 1644 2707 om.
1664 2673 1705 2707 C.

121 2721 232 2756 inv1to
251 2721 288 2756 F.
309 2721 405 2767 [ante
421 2700 624 2766 παντοκράτ.
642 2726 685 2754 tr.
705 2720 781 2764 (23,
800 2719 857 2763 36,
876 2730 955 2764 311.
975 2719 1038 2753 CO.
1043 2718 1077 2764 )]
1323 2729 1375 2752 11.
1401 2719 1645 2763 σκηνοπηγείας
1664 2719 1705 2754 C.

127 2779 180 2802 12.
208 2768 265 2802 ἐὰν
284 2767 324 2802 C.
345 2768 404 2811 (Α.
408 2768 453 2802 V
472 2768 552 2810 διο.)
617 2770 683 2801 τῶν
701 2778 771 2800 om.
791 2766 829 2799 F.
849 2765 941 2799 Edd.
1217 2776 1268 2809 13.
1297 2767 1371 2811 Θεῷ
1390 2777 1460 2799 om.
1480 2765 1521 2799 C.
1540 2766 1649 2799 invito
1669 2766 1705 2800 F.

126 2813 223 2859 [ante
239 2814 441 2858 παντοκράτ.
460 2820 503 2847 tr.
524 2812 596 2858 (36,
616 2823 696 2857 311.
716 2811 779 2846 CO.
784 2811 814 2857 )]
988 2820 1063 2866 17.
1089 2812 1204 2847 αυτοῖς
1222 2811 1304 2856 (Sic)
1326 2800 1706 2856 Ο.18.περι-

124 2860 335 2903 λελιμμένων
353 2860 395 2895 C.
459 2860 711 2905 προαγόρευσιν
728 2869 790 2902 pro
806 2872 1028 2902 προαγορευει
1045 2857 1278 2901 προσκύνησιν
1296 2857 1337 2892 C.
1511 2869 1564 2892 21.
1583 2873 1630 2893 εις
1647 2859 1705 2892 alt.

126 2917 197 2940 om.
217 2905 258 2939 C.
714 2915 768 2938 22.
796 2904 972 2948 ἐξαγαγεῖν
991 2904 1032 2938 C.
1051 2905 1184 2950 εξάγειν
1204 2904 1295 2939 Edd.
1346 2904 1522 2939 Neutrum
1540 2904 1644 2939 habet
1664 2905 1706 2939 B.

129 2961 184 2997 25.
210 2951 391 2997 διαβόλου]
417 2956 452 2992 -Ι-
475 2952 528 2985 καὶ
547 2951 637 2986 Edd.
657 2950 935 2996 repugnantibus
955 2950 995 2985 B.
1002 2950 1042 2985 C
