2028 3356
74 295 179 326 Exod.

73 350 150 370 xxv.
173 338 233 369 18—

76 393 124 414 21.

74 444 106 473 S.
123 444 222 474 Joan.

73 498 93 517 1.
118 496 165 527 14‘

76 1364 155 1397 551
173 1363 221 1397 A.

74 1775 96 1803 S
124 1775 221 1804 0105111.

74 1819 119 1849 iii.
142 1828 186 1857 17.

258 1374 279 1396 ss

256 2127 282 2166 1)

300 163 381 202 122
690 164 738 204 Β.
783 162 1060 204 CYRILLI
1099 162 1489 204 ALEXANDR.
1762 162 1821 204 iii.
1843 175 1879 203 2.

297 272 582 335 πεποιημένα
624 271 933 337 περιειστήκει
974 271 1027 322 τὸ
1064 271 1355 338 ἱλαστήριον,
1390 271 1449 323 τὰ
1487 270 1725 336 πρόσωπα
1764 271 1882 337 πρὸς

296 352 409 404 αὐτὸ
436 355 750 404 συντείνοντα.
808 353 1000 418 α’ίνιγμα
1027 352 1074 404 δὲ
1099 351 1157 417 ἦν
1182 354 1236 404 τὸ
1263 356 1421 420 χρῆμα
1444 353 1591 404 πάλιν
1617 354 1881 418 μυστηρίου

296 441 379 487 τοῦ
414 435 532 487 κατὰ
566 435 795 501 Χριστόν.
861 437 1025 502 γε’γονε
1059 434 1144 498 μὲν
1182 435 1275 502 γὰρ
1314 435 1444 505 σὰρξ
1478 437 1503 486 ὁ
1531 435 1701 502 Λόγος,
1735 436 1882 486 καίτοι

298 517 420 572 Θεὸς
469 521 544 567 καὶ
597 519 769 584 Κύριος
818 523 912 568 τῶν
964 517 1091 569 ὅλων
1135 517 1377 586 ὑπάρχων,
1422 521 1483 572 ὡς
1534 519 1583 569 ἐκ
1636 522 1759 569 Θεοῦ
1809 521 1883 568 καὶ

301 600 490 666 Πατρὸς
515 601 736 669 πεφηνὼς
761 600 880 651 κατὰ
908 601 1072 668 φύσιν.
1125 601 1236 651 ἀλλ’
1265 606 1302 651 εἰ
1341 603 1415 651 καὶ
1451 601 1613 667 γέγονε
1637 601 1781 670 σὰρξ,
1809 603 1884 652 καὶ

297 683 492 733 τέθειται
536 682 667 749 παρὰ
717 689 799 734 τοῦ
851 681 1042 748 Πατρὸς
1088 683 1378 748 ἱλαστήριον,
1424 684 1508 734 οὐκ
1554 684 1885 748 ἀποβέβληκεν

297 764 410 830 ὅπερ
447 763 517 829 ἦν,
550 765 780 827 τουτέστι,
815 765 870 817 τὸ
905 763 1018 817 εἶναι
1057 766 1194 819 Θεός·
1245 765 1357 816 ἀλλ’
1400 765 1503 816 ε”στι
1541 768 1616 816 καὶ
1654 767 1798 819 οὕτως
1837 768 1886 816 ἐν

293 846 488 917 ἐξουσίᾳ
514 850 588 898 καὶ
615 847 732 917 δόξῃ
763 852 821 916 τῇ
849 853 1109 914 θεοπρεπεῖ,
1136 850 1212 898 καὶ
1239 847 1387 900 πάλιν
1413 846 1554 899 αὑτὸν
1579 853 1886 915 περιεστᾶσιν

293 932 340 980 αἱ
379 929 476 981 ἅνω
516 929 744 994 δυνάμεις,
771 931 854 985 τὰς
890 932 1049 984 αὐταῖς
1079 931 1457 996 συντεταγμένας
1482 932 1886 996 ἀποπεραίνουσαι

293 1013 599 1080 λειτουργίας.
667 1013 885 1081 ταύτῃτοι
919 1013 978 1064 τὰ
1012 1015 1257 1080 Χερουβὶμ
1295 1018 1572 1080 περιεστᾶσι
1606 1013 1659 1064 τὸ
1688 1013 1885 1078 ἱλαστή-

294 1118 409 1160 ριον,
431 1099 505 1146 καὶ
528 1094 647 1162 πρὸς
673 1095 785 1147 αὐτὸ
811 1096 1050 1157 βλέπουσι
1077 1096 1152 1147 διὰ
1178 1095 1367 1150 παντός.
1418 1096 1522 1150 ε”θος
1548 1096 1641 1163 γὰρ
1661 1102 1761 1151 ταῖς
1788 1097 1885 1147 ἅνω

296 1178 566 1242 δυνάμεσιν,
594 1180 746 1246 ἁγίαις
773 1181 935 1233 οὔσαις
964 1182 1038 1230 καὶ
1071 1178 1346 1244 πανάγνοις,
1376 1180 1443 1230 ἀεὶ
1476 1180 1887 1231 κατασκέπτεσθαι

296 1263 355 1314 τὰ
392 1268 530 1327 Θεοῦ,
564 1267 640 1316 καὶ
673 1269 735 1319 εἷς
769 1264 911 1315 αὐτὸν
949 1264 1157 1327 βλέπειν,
1194 1267 1268 1315 καὶ
1308 1268 1369 1318 εὶς
1407 1264 1466 1316 τὰ
1505 1267 1630 1334 αὐτῷ
1661 1269 1888 1316 δοκοῦντα

297 1349 371 1398 καὶ
400 1348 522 1415 φίλα
545 1347 804 1417 τετράφθαι
840 1346 916 1398 διὰ
953 1346 1147 1401 παντός.
1214 1346 1433 1423 ’γνωσθήσῃ
1468 1346 1524 1411 δὴ
1560 1348 1657 1407 οὖν,
1685 1345 1721 1398 ὦ
1759 1348 1887 1398 Δέσ-

296 1453 435 1492 ποτα,
457 1433 593 1499 φησὶ,
621 1432 689 1484 τίς
716 1430 818 1499 ἔσῃ,
845 1429 952 1481 καθ’
975 1431 1094 1494 ἡμᾶς
1119 1430 1338 1497 γεγονώς·
1381 1430 1450 1481 ὅτι
1475 1430 1568 1497 γὰρ
1595 1430 1886 1497 ἱλαστήριον,

297 1516 360 1567 ὡς
411 1516 460 1564 ἐκ
510 1513 888 1580 παραδείγματος
934 1519 1017 1564 τοῦ
1060 1515 1107 1564 ἐν
1152 1518 1210 1581 τῇ
1251 1513 1365 1581 ἁγίᾳ
1413 1519 1580 1581 σκηνῇ,
1623 1513 1888 1581 γνωσθήσῃ

297 1601 485 1663 σαφῶς.
557 1596 760 1660 ἕστηκας
803 1594 896 1662 γὰρ
940 1597 978 1647 ἐν
1027 1595 1155 1665 μέσῳ
1205 1593 1276 1646 δύο
1327 1594 1459 1666 ζῴων,
1513 1595 1743 1658 τουτέστι,
1795 1601 1889 1646 τῶν

298 1680 556 1744 Χερουβὶμ,
579 1680 653 1729 καὶ
679 1678 826 1742 ὄνομα
847 1701 940 1739 σοι,
961 1677 1015 1728 τὸ
1039 1677 1329 1743 ἱλαστήριον.
1383 1679 1457 1728 καὶ
1485 1678 1665 1742 ἀληθὴς
1683 1680 1707 1728 ὁ
1728 1678 1886 1744 λόγος·

299 1763 361 1815 ὡς
395 1761 488 1827 γὰρ
524 1761 662 1815 αὑτός
690 1766 840 1830 φησιν
876 1763 901 1812 ὁ
933 1760 1146 1826 Χριστός
1172 1761 1322 1811 “Ozhc
1357 1760 1638 1811 ἀπέστειλεν
1665 1762 1690 1811 ὁ
1720 1760 1888 1826 Πατὴρ

299 1851 325 1873 “
349 1841 431 1894 τὸν
457 1842 574 1894 Υἱόν
608 1847 670 1898 εἰς
704 1843 788 1894 τὸν
824 1843 1019 1905 κόσμον,
1047 1843 1121 1893 ἵνα
1160 1844 1292 1912 κρίνῃ
1318 1841 1402 1893 τὸν
1428 1841 1633 1907 κόσμον·
1674 1845 1782 1894 ἀλλ’
1813 1845 1887 1894 ἵνα

298 1933 325 1955 “
353 1930 490 1994 σωθῇ
518 1927 542 1976 ὁ
569 1927 748 1990 κόσμος
775 1927 829 1977 δι’
860 1927 1049 1976 αὐτοῦ.”

296 2120 371 2161 Ἐν
400 2122 460 2174 τῷ
486 2120 654 2176 ἑΠ-ίζειν
680 2121 729 2161 τὰ
758 2121 847 2170 ἓτΗ,
872 2120 1187 2176 ἐΠιΓνωοΘήσῌ’
1229 2120 1273 2160 ἐν
1301 2121 1362 2173 τῷ
1398 2117 1595 2176 Παρεῖναι
1630 2120 1702 2161 τὸν
1738 2120 1885 2177 καιρὸν

368 2205 670 2263 ἀναδειχθήοῌ.

376 2301 848 2371 Προκεχρησμῴδηκε
889 2301 974 2363 μὲν
1019 2304 1044 2352 ὁ
1087 2301 1228 2364 νόμος
1262 2300 1316 2352 τὸ
1354 2305 1571 2367 Χριστοῦ
1608 2300 1885 2367 μυστήριον·

301 2388 377 2437 καὶ
414 2385 508 2449 μὴν
543 2389 618 2437 καὶ
649 2386 673 2435 ὁ
706 2390 800 2435 τῶν
824 2385 971 2450 ἁγίων
1006 2389 1267 2454 προφητῶν
1304 2383 1690 2450 προανεκεκράγει
1730 2383 1884 2451 χορός·

352 2539 379 2560 1.
405 2525 613 2570 περιιστὴκει
634 2526 678 2559 D.
1027 2537 1058 2559 2.
1086 2525 1124 2568 ἧν
1141 2530 1361 2568 assumptum
1380 2536 1419 2557 ex
1441 2524 1521 2557 na.
1588 2524 1775 2568 μυστήριον
1795 2525 1884 2559 Edd.

300 2575 369 2607 inv.
392 2574 516 2607 ss.l).a.
705 2584 738 2617 3.
766 2574 855 2617 σάρξ
874 2575 891 2605 ὁ
910 2575 1012 2618 λόγος
1030 2573 1095 2606 hoc
1113 2572 1235 2606 ordine
1256 2572 1334 2605 l).a.
1353 2571 1423 2604 inv.
1446 2570 1486 2604 B.
1654 2584 1687 2613 4.
1706 2572 1883 2617 ὑπάρχων]

299 2622 345 2653 ὢν
374 2621 417 2653 Ι).
488 2620 570 2653 Post
591 2619 657 2653 hoc
675 2632 707 2653 v.
726 2621 769 2654 ὡς
788 2620 821 2653 ἐκ
849 2623 937 2653 θεοῦ
963 2621 1015 2653 καὶ
1040 2621 1167 2664 πατρὸς
1193 2622 1258 2653 τῶν
1282 2618 1372 2651 ὅλων
1397 2618 1557 2662 ὑπάρχων
1582 2617 1662 2651 add.
1692 2617 1783 2651 Edd.
1806 2626 1886 2652 ante

302 2668 424 2711 Migne
441 2667 557 2701 invitis
575 2667 751 2701 omnibus.
803 2668 854 2700 καὶ
875 2668 933 2701 alt.
952 2679 1021 2701 0111.
1044 2666 1085 2700 B.
1275 2675 1308 2708 5.
1335 2665 1494 2708 πεφυκὼς
1516 2664 1559 2697 l).
1750 2665 1782 2698 6.
1806 2665 1884 2699 ἀλλ’

301 2715 360 2747 οὐκ
380 2714 426 2747 D.
611 2723 640 2758 7.
668 2715 706 2747 τὸ
725 2711 805 2748 εἶναι
824 2726 893 2747 0111.
914 2714 960 2747 D.
1011 2715 1096 2749 Θεὸς
1113 2711 1194 2747 εἶναι
1213 2713 1283 2746 inv.
1302 2711 1377 2745 ord.
1400 2711 1440 2744 B.
1628 2712 1661 2744 8.
1688 2713 1726 2754 τῇ
1745 2724 1816 2745 om.
1839 2712 1882 2746 l).

301 2775 454 2803 περιεστ.
472 2761 572 2794 αὐτὸν
589 2761 660 2795 inv.
678 2760 754 2795 ord.
776 2761 821 2795 D.
1003 2772 1054 2794 10.
1084 2775 1136 2793 τοι
1154 2764 1372 2803 assumptum
1393 2770 1433 2790 ex
1455 2756 1580 2791 B.D.a.
1752 2769 1803 2793 11.
1831 2761 1884 2793 καὶ

302 2819 372 2839 υῐη.
394 2808 438 2841 l).
486 2808 659 2846 βλέποντα
679 2808 725 2842 l).
912 2819 964 2851 13.
992 2808 1030 2841 τὰ
1049 2806 1162 2852 prius]
1186 2810 1222 2847 4-
1243 2807 1302 2839 τοῦ
1321 2803 1411 2838 Edd.
1609 2815 1661 2846 14.
1688 2804 1713 2838 ὦ
1731 2805 1881 2840 δέσποτα

301 2854 391 2896 φησὶ
410 2853 475 2887 hoc
492 2854 612 2888 ordine
631 2855 712 2888 lla.
764 2855 889 2889 Statim
907 2870 937 2889 τι
956 2854 1044 2899 (sic)
1066 2855 1106 2888 B.
1300 2861 1351 2895 17.
1376 2851 1442 2896 γὰρ
1459 2863 1528 2884 om.
1547 2862 1577 2884 a.
1747 2863 1801 2886 20.
1824 2854 1883 2886 τὸν

301 2898 389 2944 υἱὸν]
411 2911 479 2933 non
499 2901 595 2934 addit
613 2902 715 2935 αὑτοῦ
734 2902 780 2935 l).
1207 2910 1261 2933 21.
1288 2898 1329 2931 δι’
1348 2898 1450 2931 αὐτοῦ
1469 2899 1486 2929 ὁ
1504 2899 1630 2941 κόσμος
1647 2898 1716 2931 inv.
1736 2899 1812 2933 ord.
1834 2900 1879 2933 D.

303 2957 359 2980 22.
384 2947 568 2990 γνωσθήσῃ
589 2948 624 2982 F.
644 2948 742 2989 (Co.)
1095 2959 1149 2990 24.
1177 2944 1446 2991 Κεχρησμῴδηκε
1467 2944 1558 2978 Edd.
1623 2945 1658 2978 δέ
1677 2957 1738 2990 pro
1755 2947 1815 2990 μὲν
1833 2946 1880 2981 D.

303 3004 356 3037 25.
382 2995 663 3039 προιινιικεκράγει
684 2995 729 3029 l).

1903 621 1925 658 01

1911 1038 1955 1062 10

1910 1865 1957 1890 20
