2049 3366
129 211 264 235 CYRUS.

131 321 292 362 Corona,
314 326 351 357 ct
373 320 513 357 Christi
534 327 571 357 et
591 320 888 356 Christianorum

185 386 303 432 qualis
324 386 371 421 sit
393 387 469 423 706
491 386 570 431 cd3
606 388 680 422 707
703 385 769 421 dc.

132 448 383 486 Correctionis
422 456 583 498 tempus,
632 451 677 486 de
718 450 890 485 Adventu

187 513 328 550 Christi
350 515 489 551 dictum
514 516 590 551 829
613 527 645 550 c.

133 579 401 626 Correptionis,
435 580 526 621 dies,
564 580 649 628 quid
682 580 729 615 sit
759 581 808 615 86
840 579 892 624 b3

189 645 238 679 88
261 656 290 678 c.

135 706 349 756 Corruptio,
363 708 493 756 judicii
514 709 594 745 Deo
615 721 729 745 exosa
749 710 825 745 422
848 720 892 753 c3

188 772 376 814 Justitiae,
404 774 495 823 legis
519 780 575 810 est
600 774 788 821 corruptio
817 775 893 809 520

190 837 212 872 d
232 850 241 883 3
286 838 454 885 judicum
497 839 726 875 Judaeorum
769 850 893 885 repre-

190 902 365 938 henditur
396 906 472 940 520
495 916 542 950 e3
574 903 808 939 sacerdotum
840 902 893 937 ls-

191 967 312 1008 raelis,
331 967 399 1003 sibi
420 969 509 1016 ipsis
530 969 645 1004 exitio
666 968 735 1004 fuit
755 969 832 1003 610
850 979 880 1002 e.

137 1033 295 1068 Creator
333 1033 512 1075 omnium,
553 1033 663 1069 debet
701 1033 778 1068 Rex
819 1044 897 1068 om-

191 1096 294 1132 nium
315 1097 443 1133 haberi
465 1101 541 1134 300
564 1097 630 1133 ab.

139 1161 322 1198 Creatura
368 1162 452 1198 ideo
500 1168 625 1198 creata
664 1168 733 1204 est,
774 1167 815 1197 ut
851 1160 898 1196 ad

193 1226 412 1263 Creatorem
429 1227 581 1263 duceret
601 1229 671 1264 181
692 1239 711 1262 e
729 1239 739 1272 3
770 1225 897 1262 Chris-

194 1297 274 1327 tum
305 1292 534 1328 Crucifixum
567 1292 717 1328 deflevit
748 1293 823 1328 338
852 1302 900 1336 a3

195 1369 268 1404 quo
295 1369 406 1392 sensu
432 1369 562 1393 vocem
592 1357 701 1393 edere
732 1356 901 1392 videatur

197 1423 273 1458 539
305 1434 324 1457 e
346 1436 353 1463 ;
409 1428 495 1470 post
538 1421 727 1458 Judicium
772 1432 902 1468 supre-

195 1499 297 1522 mum
344 1486 583 1523 reformanda
629 1492 686 1522 est
730 1487 808 1522 800
848 1497 867 1520 e
892 1497 902 1530 3

197 1553 271 1588 801
296 1563 329 1587 a.

144 1615 271 1658 Creta,
302 1616 500 1652 herbarum
537 1616 714 1652 odoribus
744 1614 903 1662 insignis

201 1682 277 1717 596
301 1681 323 1718 b
339 1694 350 1729 3
380 1681 494 1717 exitio
515 1681 720 1717 devovetur
743 1682 818 1717 597
841 1691 870 1715 e.

145 1745 358 1789 Cretenses,
398 1759 466 1794 pro
509 1745 757 1782 Phoenicibus
794 1743 905 1792 positi

202 1813 279 1848 596
301 1823 348 1857 a3
378 1813 454 1848 597
477 1823 496 1846 c
517 1823 527 1856 3
556 1810 645 1846 item
666 1822 732 1858 pro
753 1808 905 1855 Libycis

203 1877 280 1912 596
302 1888 335 1912 e.

147 1940 336 1981 Cribrum,
350 1939 475 1976 Divini
494 1939 631 1976 Judieii
651 1944 762 1988 typus
779 1940 854 1975 348
869 1937 905 1973 d.

147 2004 263 2047 CruX‚
302 2005 591 2040 instrumentum
634 2003 814 2052 triumphi
852 2002 907 2038 sui

204 2069 390 2106 Salvatori
418 2069 488 2105 fuit
519 2071 568 2106 25
598 2068 649 2113 63
689 2081 710 2104 a
737 2068 841 2116 ligno
871 2067 908 2102 in

203 2147 316 2182 aquas
346 2146 490 2170 amaras
520 2134 688 2170 immisso
722 2133 907 2181 praefigu-

202 2205 284 2235 rata
305 2202 380 2236 347
401 2199 425 2234 b
441 2211 450 2245 3
482 2198 671 2235 Ecclesiae
691 2198 811 2246 gloria
832 2200 907 2234 623

204 2265 229 2301 b
243 2277 288 2315 c3
316 2264 350 2301 ei
370 2265 606 2301 offenderunt
621 2263 756 2300 Judaei
770 2266 847 2300 679
865 2276 908 2305 a;

206 2329 275 2365 sub
306 2330 427 2377 figura
455 2329 584 2365 foveae
613 2329 803 2377 praedicta
833 2330 909 2364 679

206 2393 284 2439 ab3
313 2393 478 2434 Judaeis,
509 2393 547 2429 in
576 2406 620 2429 eo
649 2393 910 2434 incidentibus,

206 2457 328 2500 fovea,
364 2458 600 2493 credentibus
639 2458 738 2494 salus
770 2463 807 2494 et
839 2458 913 2494 lae-

207 2522 290 2559 titia
328 2523 405 2558 680
435 2521 458 2557 b
479 2534 499 2558 c
518 2533 529 2567 3
575 2534 642 2570 pro
680 2522 819 2570 insigni
857 2527 914 2558 est

208 2586 398 2623 Ecclesiae
438 2588 511 2623 751
545 2599 565 2622 e
581 2599 591 2632 3
630 2586 793 2628 inventa,
829 2599 913 2623 cum

209 2651 323 2688 clavis
337 2651 476 2692 infixis,
492 2656 660 2699 tempore
676 2651 914 2688 Constantini

212 2717 288 2753 812
311 2728 340 2752 e.

158 2780 372 2822 Cucurbsta,
385 2780 408 2816 J
412 2791 516 2825 onae,
536 2779 606 2815 Dei
625 2780 816 2816 voluntate
837 2781 916 2816 sola

211 2858 287 2880 non
306 2845 421 2881 verbo
442 2849 567 2880 creata
588 2846 662 2881 387
684 2845 720 2880 b.

159 2909 300 2956 Culpae
319 2909 342 2945 J
347 2909 550 2946 udaeorum
570 2909 713 2956 priores
737 2915 916 2957 purgatae

213 2979 301 3009 sunt
319 2986 386 3021 per
405 2973 660 3021 captivitatem
682 2976 757 3010 714
778 2973 813 3010 b.

670 194 876 233 INDEX
939 194 1184 233 RERUM.

1641 196 1690 228 435
1697 195 1718 227 9

962 318 1116 362 Currus,
1132 320 1187 356 i.e.
1210 319 1408 355 bellatores
1429 317 1510 365 ipsi,
1529 314 1718 352 evertendi

1015 385 1278 431 praedicuntur
1299 386 1375 419 648
1393 396 1412 418 c
1431 395 1439 427 3
1472 384 1548 417 649
1567 393 1612 426 c3
1643 381 1720 415 650

1016 462 1064 494 {13
1106 462 1173 497 pro
1211 447 1524 485 incursationibus
1555 444 1719 481 hostium

1017 514 1156 550 dictum
1180 518 1254 551 737
1277 515 1300 549 b
1314 527 1345 549 c.

963 578 1154 620 Custodia,
1173 579 1459 627 Prophetarum,
1478 581 1640 611 mentem
1659 586 1721 609 va-

1017 656 1123 679 cuam
1145 650 1181 680 et
1197 644 1391 679 sublimem
1407 643 1561 678 denotat
1583 641 1658 676 532
1677 651 1698 673 a
1714 651 1724 683 3

1018 709 1106 744 item
1137 709 1363 757 spiritualem
1394 709 1430 742 in
1455 705 1566 742 corde
1596 704 1722 739 obscr-

1020 774 1204 809 vationem
1228 777 1302 810 574
1325 786 1357 808 a.

966 839 1181 879 Custodiae,
1204 839 1260 874 i.e.
1288 835 1577 873 consuetudines
1602 844 1724 869 sacer-

1019 904 1148 939 dotum
1180 904 1364 943 solennes,
1386 902 1432 937 ab
1462 900 1505 936 iis
1531 898 1725 947 neglectae

1021 971 1096 1005 589
1119 982 1150 1005 a.

968 1034 1126 1082 Cyrene,
1150 1033 1249 1081 quod
1279 1032 1314 1067 in
1337 1032 1419 1067 sinu
1447 1030 1590 1069 lateret,
1612 1040 1633 1062 a
1656 1025 1725 1062 Ju-

1022 1099 1122 1134 daeis
1147 1097 1414 1133 contumeliose
1436 1095 1566 1130 ‘fovea
1580 1093 1587 1105 ’
1609 1090 1727 1127 nomi-

1023 1169 1110 1199 nata
1143 1165 1218 1200 348
1250 1174 1295 1208 c;

1024 1228 1254 1264 Phoenicum
1300 1224 1524 1261 incunabula
1568 1223 1644 1258 596
1676 1220 1698 1255 d
1720 1232 1728 1265 3

1025 1295 1100 1329 597
1123 1305 1152 1328 c.

972 1358 1147 1407 Cyrillus,
1170 1369 1282 1405 quare
1312 1354 1501 1402 scripserit
1526 1355 1547 1389 2
1569 1352 1615 1392 b;
1646 1350 1730 1385 lite-

1344 1160 1431 1196 urbs
1464 1156 1726 1196 illustrissima,

1026 1423 1139 1459 ralem
1167 1433 1317 1458 sensum
1346 1418 1511 1455 defendit
1542 1419 1585 1453 11
1610 1428 1620 1461 3
1655 1414 1731 1450 edi-

1026 1487 1128 1523 tione
1185 1485 1433 1533 Septuaginta
1488 1483 1734 1528 interpretum

1028 1552 1144 1588 utitur
1194 1553 1240 1587 18
1279 1550 1329 1595 b3

1028 1623 1170 1666 partem
1218 1614 1403 1663 recolligit
1441 1614 1490 1649 63
1530 1611 1576 1652 b;
1627 1609 1734 1646 electi

1379 1549 1528 1585 Hoseae
1572 1546 1734 1594 priorem

1028 1681 1155 1730 populi
1182 1680 1357 1716 duritiam
1384 1675 1627 1724 obstupescit,
1658 1676 1732 1710 104

1030 1747 1078 1787 d;
1126 1745 1360 1794 quorundam
1401 1743 1446 1778 de
1480 1740 1604 1777 verbis
1645 1740 1734 1775 Pro-

1030 1811 1164 1859 phetae
1196 1811 1315 1845 Amos
1341 1808 1387 1844 vi.
1422 1809 1482 1850 10,
1513 1803 1737 1841 sententiam

1031 1883 1224 1912 aversatus
1263 1875 1338 1911 319
1374 1885 1422 1918 c3
1470 1870 1592 1906 Jonae
1630 1880 1736 1917 prae-

1030 1941 1141 1982 fatus,
1186 1940 1231 1975 de
1275 1935 1582 1985 interpretatione
1628 1939 1736 1981 typo-

1032 2019 1114 2041 rum
1169 2004 1349 2052 quaedam
1398 2001 1585 2048 sapienter
1632 1997 1737 2034 insti-

1032 2070 1104 2106 tuit
1154 2071 1228 2106 365
1271 2081 1316 2109 c;

1034 2135 1167 2172 deinde
1191 2131 1420 2181 spiritualem
1447 2141 1596 2166 sensum
1624 2127 1740 2176 expli-

1374 2066 1496 2114 primo
1543 2063 1737 2104 literalem,

1034 2213 1117 2236 care
1137 2199 1232 2235 solet
1254 2199 1329 2234 335
1351 2209 1385 2232 e.

981 2265 1113 2315 Cyrus,
1129 2263 1296 2301 Judaeos
1312 2261 1350 2297 in
1371 2247 1528 2308 patriam
1549 2257 1740 2294 dimittens

1034 2329 1207 2366 laudatur
1237 2330 1286 2364 29
1316 2327 1370 2371 b3
1404 2327 1478 2361 123
1509 2336 1554 2364 a;
1590 2324 1663 2358 165
1695 2334 1741 2367 c3

1037 2397 1111 2431 201
1136 2407 1181 2435 a;
1220 2394 1295 2428 232
1319 2391 1371 2436 d3
1406 2388 1556 2433 294d3
1592 2389 1740 2432 350c3

1038 2458 1187 2503 460d3
1225 2456 1372 2500 463b3
1413 2455 1488 2490 548
1511 2465 1556 2497 a3
1598 2453 1674 2487 595
1697 2463 1742 2496 c3

1039 2525 1115 2560 627
1138 2535 1184 2568 a3
1215 2521 1284 2557 Dei
1305 2531 1433 2556 servus
1456 2520 1530 2553 165
1553 2529 1599 2563 a3
1630 2527 1743 2563 quare

1037 2587 1138 2624 leoni
1164 2590 1401 2633 comparatus
1426 2584 1500 2619 165
1518 2582 1567 2627 d3
1599 2583 1675 2616 495
1693 2579 1716 2614 d
1732 2592 1742 2625 3

1037 2650 1318 2688 tabernaculum
1355 2646 1512 2684 Davidis
1551 2644 1745 2681 suscitabit

1038 2716 1205 2752 Judaeos
1258 2714 1295 2749 in
1346 2712 1503 2761 patriam
1550 2710 1746 2746 remittens

1042 2783 1118 2817 350
1136 2792 1155 2815 c
1172 2792 1180 2824 3
1208 2777 1374 2815 Judaeos
1394 2777 1619 2813 liberaturus
1638 2787 1746 2822 prae-

1041 2846 1161 2881 dictus
1192 2849 1249 2880 est
1284 2844 1360 2879 493
1393 2854 1440 2886 c;
1479 2841 1554 2876 irae
1588 2839 1746 2875 Divinae

1041 2910 1078 2945 in
1099 2908 1333 2956 Babylonem
1358 2906 1646 2942 instrumentum
1669 2907 1745 2942 463

1042 2975 1087 3019 63
1123 2975 1199 3009 489
1231 2984 1280 3016 a3
1317 2984 1398 3008 eam
1424 2977 1601 3019 tanquam
1627 2970 1747 3006 lutum

1168 3049 1286 3088 41³2
