1997 3361
91 166 145 206 iii.
177 170 237 208 16.
523 173 593 214 IN
641 177 914 218 ABACUO.
977 179 1124 220 TUM.
1163 181 1219 221 ΙΙ.
1575 183 1645 220 161

85 282 111 302 “
136 276 244 327 Ἐπὶ
295 281 374 342 τῆς
421 283 635 347 φυλακῆς
684 308 773 345 μου
824 288 1076 350 στήσομαι,
1124 291 1198 338 καὶ
1244 287 1530 352 ἐπιβήσομαι
1575 290 1648 339 ἐπὶ
1669 298 1815 370 l›‡¹11¹»r=L

84 362 110 384 “
135 358 323 424 πέτραν,
360 364 434 412 καὶ
471 365 819 418 ἀποσκοπεύσω
858 375 940 420 τοῦ
975 372 1084 420 ἰδεῖν
1128 372 1175 420 τί
1211 369 1415 434 λαλήσει
1449 372 1497 421 ἐν
1535 373 1646 433 ἐμοὶ,

84 444 110 466 “
136 442 209 490 καὶ
253 442 301 492 τί
344 445 580 511 ἀποκριθῶ
622 449 694 498 ἐπὶ
739 448 820 500 τὸν
870 451 1067 520 ε”λεγχόν
1111 453 1244 512 μου·”
1302 452 1454 519 ἕτερος
1499 452 1547 503 δὲ
1591 454 1648 503 αὖ

82 526 110 549 “
136 521 308 586 Ἀκοὴν
351 526 532 589 ἤκουσα
573 530 702 596 παρὰ
751 534 938 599 Κυρίου,
973 537 1046 585 καὶ
1083 534 1304 603 περιοχὴν
1343 540 1402 588 εἷς
1440 534 1498 586 τὰ
1540 536 1648 600 ε”θνη
1709 549 1812 579 Oba‘l-
1835 557 1858 577 ¹-

39 628 62 665 5
83 608 109 631 “
134 603 476 671 ἐξαπέστειλε,”
518 614 592 662 καὶ
651 613 804 676 με’ντοι
868 615 985 682 πρὸς
1040 620 1156 686 τῷδε
1206 622 1280 668 καὶ
1325 618 1350 667 ὁ
1399 617 1648 671 θεσπέσιος

81 687 255 736 Δαυείδ
289 690 641 756 (ζἈκούσομαι,
684 699 820 762 φησὶ,
859 699 908 748 τί
943 699 1146 763 λαλήσει
1186 701 1233 749 ἐν
1274 701 1372 761 ἐμοὶ
1414 700 1585 766 Κύριος
1624 702 1648 751 ὁ
1710 710 1847 784 {uim

82 773 109 795 ‘⁶
135 768 301 822 Θεός.”
351 775 558 826 τοιοῦτόν
582 799 626 826 τι
649 781 724 828 καὶ
750 784 831 829 νῦν
857 781 882 830 ὁ
910 782 1169 848 Προφήτης
1195 782 1468 851 ὑπεμφαίνει
1495 784 1649 847 λέγων
1826 766 1857 794 ”)

79 848 133 899 τό
158 850 486 923 Ἐφυλαξαμην
526 862 602 908 καὶ
638 859 813 920 ἐπτοήθη
840 887 860 921 η
888 859 1052 930 καρδία
1077 887 1175 930 μου.
1242 863 1485 929 τετήρηκα,
1513 867 1647 932 φησὶ,

78 934 172 982 τῶν
209 935 455 999 εἰρημένων
497 937 582 1002 τὴν
622 941 829 1004 δύναμιν·
878 941 975 994 εἶτα
1014 946 1319 1008 κατεπτόημαι
1361 949 1517 999 δεινῶς
1555 946 1647 997 απὸ

12 1029 59 1061 ’ῐο
79 1013 219 1082 φωιίῆς
260 1021 501 1088 προσευχῆς
534 1022 713 1084 χειλέων
750 1049 849 1091 μου.
915 1027 1108 1076 ἐποιεῖτο
1145 1026 1230 1089 μὲν
1267 1026 1359 1093 γὰρ
1397 1028 1493 1090 μετ’
1527 1029 1647 1097 ᾠδῆς

76 1095 161 1160 τὴν
182 1097 298 1164 πρὸς
325 1101 448 1152 Θεὸν
474 1103 676 1167 ἱκετείαν,
702 1108 778 1156 καὶ
811 1105 955 1170 μέλος
993 1107 1050 1172 ἧν
1087 1109 1212 1178 αὐτῷ
1249 1112 1330 1172 τῆς
1360 1112 1644 1178 προφητείας

76 1179 102 1228 ὁ
134 1179 317 1245 τρόπος·
357 1184 466 1233 ἀλλ’
494 1183 551 1248 ἧν
582 1187 607 1235 ὁ
645 1187 825 1242 σκοπὸς
863 1189 988 1258 αὐτῷ
1025 1193 1100 1240 καὶ
1138 1192 1163 1241 ὁ
1202 1197 1307 1245 νοῦς
1342 1193 1424 1242 οὐκ
1461 1196 1522 1245 εἰς
1559 1194 1682 1256 τὴνι·

76 1262 303 1326 εὔρυθμον
336 1265 654 1333 ἀναφώνησιν,
681 1272 1055 1337 κατεπικραίνετο
1093 1273 1140 1323 δὲ
1175 1277 1363 1336 μᾶλλον
1389 1277 1451 1327 εἰς
1477 1274 1643 1336 λύπας,

75 1344 150 1393 καὶ
176 1344 381 1410 περιδεὴς
413 1346 471 1411 ἦν
497 1348 631 1414 ἄγαν,
659 1350 717 1401 τά
751 1353 798 1402 ἐν
835 1352 1052 1421 ἐσχάτοις
1089 1360 1262 1421 καιροῖς
1300 1356 1645 1421 συμβησόμενα

10 1442 56 1481 15
74 1430 168 1479 τοῖς
201 1426 257 1495 ἐξ
287 1427 486 1495 Ἰσραὴλ
523 1434 849 1498 διαρθροῦντος
881 1436 929 1485 ἐν
960 1437 1083 1506 αὐτῷ
1119 1443 1202 1488 τοῦ
1241 1438 1528 1501 Πνεύματος.
1589 1439 1643 1490 τὸ

74 1506 122 1558 δὲ
172 1507 228 1572 δὴ
269 1509 483 1573 μάλιστα
531 1518 760 1581 θορυβοῦν
803 1516 944 1569 αὐτὸν
988 1522 1063 1569 καὶ
1111 1520 1328 1587 ὀρῥωδεῖν
1379 1523 1642 1583 ἀναπεῖθον,

73 1588 191 1640 κατά
222 1613 276 1657 γε
309 1592 363 1643 τὸ
403 1594 533 1658 εἰκὸς,
574 1597 716 1649 ἐκεῖνό
756 1622 848 1651 που
886 1598 1009 1668 τάχα
1046 1603 1121 1652 καὶ
1159 1600 1303 1665 μόνον
1341 1601 1410 1666 ἦν,
1449 1603 1513 1668 μὴ
1552 1605 1642 1670 ἄρα

71 1695 171 1726 πως
195 1673 540 1744 ἐναποληφθείη
573 1684 667 1733 τοῖς
703 1686 871 1744 κακοῖς,
898 1685 972 1733 καὶ
1001 1683 1086 1747 τὴν
1121 1689 1202 1734 τοῦ
1240 1690 1359 1736 λαοῦ
1385 1686 1642 1752 συντριβὴν

72 1754 361 1821 ἐπαθρήσειε,
404 1762 477 1809 καὶ
517 1761 604 1811 ’ίδοι
643 1761 943 1826 βαλλόμενον
982 1763 1067 1827 μὲν
1104 1769 1166 1819 εἷς
1205 1765 1416 1835 κεφαλὰς
1455 1768 1641 1831 ἀνόμων
1702 1768 1807 1851 {mm

6 1860 55 1886 20
73 1834 287 1897 θάνατον,
315 1841 672 1905 διακοπτομένας
707 1843 754 1895 δὲ
788 1845 929 1899 αὐτὰς
962 1849 1008 1897 ἐν
1033 1849 1268 1911 ἐκστάσει,
1293 1851 1367 1900 καὶ
1399 1851 1639 1913 σειομένας
1700 1873 1817 1913 Ib·14-

72 1917 120 1967 ἐν
153 1920 283 1987 αὐτῇ,
311 1921 429 1972 κατά
461 1946 513 1989 γε
550 1924 631 1975 τὸν
661 1925 750 1991 ἤδη
786 1929 1167 1994 προαποδοθέντα
1204 1935 1325 1982 νοῦν.
1388 1930 1485 1983 εἶτα
1522 1956 1637 1996 μαν-
1656 1944 1682 1983 d

73 1999 227 2051 θάνων
263 2004 323 2056 ὡς
356 2002 488 2055 ἔσται
522 2005 606 2068 μὲν
631 2010 691 2061 εἰς
723 2007 905 2075 καιροὺς
939 2010 966 2074 ἡ
1001 2011 1178 2076 ὅρασις,
1205 2016 1266 2066 εἷς
1295 2013 1565 2077 ἀνάβλησιν
1590 2016 1637 2066 δέ
1700 2019 1806 2102 ΞΠΙᾹῙῊ

71 2082 254 2148 μακρὰν
278 2084 337 2135 τὰ
368 2088 738 2153 προηγγελμένα,
763 2097 1007 2159 μονονουχὶ
1033 2097 1108 2144 καὶ
1137 2095 1394 2160 ἀνενεγκὼν
1419 2097 1475 2165 ἐξ
1497 2096 1637 2163 ἀκρά-

71 2187 153 2216 του
178 2166 345 2217 λοιπὸν
371 2170 628 2232 δυσθυμίας
655 2172 1000 2242 Ἀναπαῦσ-ομαί
1031 2181 1180 2243 φησιν
1206 2178 1243 2228 ἐν
1269 2176 1407 2248 ἥμερα
1437 2175 1636 2246 θλίψεώς

4 2266 51 2304 25
70 2271 168 2315 μου,
206 2250 276 2299 τοῦ
312 2249 529 2309 αναβῆναί
565 2275 622 2319 με
660 2257 718 2307 εἷς
756 2254 864 2305 λεῖον
901 2260 1140 2324 παροικίας
1176 2283 1277 2325 μου.
1345 2261 1398 2309 οὐ
1431 2258 1522 2325 γὰρ
1558 2262 1629 2311 ἐν·

70 2329 381 2397 σχεθήσομαι,
409 2334 545 2399 φησὶ,
571 2337 664 2386 τοῖς
691 2339 891 2386 τοιοῖσδε
923 2343 1092 2401 κακοῖς,
1119 2340 1220 2390 οὐδ’
1246 2339 1302 2390 ἂν
1327 2342 1554 2406 εὑρεθείην
1588 2345 1635 2393 ἐν

68 2415 184 2480 τῷδε
224 2415 291 2482 τῷ
330 2412 436 2483 βίῳ,
476 2414 776 2479 ἐνεστηκότος
817 2424 990 2483 καιροῦ,
1033 2422 1140 2471 καθ’
1185 2421 1237 2472 ὃν
1274 2422 1405 2473 ἔσται
1448 2423 1634 2478 πάντως

118 2609 193 2644 1-3.
218 2601 258 2634 τὰ
275 2600 352 2645 ἑξῆς
368 2613 431 2647 pro
447 2602 843 2650 ἐπιβήσομαι-ἕλεγχόν
858 2621 922 2650 μου
939 2607 1031 2642 Edd.
1296 2622 1329 2656 3.
1354 2611 1395 2646 αὖ
1412 2619 1631 2658 assumptum

68 2656 109 2679 ex
129 2646 221 2681 B.D.
547 2660 580 2695 5.
605 2651 828 2696 ἐξαπέστειλα
846 2653 892 2687 D.
912 2654 1021 2699 (185.)
1331 2658 1363 2692 6.
1389 2660 1479 2703 φησὶ
1496 2671 1565 2694 om.
1584 2661 1631 2696 D.

70 2699 102 2736 7.
127 2692 326 2739 ὑπεμφαίνει
345 2695 387 2729 Β.
406 2696 584 2741 ὑποφαίνει
602 2698 694 2732 Edd.
713 2699 889 2733 Neutrum
906 2700 1010 2735 habet
1028 2701 1075 2736 D.
1195 2713 1248 2738 10.
1273 2704 1334 2747 μὲν
1351 2717 1420 2739 om.
1441 2705 1483 2739 Β.
1502 2706 1632 2742 habent

70 2738 149 2773 D.a.
291 2750 344 2783 15.
362 2742 598 2788 διαρθροῦντος
612 2745 687 2779 B-a.
702 2745 918 2790 διαθροῦντος
930 2747 975 2781 D.
989 2748 1080 2782 Edd.
1122 2748 1157 2782 ἐν
1167 2761 1236 2785 om.
1250 2750 1298 2784 D.
1339 2754 1398 2785 τοῦ
1408 2751 1505 2797 ἁγίου
1514 2768 1568 2787 πν.
1582 2755 1628 2788 D.

71 2786 124 2819 18.
142 2785 388 2833 ἐναποληφθείη
408 2790 482 2824 B.a.
501 2790 728 2836 ἐναπολειφθῆ
748 2792 794 2825 D.
813 2793 1070 2839 ἐναπολειφθείη
1088 2795 1178 2830 Edd.
1324 2809 1376 2842 19.
1395 2799 1569 2844 ἐπαθρήσῃ
1582 2802 1628 2835 D.

67 2829 120 2874 ἰ’δῃ
139 2832 184 2866 D.
450 2847 504 2871 20.
530 2838 814 2883 διασκοπτομένας
831 2840 919 2885 (sic)
939 2841 984 2875 D.
1252 2854 1306 2878 21.
1332 2846 1392 2888 ἤδη
1409 2854 1629 2892 assumptum

69 2888 110 2911 ex
128 2878 251 2914 B.D.a.
313 2882 426 2924 μαθὼν
444 2883 490 2918 D.
715 2896 769 2928 25.
795 2901 858 2930 μου
875 2888 971 2931 prius
989 2896 1208 2934 assumptum
1227 2902 1267 2924 ex
1287 2891 1402 2925 D.a.b.
1421 2892 1516 2927 deest
1532 2894 1566 2927 in
1587 2895 1629 2928 Β.

68 2938 108 2966 με
125 2932 340 2971 assumptum
359 2941 399 2962 ex
420 2929 580 2965 B.D.a.b.
628 2931 877 2977 ἐνσχεθὴσομαι
897 2933 972 2969 B.a.
990 2935 1212 2981 ἐνεχθήσομαι
1233 2937 1278 2971 D.
1295 2938 1522 2984 ἐναχθήσομαι
1537 2941 1629 2976 Edd.

72 2979 124 3013 27.
150 2971 380 3019 ἐνεστηκότος]
406 2980 440 3016 -Ι-
461 2979 519 3010 τοῦ
538 2977 579 3010 Β.

124 3040 214 3068 VOL.
239 3043 284 3070 ΙΙ.
851 3051 874 3077 Υ
