2053 3382
299 186 385 227 604
691 190 741 230 B.
785 189 1067 230 CYRILLI
1108 189 1496 230 ALEXANDR.
1762 190 1820 231 iii.
1845 200 1883 242 5.

299 295 712 359 μεταπλάττοντος
753 296 919 350 αὐτοὺς
965 301 1027 351 εἷς
1072 297 1323 362 καινότητα
1368 298 1487 366 ζωῆς
1528 304 1612 350 τοῦ
1657 303 1887 365 Χριστοῦ,

299 379 376 427 καὶ
425 377 749 439 μετατιθέντος
794 381 856 431 εἷς
901 379 1155 440 εὐκοσμίαν
1200 382 1274 430 καὶ
1322 383 1384 434 εἰς
1430 380 1597 430 εὐκλεᾶ
1647 381 1889 431 πολιτείαν

263 481 285 507 c
301 459 373 507 καὶ
401 457 534 523 ζωὴν,
556 457 891 523 διαμεμήνυκεν
913 462 1130 525 ἐναργῶς.
1176 460 1246 511 ὅτι
1275 461 1323 512 δὲ
1348 460 1455 515 τοὺς
1479 465 1561 525 τῆς
1588 460 1889 529 φαυλότητος

298 538 596 602 ἐπιτηδευτάς
648 541 732 591 οὐκ
782 539 840 591 ἂν
885 542 1162 610 ἀποδέξοιτο
1213 542 1338 604 τότε,
1396 544 1489 593 οὐδ’
1537 541 1595 594 ἂν
1643 543 1890 612 ἀξιώσειεν

298 620 498 670 ἐπαίνων
536 643 586 671 τε
627 623 702 672 καὶ
741 622 906 687 λόγου·
956 629 1103 689 κρινεῖ
1137 623 1184 674 δὲ
1231 629 1423 685 μᾶλλον
1462 623 1640 687 αὐτοὺς,
1681 628 1756 676 καὶ
1794 630 1930 684 τῶν5

298 700 505 755 ἐκτόπως
543 704 845 766 βεβιωμένων
882 705 1119 773 ἐξαιτήσει
1157 705 1299 768 δίκας,
1336 709 1577 771 διατρανοῖ
1611 706 1764 771 λέγων
1801 709 1887 757 Καὶ

298 783 511 852 fimo-0222)
550 784 656 853 πρὶς
697 788 818 852 ὑμᾶς
861 787 898 837 ἐν
939 789 1085 856 κρίσει,
1125 788 1369 838 τουτέστιν
1409 789 1470 841 ὡς
1512 787 1668 852 κριτὴς
1711 810 1889 853 προσε-

299 864 605 932 νεχθήσομαι,
646 872 723 918 καὶ
763 867 923 936 ἔσομαι
962 868 1133 938 μάρτυς
1169 868 1332 932 ταχὺς,
1368 868 1631 933 αὐτόμολος
1670 868 1890 933 δηλονότι

298 949 374 997 καὶ
401 948 475 998 ὑπ’
507 948 693 1002 οὐδενὸς
719 949 1016 1013 κεκλημένος.
1073 954 1468 1019 καταψηφιοῦμαι
1495 950 1589 1017 γὰρ
1615 955 1710 1001 τῶν
1735 973 1885 1014 πονη-

298 1032 394 1093 ρῶν
433 1027 519 1092 τὴν
559 1031 705 1094 δίκην.
772 1033 848 1082 καὶ
888 1031 942 1082 τὸ
980 1031 1066 1095 μὲν
1103 1033 1171 1084 ἐπ’
1214 1032 1380 1086 αὐτοὺς
1424 1032 1596 1101 ἐξοίσω
1636 1031 1690 1083 τὸ
1733 1037 1886 1098 κρῖμα·
1913 1055 1960 1081 10

257 1110 388 1177 (Ιούχ
426 1110 580 1177 ἑτέρου
621 1110 746 1166 τινὸς
786 1111 846 1163 τὰ
888 1114 936 1163 ἐν
977 1114 1133 1167 αὐτοῖς
1178 1114 1569 1176 ἐκκαλύπτοντος,
1612 1115 1721 1164 ἀλλ’
1759 1113 1890 1167 εἰδὼς

300 1193 363 1244 ὡς
383 1190 503 1245 Θεὸς
528 1192 587 1244 τὰ
614 1195 773 1262 ἀφανῆ
800 1217 848 1246 τε
876 1197 951 1246 καὶ
979 1197 1283 1262 κεκρυμμένα,
1309 1198 1384 1247 καὶ
1411 1195 1487 1246 διὰ
1513 1201 1595 1246 τοῦ
1622 1195 1890 1250 συνειδότος

299 1280 671 1342 καταμαρτυρῶν
703 1276 906 1328 ἑκάστου
938 1282 1032 1328 τῶν
1067 1277 1416 1344 ἡμαρτηκότων.
1477 1278 1568 1345 ε”φη
1601 1277 1659 1329 δέ
1686 1301 1778 1329 που
1814 1280 1889 1328 καὶ

77 1363 188 1437 30¹2?-
300 1356 325 1405 ὁ
377 1357 630 1411 θεσπέσιος
686 1363 893 1421 Παῦλος,
945 1361 1351 1425 παραστήσεσθαι
1411 1360 1529 1411 κατὰ
1586 1359 1772 1426 καιροὺς
1822 1363 1889 1429 τῷ

78 1455 223 1530 R01n.6ii.
303 1441 455 1505 Κριτῇ
500 1438 606 1492 τοὺς
651 1440 740 1490 άνά
784 1445 948 1491 πᾶσαν
987 1440 1075 1504 τὴν
1111 1445 1215 1507 γῆν,
1260 1450 1285 1471 “
1299 1441 1476 1510 μεταξὺ
1521 1443 1754 1506 ἀλλήλων
1794 1446 1888 1492 τῶν
1912 1458 1958 1496 15

82 1507 130 1538 15,
154 1509 165 1530 1
196 1524 202 1529 .

302 1527 327 1549 ‘⁶
355 1524 607 1585 λογισμῶν
642 1521 1028 1586 κατηγορούντων
1064 1521 1092 1586 ἢ
1130 1525 1204 1572 καὶ
1239 1522 1635 1587 ἀπολογουμένων
1666 1525 1714 1573 ἐν
1741 1523 1889 1590 ἡμέρᾳ

302 1607 328 1629 ‘6

354 1599 383 1668 ᾗ
432 1606 579 1666 κρινεῖ
621 1603 646 1652 ὁ
693 1601 814 1656 Θεὸς
864 1602 923 1653 τὰ
975 1603 1157 1668 κρυπτὰ
1209 1608 1302 1653 τῶν
1352 1605 1627 1669 ἀνθρώπων,
1673 1602 1792 1654 κατὰ
1834 1602 1888 1654 τὸ

302 1689 328 1712 “
355 1682 631 1747 εὐαγγέλιόν
671 1707 760 1745 μου
800 1684 876 1734 διὰ
913 1685 1075 1748 Ἰησοῦ
1113 1684 1372 1751 Χριστοῦ.”

264 1787 286 1813 e
367 1762 534 1830 ’Άθρει
570 1764 617 1815 δὲ
655 1764 780 1818 ὅπως
816 1765 923 1818 τούς
951 1788 999 1815 τε
1031 1765 1090 1816 τὰ
1122 1766 1304 1831 κρυπτὰ
1341 1769 1415 1816 καὶ
1448 1768 1632 1833 ἐμφανῆ
1659 1773 1883 1829 πεπλημ-

301 1845 564 1910 μεληκότας
602 1845 1051 1913 παρενεχθήσεσθαί
1087 1851 1238 1915 φησιν
1272 1850 1333 1900 εἰς
1371 1850 1525 1915 κρίσιν.
1579 1847 1769 1912 πρώτας
1807 1845 1890 1909 μὲν
1910 1867 1960 1893 20

302 1926 396 1993 γὰρ
423 1927 635 1994 ὀνομάζει
662 1927 934 1996 φαρμακσὶς
965 1930 1040 1978 καὶ
1075 1926 1377 1995 μοιχαλίὸοις,
1404 1926 1500 1978 εἶτα
1535 1928 1630 1983 τοὺς
1663 1926 1890 1995 ὀμνύοντας

303 2014 375 2060 ἐπὶ
412 2007 588 2078 ψεύδει·
633 2010 922 2075 κεκρυμμένα
962 2011 1008 2060 δὲ
1047 2016 1195 2061 ταῦτα
1234 2012 1308 2061 καὶ
1347 2011 1618 2074 λεληθότως
1658 2009 1887 2075 δρώμενα·

301 2092 371 2144 τίς
393 2091 487 2158 γὰρ
513 2091 571 2142 ἂν
598 2091 720 2145 ὅλως
747 2091 1043 2156 γοητεύσειεν
1063 2093 1314 2159 ἐμφανῶς;
1352 2091 1380 2156 ὴ
1407 2097 1506 2145 πῶς
1532 2090 1591 2141 ἂν
1609 2091 1763 2141 ἕλοιτο
1789 2113 1891 2152 μοι-

302 2174 441 2239 χαλὶς
468 2175 670 2239 ὁρᾶσθαι
695 2172 812 2239 πρός
839 2195 994 2234 τινος;
1035 2174 1083 2223 ἐν
1107 2177 1294 2240 σπουδῇ
1323 2173 1370 2223 δὲ
1396 2171 1523 2236 οἶμαι
1549 2173 1603 2222 τὸ
1630 2176 1793 2222 λαθεῖν
1815 2174 1890 2221 καὶ

301 2258 397 2307 τοῖς
432 2257 709 2321 ψευδορκεῖν
744 2254 1001 2322 ᾑρημένοις.
1059 2256 1401 2307 ἀσυνετοῦντας
1437 2254 1485 2305 δὲ
1519 2253 1625 2306 τοὺς
1657 2252 1890 2306 τοιούτους
1911 2275 1959 2314 25

80 2335 241 2419 {sb-xciii.
303 2335 555 2404 ἁπελέγξει
594 2335 751 2401 λέγων
786 2337 811 2385 ὁ
849 2335 1076 2402 μακάριος
1119 2337 1293 2387 Δαυείδ
1333 2344 1359 2365 “
1382 2336 1547 2386 Σύνετε
1590 2334 1645 2398 δὴ
1689 2335 1891 2401 ἄφρονες

84 2403 170 2461 8'56
186 2427 234 2461 A·
266 2423 332 2462 ἃς(
357 2418 405 2467 ἐν
430 2420 496 2486 τῷ
531 2421 648 2486 λαῷ,
689 2421 764 2468 καὶ
801 2420 948 2483 μωροὶ
984 2417 1096 2468 πότε
1136 2416 1440 2484 φρονήσατε;
1488 2418 1513 2466 ὁ
1555 2415 1796 2484 φυτεύσας
1836 2413 1890 2465 τὸ

304 2505 333 2527 “
359 2499 436 2552 οῦς
496 2500 598 2565 οὐχὶ
660 2498 847 2559 ἀκούει;
916 2496 944 2561 ἢ
995 2499 1020 2548 ὁ
1078 2497 1275 2552 πλάσας
1333 2497 1415 2549 τὸν
1473 2496 1728 2566 ὀφθαλμὸν
1788 2496 1891 2562 οὐχὶ

306 2587 333 2609 “
357 2580 631 2641 κατανοεῖ;”
678 2579 893 2630 ἄποπτον
930 2579 1023 2645 γὰρ
1062 2583 1128 2648 τῷ
1168 2583 1275 2647 Θεῷ
1319 2583 1565 2632 παντελῶς
1604 2577 1750 2628 οὐδέν·
1797 2574 1891 2626 οἶδε

305 2660 355 2710 δὲ
393 2660 532 2723 μόνος
567 2659 627 2711 τὰ
665 2659 956 2726 κεκρυμμένα
994 2663 1067 2711 καὶ
1106 2660 1165 2710 τὰ
1199 2661 1386 2728 ἐμφανῆ
1421 2664 1516 2710 τῶν
1551 2663 1720 2709 κακῶν.
1776 2656 1888 2707 ἀλλ’
1910 2672 1960 2708 30

355 2847 387 2870 2.
412 2836 650 2880 μετατεθέντος
669 2837 761 2871 Edd.
810 2838 983 2873 πολιτείας
999 2837 1059 2872 iid.
1107 2843 1298 2883 utrumque
1315 2837 1462 2872 correxit
1481 2836 1616 2882 Migne.
1715 2844 1745 2880 7.
1773 2835 1892 2870 Habet

305 2884 471 2925 προσάξω
489 2884 532 2919 Β.
667 2895 720 2918 10.
747 2882 797 2917 ἐπ’
816 2884 929 2919 αὐτοῖς
947 2883 1006 2918 iid.
1145 2895 1198 2919 11.
1224 2884 1340 2929 ἐγκαλ.
1358 2884 1418 2918 ild.
1566 2894 1618 2917 12.
1644 2882 1685 2916 τὰ
1703 2882 1814 2926 ἀφανῆ
1832 2881 1885 2927 τε]

307 2928 439 2972 ἐμφανῆ
457 2944 492 2963 τε
510 2930 568 2964 iid.
711 2941 763 2973 14.
791 2931 873 2965 κατὰ
891 2930 1025 2974 καιροὺς
1042 2942 1112 2964 om.
1133 2930 1175 2965 B.
1318 2941 1374 2967 22.
1401 2930 1526 2975 ψεύσει
1546 2928 1638 2964 Edd.
1656 2934 1736 2964 ante
1754 2929 1889 2974 Migne.

311 2973 363 3007 26.
391 2975 571 3020 ἀπελέγχει
590 2976 649 3011 iid.
842 2977 896 3011 28.
924 2978 982 3011 τὸν
999 2988 1072 3015 om.
1089 2976 1146 3011 iid.
