1997 3361
125 168 178 210 iv.
200 183 261 210 10.
499 171 571 211 IN
615 170 1030 211 ZACIIARIAM.
1090 168 1241 210 TOM.
1277 168 1335 208 ΙΙ.
1619 166 1694 205 341

128 283 154 304 “
180 279 255 328 καὶ
293 280 595 347 προφητῶν,”
637 287 663 308 ‘⁶
684 278 758 330 διὰ
795 279 954 343 πάσης
992 280 1117 347 ἁφῆς
1150 281 1231 341 τῆς
1270 273 1568 342 ἐπιχορηγίας
1603 274 1700 322 κατ’
1768 279 1911 318 l'lvh-iv-

125 365 151 387 “
178 360 408 426 ἐνέργειαν
434 360 633 412 ἑκάστου
658 361 831 425 με’λους
862 359 1384 427 συναρμολογούμενοι”
1413 380 1459 407 τε
1487 357 1561 406 καὶ
1588 378 1702 404 συν-

125 440 362 504 τιθέμενοι,
391 445 464 493 καὶ
500 445 642 494 οἱονεί
669 467 769 496 πως
804 443 1034 508 ἀλλήλοις
1069 443 1409 506 συμβαίνοντες
1438 441 1500 491 ὡς
1526 436 1705 500 ἑνότητι

124 523 328 577 πίστεως
355 526 430 575 καὶ
454 525 640 591 ἀγάπης
666 525 742 575 διὰ
767 532 850 576 τοῦ
872 525 1147 588 Πνεύματος
1174 528 1234 577 εὶς
1263 522 1374 574 ναὸν
1397 519 1542 586 ἅγιον.
1581 520 1706 570 λίθοι
1770 528 1833 577 ,1,3·
1853 528 1926 557 Ρῡῑ·

85 603 220 671 5γάρ
258 608 400 670 ἐσμεν
435 607 611 673 ζῶντες.
680 610 754 657 καὶ
786 614 902 673 γοῦν
937 609 962 658 ὁ
997 606 1247 659 θεσπέσιος
1277 609 1471 657 Παῦλος
1502 601 1587 666 τὴν
1613 606 1707 651 τῶν

126 688 506 740 πεπιστευκότων
530 689 732 754 πληθὺν,
758 690 870 741 ποτὲ
902 689 984 752 μὲν
1011 698 1038 719 “
1060 693 1183 739 Θεοῦ
1219 686 1485 752 γεώργιον,”
1514 683 1625 736 ποτὲ
1659 683 1706 734 δὲ
1769 690 1879 763 35⁰2?-

129 769 186 834 δὴ
219 771 277 821 αὖ
311 773 386 821 καὶ
424 772 670 836 οἰκοδομὴν
707 771 910 837 ὠνόμαζε
947 776 1086 822 Θεοῦ·
1131 773 1204 820 καὶ
1241 771 1347 821 6(ὡς
1376 767 1531 835 σοφὸς
1566 769 1702 834 ἀρχι-
1771 746 1893 818 ΗᾸἼΟ.

130 859 157 882 “
173 852 346 904 τέκτων
366 853 606 917 θεμέλιον”
627 855 800 918 ἔθηκεν·
841 854 972 908 οὗτος
1001 853 1055 904 δέ
1076 854 1206 903 ἐστιν
1222 851 1409 915 Ἰησοῦς
1435 852 1460 901 ὁ
1482 849 1705 916 Χριστός·
1770 832 1820 862 ω
1842 841 1890 863 Μ’

130 932 167 1003 ᾧ
202 934 258 999 δὴ
293 937 464 990 πάντες
498 936 876 1003 ἐπερηρείσμεθα,
908 938 962 986 δι’
991 936 1045 986 οῦ
1079 936 1154 986 καὶ
1191 932 1468 997 ἑστήκαμεν,
1495 934 1568 982 καὶ
1609 932 1748 981 moze

64 1037 111 1062 10
129 1018 481 1085 χρηματίζομεν,
508 1018 648 1069 αὐτὸν
673 1019 854 1086 ἔχοντες
889 1023 950 1072 εἷς
986 1023 1094 1069 νοῦν
1121 1017 1193 1068 καὶ
1229 1015 1423 1082 καρδίαν
1448 1012 1711 1083 ἐνῳκηκότα

129 1123 179 1152 τε
205 1102 280 1151 καὶ
306 1101 640 1165 ε’νηυλισμένον
667 1100 742 1152 διὰ
765 1107 846 1152 τοῦ
873 1100 1163 1164 Πνεύματος.

133 1290 251 1334 Διότι
289 1291 351 1333 τίς
389 1293 678 1335 ὲὲουὸἐνωσεν
717 1291 777 1333 εἰς
820 1293 980 1350 ἡμέρας
1017 1292 1197 1349 μικράε;
1240 1290 1308 1331 καί
1345 1290 1604 1346 χαρήσονται
1644 1287 1712 1328 καὶ
1738 1300 1782 1324 10

202 1374 383 1425 ὄψονται
418 1376 491 1417 τὸν
531 1376 648 1417 λίθον
682 1375 755 1418 τὸν
791 1376 1081 1433 κασσιτέρινον
1109 1375 1153 1417 ὲν
1181 1373 1285 1431 χειρὶ
1310 1372 1568 1429 Ζοροβάβελ·
1605 1371 1712 1413 ἑπτα

201 1459 319 1502 οὗτοι
355 1462 572 1518 ὀφθαλμοὶ
612 1461 762 1519 Κυρίου
800 1459 904 1504 εἰσὶν
941 1460 980 1503 οἱ
1019 1461 1323 1511 &maneamne
1354 1458 1424 1499 ἐπὶ
1461 1460 1603 1499 Πᾱοαν
1636 1456 1713 1497 τήν

70 1553 115 1592 15
205 1551 290 1594 Γῆν.

211 1653 287 1704 Οὐ
311 1655 416 1719 περὶ
441 1658 535 1705 τῶν
561 1654 691 1707 εὐθὺς
723 1654 958 1717 ἐσομένων
993 1652 1020 1716 ἡ
1056 1651 1235 1718 ὅρασις,
1262 1647 1643 1717 ἐνεχθησομένων
1668 1647 1715 1698 δὲ
1735 1650 1761 1691 d

137 1739 328 1799 μᾶλλον
369 1740 431 1790 εἷς
470 1736 627 1802 πέρας,
671 1738 732 1790 ὡς
770 1736 818 1786 ἐν
857 1739 1030 1800 καιροῖς
1067 1737 1150 1798 τῆς
1188 1732 1430 1798 ἐπιδημίας
1469 1737 1551 1782 τοῦ
1591 1731 1714 1782 πάν-

138 1840 232 1868 των
270 1818 400 1882 ἡμῶν
427 1821 645 1885 Σωτῆρος
669 1822 899 1884 Χριστοῦ,
926 1816 955 1881 ἢ
988 1817 1151 1882 γέγονε
1182 1815 1266 1879 μὲν
1301 1817 1349 1865 ἐν
1383 1813 1602 1881 ἐσχάτοις
1636 1818 1719 1863 τοῦ

139 1899 371 1966 παρόντος
390 1904 554 1954 αἰῶνος
575 1905 760 1966 καιροῖς·
800 1898 930 1963 πλὴν
956 1900 1072 1949 οὔτι
1097 1921 1188 1949 που
1213 1901 1415 1949 πολλοῖς
1439 1894 1553 1959 μετὰ
1572 1900 1720 1945 ταῦτα

72 2011 122 2036 20
139 1981 324 2049 χρόνοις
347 1984 430 2046 τῆς
454 1982 754 2048 προκειμένης
779 1982 888 2045 ἡμῖν
914 1980 1215 2048 προφητείας,
1241 1979 1342 2043 ἤτοι
1370 1981 1451 2042 τῆς
1475 1979 1719 2040 οἰκοδομῆς

140 2070 223 2115 τοῦ
249 2069 360 2115 ναοῦ
386 2069 468 2114 τοῦ
495 2063 570 2114 διὰ
595 2062 747 2130 χειρὸς
777 2061 1061 2129 Ζοροβάβελ
1088 2060 1412 2128 ἐγηγερμένου.
1481 2059 1524 2110 εἴ
1547 2083 1612 2114 τις
1639 2059 1721 2109 οὖν

140 2146 244 2213 ἄρα,
272 2149 435 2215 φησιν,
464 2143 749 2216 ἑξουὸενώσειε
773 2143 856 2198 τὰς
890 2143 1067 2213 μεταξὺ
1094 2142 1258 2209 μικρὰς
1284 2145 1359 2194 καὶ
1386 2139 1720 2208 εὐαριθμήτους

141 2229 328 2295 ἡμέρας,
371 2232 445 2279 καὶ
486 2228 711 2295 βραχείαν
752 2225 985 2292 ἡγήσαιτο
1028 2225 1113 2290 τὴν
1154 2225 1438 2289 ἀνάβλησιν,
1478 2224 1559 2274 οὐκ
1599 2224 1712 2286 ἀκη-
1738 2240 1759 2265 θ

144 2311 313 2365 διάσας
355 2310 474 2377 πρὸς
514 2316 664 2371 τοῦτο,
709 2309 863 2373 πάντη
907 2331 956 2359 τε
998 2310 1073 2359 καὶ
1121 2307 1308 2361 πάντως
1353 2305 1544 2370 ἁπάσης
1588 2305 1721 2356 ἔσται

78 2419 126 2457 25
147 2394 369 2458 θυμηδίας
403 2392 630 2456 ἔμπλεως.
689 2392 931 2460 χωρήσεται
962 2389 1055 2456 γὰρ
1091 2394 1166 2441 καὶ
1203 2388 1371 2459 ἴψεται
1405 2389 1472 2440 τὶν
1503 2386 1616 2439 λίθον
1654 2386 1722 2438 τὶν

149 2475 438 2546 κασσιτέρινον
464 2476 501 2527 ἐν
526 2480 634 2544 χειρὶ
656 2473 932 2542 Ζοροβάβελ.
987 2472 1274 2541 κασσιτέρινον
1301 2470 1348 2522 δὲ
1373 2469 1485 2522 λιθον
1505 2468 1722 2534 ὠνόμασε

198 2633 228 2656 1.
253 2623 311 2665 τῆς
327 2626 408 2666 post
424 2620 601 2665 ἐπιχορηγ.
620 2618 700 2653 add.
722 2617 812 2652 Edd.
832 2617 940 2651 invito
959 2615 999 2650 C.
1271 2627 1302 2649 2.
1328 2630 1364 2649 τε
1382 2619 1604 2658 assumptum
1622 2624 1663 2646 ex
1683 2611 1723 2646 C.

147 2680 182 2714 3.
207 2669 251 2703 ὡς
268 2669 397 2710 ἑνότητι
416 2667 456 2702 C.
475 2668 521 2702 εἷς
537 2668 675 2710 ἑνότητα
694 2665 785 2699 Edd.
928 2676 961 2706 4.
992 2663 1046 2697 διὰ
1064 2663 1151 2698 B.C.
1170 2663 1224 2697 ἐπὶ
1243 2661 1334 2696 Edd.
1477 2660 1509 2693 6.
1537 2660 1572 2693 δὲ
1590 2671 1660 2693 om.
1681 2658 1721 2692 C.

151 2726 182 2760 7.
207 2715 248 2750 αὖ
267 2715 307 2749 C.
326 2714 384 2749 οὖν
402 2714 493 2748 Edd.
542 2714 586 2748 ὡς
606 2712 694 2747 B.C.
712 2714 730 2745 ὁ
749 2710 841 2745 Edd.
1216 2710 1248 2743 8.
1274 2709 1390 2752 ἔθηκεν
1409 2707 1449 2741 C.
1467 2707 1613 2740 τέθεικεν
1631 2705 1723 2739 Edd.

149 2774 183 2807 9.
207 2760 490 2806 ἐπερηρείσμεθα]
520 2760 577 2794 Sic
606 2759 698 2793 edidi
727 2771 768 2793 ex
797 2758 837 2792 C.
864 2757 924 2803 qui
952 2756 1210 2801 ἐπερειρίσμεθα
1240 2756 1355 2790 habet.
1382 2752 1604 2799 ε’ρηρείσμεθα
1630 2751 1722 2785 Edd.

155 2819 207 2842 12.
233 2808 433 2852 χαρίσονται
452 2807 493 2841 C.
512 2806 576 2852 (26
594 2806 659 2851 al.)
806 2816 858 2846 14.
884 2803 1137 2844 ἀποβλέποντες
1155 2802 1248 2837 Edd.
1417 2800 1469 2834 16.
1487 2798 1658 2843 ἐσομένων
1677 2799 1723 2833 D.

151 2854 244 2888 Edd.
263 2854 491 2898 σεσωσμένων
512 2854 553 2888 C.
723 2852 774 2886 18.
799 2852 860 2895 μὲν
877 2863 945 2885 om.
965 2850 1043 2884 C.b.
1063 2850 1168 2884 habet
1188 2849 1233 2883 D.
1401 2858 1453 2891 19.
1479 2849 1517 2880 οὔ
1533 2860 1566 2879 τι
1584 2845 1722 2880 B.C.D.

151 2903 243 2934 οὔτοι
262 2901 353 2935 Edd.
372 2902 410 2936 οὐ
428 2901 467 2945 δή
487 2901 521 2936 b.
569 2915 634 2934 που
652 2905 874 2943 assumptum
891 2909 932 2931 ex
952 2896 1030 2931 C.b.
1363 2905 1417 2928 22.
1443 2893 1663 2936 ἐξουδενώσει
1682 2891 1723 2926 C.

152 2948 260 2981 invito
278 2948 325 2981 D.
530 2958 585 2991 23.
612 2947 664 2980 καὶ
681 2946 844 2991 βραχεῖαν
863 2943 903 2979 C.
920 2946 1023 2989 ἤγουν
1040 2943 1137 2977 οὐδέν
1155 2941 1247 2976 Edd.
1437 2950 1492 2985 ²5·
1517 2937 1665 2984 ἕμπλεος
1683 2938 1724 2973 C.

152 2995 331 3039 χαρίσεται
351 2993 390 3028 C.
410 2999 442 3028 et
461 2994 508 3028 Sic
527 2993 626 3028 infra.
