1992 3335
110 143 135 183 i.
166 157 198 184 1.
562 148 634 188 IN
683 149 947 189 NAHUM.
1010 148 1158 188 TOM.
1195 147 1228 187 I.
1664 145 1689 181 3

107 253 324 319 Ἰσραὴλ,
354 262 654 322 παραιτοῖντο
681 256 728 307 δὲ
755 262 945 320 μᾶλλον
971 255 1055 320 τὴν
1079 254 1353 321 ἀπόγνωσιν
1381 256 1421 303 οἱ
1448 250 1690 317 γεγονότες
1708 267 1734 306 <l

109 335 412 402 αἰχμάλωτοι,
457 341 531 388 καὶ
573 341 640 389 ἀεὶ
689 341 1002 390 συντείνοιντο
1052 338 1170 402 πρὸς
1218 335 1368 403 εὐχὰς,
1410 333 1591 384 ἕλοιντό
1642 355 1690 382 τε

107 424 389 483 προσκυνεῖν
421 424 486 488 τῷ
517 423 591 471 καὶ
628 422 950 472 ἀπαλλάττειν
978 421 1189 488 ἰσχύοντι
1226 421 1301 469 καὶ
1337 421 1582 483 λυτρῶσαι
1614 417 1692 465 δυ-

110 501 305 570 ναμένῳ·
348 506 389 552 οἰ
424 503 479 553 δέ
511 527 562 568 γε
596 502 680 567 τὴν
720 504 948 554 Ἰουδαίαν
986 506 1215 555 οἰκοῦντες
1255 499 1319 564 μὴ
1362 499 1426 550 ε”τι
1465 503 1564 550 ταῖς
1598 501 1692 546 τῶν

66 603 89 640 5
111 584 254 635 ἐθνῶν
280 584 601 650 ε’πιμίσγοιντο
635 586 823 653 χώραις·
868 585 1044 652 δέχεται
1072 583 1158 648 τὴν
1185 583 1352 649 ὅρασιν
1381 583 1404 632 ὁ
1432 578 1692 647 Προφήτης

109 665 238 731 παρὰ
265 670 389 717 Θεοῦ
424 667 542 718 κατὰ
580 671 660 732 τῆς
687 667 862 719 Νινευί·
903 668 1042 721 πόλις
1074 667 1121 717 δέ
1154 668 1269 729 αὕτη
1296 669 1389 716 τῶν
1415 662 1693 728 Ἀσσυρίων

109 749 137 812 ἡ
176 751 467 816 προῦχουσα·
510 753 584 802 καὶ
624 750 694 801 ὅτι
738 755 949 802 πεσεῖται
993 746 1399 816 προαπαγγέλλει,
1444 767 1687 811 συγκατα-

110 832 368 899 δῃωθείσης
402 834 519 901 αὐτῇ
556 835 629 883 καὶ
663 833 853 896 ἁπάσης
879 835 961 895 τῆς
987 833 1157 899 χώρας,
1186 830 1210 881 ὃ
1237 829 1292 894 δὴ
1319 832 1393 880 καὶ
1420 827 1691 879 τετέλεσται
1709 848 1730 873 e

114 913 273 979 Κύρου
309 921 391 966 τοῦ
431 916 699 978 Καμβύσου
739 919 813 966 καὶ
854 912 1110 977 Μανδάνης
1150 917 1247 964 υἱοῦ
1288 911 1479 978 Πέρσας
1526 932 1576 960 τε
1617 912 1692 959 καὶ

46 1018 91 1043 10
114 995 308 1061 Μήδους
358 1000 432 1047 καὶ
483 998 742 1060 Ἐλαμίτας
792 1000 867 1047 καὶ
909 994 1042 1062 ἕτερά
1084 1018 1187 1046 τινα
1225 994 1402 1046 τούτοις
1442 995 1683 1058 συγκαθω-

109 1081 374 1132 πλίσαντος
415 1079 524 1144 ε”θνη
569 1079 687 1130 κατὰ
726 1082 809 1143 τῆς
856 1077 1028 1130 Νινευί.
1093 1076 1186 1127 εἷλε
1238 1076 1330 1142 γὰρ
1377 1074 1519 1138 αὐτὴν
1571 1073 1690 1124 κατὰ

110 1160 293 1226 κράτος,
320 1164 395 1212 καὶ
433 1166 516 1226 τῆς
553 1161 884 1230 αἰχμαλωσίας
923 1162 1062 1224 ἀνῆκε
1101 1160 1183 1210 τὸν
1206 1156 1422 1225 Ἰσραὴλ,
1452 1156 1614 1207 οἴκαδέ
1642 1179 1690 1206 τε
1755 1170 1912 1200 1]‹1.«11·.i.

111 1244 222 1294 ἰέναι
271 1244 594 1311 προστέταχεν
642 1246 759 1307 ὁμοῦ
808 1248 904 1297 τοῖς
951 1242 1145 1293 σκεύεσι
1195 1246 1290 1295 τοῖς
1343 1244 1491 1307 ἱεροῖς.
1559 1239 1692 1292 οὗτος
1755 1223 1769 1244 ²
1789 1224 1858 1253 ΝΜ

111 1327 195 1389 μὲν
224 1328 304 1378 οῦν
331 1327 439 1390 ἡμῖν
465 1329 489 1378 ὁ
516 1327 696 1381 σκοπὸς
727 1330 808 1391 τῆς
835 1325 1137 1392 προκειμένης
1169 1324 1506 1391 πραγματείας·
1548 1321 1608 1373 τὰ
1646 1320 1693 1372 δὲ

46 1424 92 1461 15
116 1410 299 1480 ἐφεξῆς,
326 1411 387 1463 ὡς
414 1409 492 1473 ἔνι,
519 1412 594 1460 καὶ
622 1408 711 1461 ἀνὰ
735 1410 872 1475 με’ρος
898 1408 1254 1475 προσθήσομεν.

1709 1514 1732 1537 a
1759 1505 1843 1539 476
1862 1504 1909 1537 A.

253 1604 399 1652 Λῆμμα
430 1602 582 1656 Νινευῖ,
608 1604 766 1654 βιβλίον
792 1605 988 1660 ὁράσεως
1018 1602 1162 1650 Ναοὺμ
1188 1606 1262 1642 τοῦ
1283 1598 1552 1640 Ἐλκεοοιίου.
1714 1607 1812 1655 Κεφ,
1832 1602 1881 1643 α’,

185 1717 419 1783 Ὁρίζεται
456 1722 644 1784 πρῶτον
678 1721 759 1780 τῆς
795 1715 1082 1784 προφητείας
1120 1713 1202 1766 τὸν
1229 1712 1426 1775 σκοπὸν,
1459 1715 1534 1763 καὶ
1568 1710 1639 1776 ἐφ’
1669 1711 1694 1760 ὅ

113 1822 157 1849 τι
184 1822 232 1850 τε
258 1802 332 1850 καὶ
367 1799 471 1851 ὅποι
503 1801 669 1861 βλέπει
702 1800 947 1867 χρησίμως
979 1802 1227 1864 διατρανοῖ·
1268 1795 1366 1847 εἶτα
1392 1796 1461 1848 τίς
1488 1796 1512 1845 ὁ
1540 1794 1693 1858 λέγων

114 1884 189 1932 καὶ
227 1881 382 1944 πόθεν,
411 1882 694 1946 καθίστησιν
729 1882 929 1947 ἐναργές.
991 1880 1044 1930 τὸ
1083 1880 1166 1943 μὲν
1191 1879 1284 1945 γὰρ
1321 1878 1491 1946 λῆμμά
1530 1882 1693 1944 φησιν,

45 1986 96 2010 20
115 1964 368 2027 τουτέστιν,
398 1965 423 2028 ἡ
452 1964 695 2032 ληφθεῖσα
728 1987 777 2015 τε
804 1966 877 2014 καί
901 1963 1178 2029 προκειμένη
1206 1964 1280 2013 καὶ
1306 1963 1354 2012 ἐν
1380 1961 1546 2028 χερσὶν
1571 1982 1687 2024 προ·
1712 1971 1738 2011 b

116 2047 283 2115 φητειά
325 2046 458 2097 νοοῖτ’
488 2046 545 2097 ἂν
584 2049 666 2098 οὐκ
703 2048 776 2115 ἐφ’
805 2046 973 2111 ἑτέροις
1012 2047 1109 2096 τισὶ
1149 2049 1353 2108 μᾶλλον,
1385 2041 1414 2107 ἢ
1455 2040 1573 2092 κατὰ
1614 2043 1695 2103 τῆς

116 2129 273 2191 Νινευί,
294 2128 440 2194 ἤγουν
463 2128 516 2179 τὸ
543 2132 624 2193 τῆς
649 2130 935 2197 προφητείας
962 2127 1133 2195 λῆμμοι
1159 2128 1356 2178 νοείσθω
1384 2123 1538 2176 Νινευί.
1587 2124 1691 2173 ἐπι-

114 2211 346 2279 γράφεται
373 2210 421 2261 δέ
446 2209 500 2262 τὸ
526 2211 718 2272 βιβλίον
734 2210 931 2277 ‘'Opaca-¹5
952 2209 1116 2278 Ναοῦμ
1141 2212 1211 2260 τοῦ
1237 2208 1330 2259 ἀπὸ
1358 2211 1439 2270 τῆς
1457 2210 1692 2257 Ἐλκεσ-αι.

114 2293 246 2358 κώμη
286 2292 333 2344 δὲ
371 2294 487 2357 αὕτη
525 2292 711 2346 πάντως
749 2317 839 2344 που
877 2296 959 2356 τῆς
984 2293 1222 2343 Ἰουδαίων
1260 2291 1428 2358 χώρας.
1485 2286 1694 2354 ε’κληψό-

168 2455 198 2477 Ι.
223 2443 417 2488 ἀπόγνωσιν
435 2442 480 2476 D.
505 2441 784 2486 ἀποκατάγνωσιν
804 2441 844 2474 Β.
861 2441 906 2483 (ἓ)
932 2441 1142 2486 κατάγνωσιν
1168 2437 1261 2473 Edd.
1328 2437 1452 2471 Statim
1477 2437 1508 2469 οἶ
1533 2446 1693 2478 assump-

117 2496 194 2524 tum
212 2502 250 2523 ex
273 2489 364 2523 B.D.
622 2500 654 2532 3.
680 2488 922 2531 λυτρώσασθαι
943 2488 988 2521 D.
1239 2498 1271 2527 4.
1297 2484 1464 2518 οἰκοῦντες
1489 2482 1582 2516 B.D.
1609 2481 1693 2514 ἐνοι-

118 2540 251 2571 κοῦντες
270 2536 361 2570 Edd.
411 2535 536 2569 Statim
553 2535 597 2579 μὴ
616 2536 664 2568 ἔτι
686 2535 726 2568 Β.
745 2535 788 2577 μὴ
810 2535 854 2568 D.
873 2533 924 2567 ἵνα
942 2533 1051 2568 οὐκέτι
1070 2532 1161 2568 Edd.
1337 2530 1369 2564 6.
1396 2532 1454 2573 τῆς
1470 2535 1692 2572 assumptum

118 2596 160 2617 ex
180 2584 272 2617 B.D.
322 2584 357 2616 δὲ
376 2595 445 2616 om.
465 2583 511 2617 D.
677 2582 709 2615 8.
734 2583 847 2624 πάσης
867 2581 911 2615 D.
1097 2592 1129 2624 9.
1156 2577 1332 2621 Μανδὴνης
1351 2577 1442 2611 Edd.
1460 2580 1539 2610 ante
1559 2575 1691 2619 Migne.

118 2631 250 2664 correxi
268 2642 309 2663 ex
328 2630 375 2664 D.
569 2640 622 2662 ΙΙ.
649 2625 766 2662 Νινευΐ
781 2627 872 2661 B.D.
893 2630 1072 2661 Νινευιτῶν
1090 2626 1181 2660 Edd.
1362 2635 1414 2657 12.
1439 2622 1551 2657 οἴκαδέ
1567 2621 1619 2666 τε]
1639 2622 1693 2655 καὶ

117 2676 229 2711 οἴκαδε
248 2677 294 2710 D.
605 2687 657 2718 14.
684 2673 831 2718 κειμένης
851 2673 939 2707 Edd.
958 2676 1015 2717 τῆς
1031 2688 1129 2717 προκ.
1147 2672 1224 2715 ἡμῖν
1239 2671 1447 2715 προφητείας
1463 2672 1480 2703 ὁ
1499 2670 1627 2704 σκοπὸς
1645 2668 1692 2702 D.

123 2734 176 2766 15.
204 2724 256 2757 καὶ
274 2735 343 2758 om.
363 2723 410 2757 D.
747 2732 798 2764 17.
824 2722 882 2763 τῆς
898 2719 1122 2766 προφητείας]
1142 2721 1199 2762 τῆς
1216 2717 1394 2763 προφήτου
1413 2718 1491 2760 (sic)
1512 2716 1614 2750 Pont.
1632 2717 1693 2748 τοῦ

118 2770 297 2814 προφήτου
315 2770 409 2803 Aub.
459 2768 514 2814 ἐφ’
533 2768 550 2802 ὃ
568 2769 603 2802 τέ
622 2780 682 2813 pro
701 2767 755 2813 ἐφ’
774 2767 792 2800 ὅ
809 2782 840 2801 τι
860 2782 896 2800 τε
915 2768 961 2801 D.
1134 2767 1186 2799 18.
1203 2765 1324 2803 βλέπει
1345 2764 1437 2798 B.D.
1454 2764 1579 2804 βλέποι
1600 2761 1691 2795 Edd.

121 2817 244 2851 Statim
264 2817 370 2862 διατρ.
387 2818 563 2861 χρησίμως
579 2816 715 2849 inverso
733 2813 853 2848 ordine
873 2814 918 2847 D.
1233 2823 1285 2856 19.
1310 2811 1371 2854 μέν
1386 2812 1451 2856 γὰρ
1469 2816 1501 2844 et
1518 2808 1693 2844 τουτέστιν

119 2875 189 2898 om.
210 2864 256 2897 D.
517 2874 571 2897 20.
590 2862 765 2907 ληφθεῖσά
785 2861 830 2894 D.
848 2860 1030 2904 λειφθεῖσά
1048 2858 1139 2893 Edd.
1200 2858 1251 2891 καὶ
1270 2859 1328 2892 alt.
1346 2863 1566 2902 assumptum
1585 2867 1625 2889 ex
1644 2855 1691 2888 D.

122 2921 176 2944 21.
191 2912 300 2944 νοοῖτο
316 2910 363 2944 D.
405 2911 503 2954 τῆς-
512 2910 654 2945 νοεῖσθω
667 2920 737 2942 om.
753 2908 798 2941 D.
895 2918 949 2941 22.
967 2909 1068 2951 ἤγουν
1083 2906 1124 2939 Β.
1140 2905 1158 2949 ἢ
1172 2904 1264 2939 Edd.
1370 2916 1425 2949 23.
1444 2902 1584 2938 ἐλκεσαί
1598 2901 1692 2936 B.D.

120 2957 244 2992 ἐλκεσέ
259 2957 293 2991 b.
313 2956 405 2991 Edd.
550 2968 604 2999 24.
629 2970 694 2990 που
711 2955 841 2990 πάντως
859 2953 995 2987 inverso
1012 2952 1132 2987 ordine
1151 2952 1197 2986 D.

879 3021 950 3049 BQ.
