2007 3366
301 168 353 206 18
695 167 745 206 Β.
783 162 1057 206 CYRILLI
1098 158 1485 201 ALEXANDR.
1732 153 1758 192 i.
1781 163 1818 204 7,
1838 150 1876 190 8.

300 275 450 342 θάπερ
477 275 580 326 τινὰ
605 274 809 339 σεισμὸν
833 273 1095 336 ποιήσεται,
1116 273 1190 321 καὶ
1217 269 1381 335 ὥσπερ
1406 268 1589 320 ὑδάτων
1612 267 1811 317 πολλῶν
1828 284 1878 312 τε

301 361 376 408 καὶ
414 357 667 426 ἀφορήτων
706 356 826 422 ὁρμὴ
866 354 984 405 κατὰ
1021 359 1227 419 πρανοῦς
1267 356 1405 403 ἰοῦσα
1439 349 1610 418 χωρίου
1642 344 1801 415 χρῆμά
1834 367 1878 394 τι

263 438 452 491 Θδεινὸν
489 442 565 490 καὶ
603 438 955 535 δυσδιάφυκτον
992 438 1253 492 παντελῶς,
1286 434 1432 486 οὕτως
1470 436 1507 483 εἰ
1545 430 1721 482 διάττοι
1760 425 1879 478 κατά

301 544 441 572 τινων
466 521 524 572 τά
551 524 600 573 ἐκ
625 521 747 574 θείας
778 521 934 585 ὀργῆς,
963 515 1163 584 ἄρδην
1135 539 1344 570 απαντας
1378 514 1604 566 ἀπολέσει
1639 535 1746 565 τους
1777 511 1878 561 καθ

303 602 369 654 ὧν
395 602 453 654 ἀν
480 604 537 654 'lot
562 605 637 654 καὶ
663 603 869 671 φέροιτο.

378 687 532 755 Σκότῳ
571 684 720 750 γεμὴν
757 682 865 738 τοὺς
903 681 1098 750 ἐχθροὺς
1136 682 1277 732 αὑτοῦ
1321 676 1755 742 καταδιωχθῆσεσθαιι
1806 677 1882 726 καὶ

304 767 766 836 καταληφθήσεσθαι
789 767 928 832 λέγει.
976 767 1049 816 καὶ
1070 765 1172 831 οὐχὶ
1195 764 1251 828 δή
1270 786 1363 815 που
1381 760 1569 815 πάντως
1588 763 1653 829 τῷ
1673 763 1756 825 τῆς
1776 782 1883 810 νυκ-

303 851 396 912 τὸς,
415 852 526 900 ἀλλ’
549 849 706 916 ἑτέρας
732 847 858 911 οἶμαι
882 851 964 913 τῆς
992 850 1156 912 νοητῆς
1184 849 1257 897 καὶ
1285 849 1345 899 ὡς
1365 846 1411 896 ἐν
1436 843 1595 913 τρόπῳ
1620 849 1702 895 τοῦ
1719 846 1884 894 παθεῖν

304 933 566 997 νοουμένης.
613 931 976 998 κατασκοτάζειν
999 930 1092 996 γὰρ
1118 928 1210 981 οἶδε
1237 929 1319 980 τὸν
1346 928 1640 994 ἀνθρώπινον
1666 923 1788 987 νοῦν,
1808 926 1883 975 καὶ

304 1014 568 1077 ἀμείλικτος
599 1014 828 1083 συμφορὰ
861 1016 936 1065 καὶ
970 1012 1137 1079 πικρὸν
1176 1014 1251 1064 καὶ
1289 1010 1517 1075 ἀδόκητον
1551 1009 1720 1072 πάθος,
1763 1006 1788 1059 ὃ
1827 1006 1883 1072 δὴ

83 1115 171 1149 485
189 1113 239 1148 A.
266 1123 287 1146 a
305 1101 400 1150 τοῖς
439 1097 756 1164 ἀρχαιοτέροις
794 1096 1110 1160 συμβέβηκεν,
1137 1094 1521 1159 ἀπενηνεγμένοις
1547 1096 1610 1147 εὶς
1642 1095 1885 1159 αἰχμαλω-

306 1181 431 1242 σίαν,
458 1182 533 1231 καὶ
566 1180 778 1245 ἀλούσης
806 1181 959 1233 αὐτοῖς
998 1182 1080 1242 τῆς
1118 1178 1288 1245 χώρας.
1355 1175 1591 1242 τοιγάρτοι
1619 1173 1739 1228 Θεὸς
1777 1173 1886 1243 οἴνῳ

307 1264 382 1312 καὶ
421 1261 688 1326 μεθύσματι
726 1261 785 1313 τὰ
823 1261 975 1312 τοιάδε
1014 1266 1107 1312 τῶν
1146 1265 1298 1311 κακῶν
1336 1258 1639 1325 παρεικάζων,
1666 1259 1723 1309 εὖ
1752 1256 1886 1321 μάλα

86 1353 180 1383 Hivr.

86 1407 186 1427 xxxu.

90 1450 114 1478 1,
134 1450 160 1471 2-
309 1434 336 1456 ‘⁶
361 1433 445 1478 τοῦ
484 1427 608 1478 οἴνου
639 1433 722 1478 τοῦ
760 1426 964 1494 ἀκράτου
996 1427 1162 1477 τούτου
1193 1428 1240 1477 ἐκ
1279 1424 1431 1493 χειρός
1465 1448 1569 1488 μου,
1603 1427 1677 1475 καὶ
1716 1428 1887 1477 ποτιεῖς

307 1343 424 1411 πρὸς
462 1344 544 1396 τὸν
582 1345 810 1411 μακάριον
848 1345 1054 1413 ἔφασκεν
1093 1345 1316 1410 Ἱερεμίαν
1355 1351 1381 1372 ‘⁴
1400 1341 1532 1403 Λάβε
1571 1340 1625 1393 τὸ
1663 1339 1886 1406 ποτήριον

307 1517 335 1539 “
360 1507 516 1560 πάντα
553 1509 612 1560 τὰ
646 1510 756 1574 ε”θνη
794 1509 912 1576 πρὸς
946 1507 975 1560 ἃ
999 1509 1091 1575 ἐγὼ
1121 1509 1429 1578 ἐξαποστελῶ
1464 1531 1519 1558 σε
1555 1506 1673 1574 πρὸς
1708 1505 1887 1567 αὐτοὺς,

308 1599 336 1620 “
364 1594 439 1642 καὶ
464 1593 648 1643 πίονται
676 1594 751 1643 καὶ
778 1593 1062 1661 ἐξεμοῦνται,
1091 1594 1164 1642 καὶ
1190 1590 1482 1655 μανήσονται
1508 1588 1601 1641 ἀπὸ
1626 1589 1890 1655 προσώπου

398 1677 419 1686 Λ

266 1687 292 1727 b
311 1682 337 1704 ‘⁴
363 1697 444 1738 της
471 1676 703 1742 μαχαίρας
743 1675 797 1740 ἧς
829 1675 920 1741 ἐγὼ
947 1673 1237 1726 ἀποστέλλω
1272 1673 1360 1724 ἀνὰ
1393 1674 1541 1737 μέσον
1580 1670 1774 1724 abraha-‘¹
1815 1673 1890 1721 καὶ

90 1777 250 1818 Es.li.17.
310 1756 403 1821 μὴν
429 1760 504 1808 καὶ
532 1757 606 1808 διὰ
637 1762 798 1826 φωνης
822 1757 1030 1809 εΗσαίου
1066 1756 1183 1824 πρὸς
1215 1757 1358 1821 αὐτήν
1390 1764 1416 1786 “
1443 1755 1513 1808 Τὸ
1551 1756 1774 1821 ποτήριον
1798 1754 1891 1820 γὰρ

311 1847 339 1869 “’
364 1843 446 1903 τῆς
471 1839 695 1894 πτώσεως
718 1838 772 1891 τὸ
807 1840 946 1891 κόνδυ
972 1845 1053 1891 τοῦ
1078 1844 1226 1904 θυμοῦ
1256 1840 1431 1908 ἐξέπιες
1462 1841 1536 1889 καὶ
1567 1837 1887 1907 ἐξεκένωσας.”

310 1922 428 1990 μέθῃ
467 1922 522 1986 δὴ
562 1923 642 1973 οὖν
673 1924 747 1973 καὶ
783 1925 930 1993 σκότῳ
965 1923 1429 1991 καταληφθήσεσθαί
1461 1927 1583 1990 φησι
1611 1920 1717 1975 τοὺς
1747 1919 1893 1988 ἐχθρὰ

312 2011 604 2073 φρονοῦντας
656 2009 779 2075 Θεῷ,
830 2010 1114 2068 μετασοβῶν
1163 2006 1212 2056 εὖ
1257 2005 1389 2066 μάλα
1439 2003 1557 2071 πρὸς
1600 2004 1653 2056 τὸ
1698 2006 1893 2056 ἑλέσθαι

314 2093 505 2156 φρονεῖν
537 2087 655 2155 ἅπερ
687 2086 744 2152 ἧν
776 2088 962 2150 ἄμεινον
996 2088 1160 2139 εἰδέναι
1192 2111 1240 2138 τε
1271 2090 1345 2138 καὶ
1381 2090 1496 2154 δρᾶν
1526 2088 1704 2141 αὐτούς.

391 2171 640 2238 Κεχώρηκε
685 2170 732 2221 δὲ
785 2173 859 2221 καὶ
903 2171 1020 2221 κατὰ
1065 2175 1158 2221 τῶν
1199 2170 1435 2221 Ἰουδαίων
1484 2171 1521 2221 ἐν
1575 2175 1895 2240 κατακλυσμῷ

314 2277 492 2322 πορειοις
528 2254 553 2303 ὁ
586 2258 680 2303 τῶν
715 2252 842 2303 ὅλων
879 2252 1015 2311 Θεὸς,
1045 2256 1119 2304 καὶ
1160 2252 1462 2304 συντετελεκεν
1497 2251 1662 2306 αὐτοὺς
1699 2251 1782 2306 τὰς
1820 2255 1893 2304 ἐπὶ

314 2339 513 2404 Χριστῶ
548 2335 942 2402 εἰσπραττόμενος
981 2337 1121 2389 δίκας.
1183 2335 1409 2401 γεγόνασι
1442 2335 1489 2386 δὲ
1528 2337 1602 2385 καὶ
1641 2336 1689 2386 ἐν
1733 2338 1893 2406 σκότῳ,

95 2418 256 2502 ἓξὲξ-πῇ)
278 2436 389 2467 Οκαι
431 2423 513 2468 τοῦ
565 2417 689 2469 θείου
738 2417 896 2486 φωτος
947 2417 1218 2485 ὁλοτρόπως
1267 2418 1578 2484 ἡμοιρηκότες,
1621 2420 1770 2484 μωρόι
1819 2421 1892 2469 Καὶ

366 2615 394 2637 1.
422 2605 642 2648 συσσεισμὸν
663 2604 703 2638 Β.
723 2604 840 2638 invitis
859 2603 905 2638 D.
918 2603 953 2638 b.
1002 2618 1037 2638 τε
1056 2616 1125 2638 om.
1145 2604 1191 2638 D.
1336 2615 1367 2638 2.
1398 2603 1497 2638 ἷοῦσα
1520 2602 1560 2638 Β.
1566 2602 1611 2637 D.
1623 2602 1658 2637 b.
1675 2601 1785 2637 Ἰούδα
1804 2603 1897 2638 Edd.

318 2650 444 2684 Smin]
461 2651 588 2695 χωρίου
608 2651 650 2685 Β.
669 2653 783 2696 χώρου
804 2651 848 2684 D.
860 2651 895 2685 b.
912 2666 1025 2696 χωρας
1045 2651 1135 2685 Edd.
1185 2666 1216 2685 τι
1234 2662 1303 2685 om.
1324 2651 1369 2684 D.
1527 2651 1559 2684 6.
1586 2649 1707 2696 γεμὴν]
1726 2653 1788 2694 μὲν
1806 2650 1898 2685 Edd.

316 2697 646 2742 κατιιληφθησεσθαί
661 2713 697 2732 τε
716 2699 770 2732 καὶ
787 2698 989 2743 καταδιωχθ.
1009 2710 1070 2742 pro
1088 2698 1289 2743 καταδιωχθ.
1308 2712 1361 2731 και
1379 2698 1495 2730 καταλ.
1517 2697 1562 2730 D.
1800 2706 1831 2742 7.
1858 2697 1898 2741 δη

316 2751 537 2788 assumptum
556 2757 597 2778 ex
617 2745 663 2778 D.
799 2746 832 2779 8.
851 2745 965 2790 ετέρας
987 2760 1077 2789 οιμαι
1100 2747 1158 2788 τῆς
1175 2746 1292 2789 νοητῆς
1308 2745 1360 2778 καὶ
1379 2744 1422 2779 ὡς
1439 2744 1474 2778 ἐν
1490 2745 1605 2789 τρόπῳ
1622 2745 1682 2777 τοῦ
1702 2743 1765 2789 [τῷ
1784 2744 1876 2778 Edd.
1881 2744 1896 2790 ]

316 2790 436 2825 παθεῖν
453 2791 629 2834 νοουμένης
649 2792 693 2825 D.
714 2791 807 2826 Edd.
834 2792 936 2838 ἑτέρῳ
962 2807 1052 2837 οιμαι
1076 2794 1121 2838 τῷ
1145 2794 1250 2837 νοητῷ
1274 2806 1327 2825 και
1345 2791 1388 2825 ὡς
1404 2791 1439 2824 ἐν
1455 2805 1507 2834 τρ.
1525 2793 1570 2837 τῷ
1588 2790 1687 2825 πάθει
1706 2791 1785 2834 (Sic)
1804 2806 1898 2825 νοου-

316 2837 405 2881 μένω
425 2836 466 2870 Β.
519 2838 644 2872 Statim
661 2839 913 2881 κατασκοτίζειν
932 2839 974 2873 B.
1083 2851 1137 2873 12.
1164 2827 1264 2883 Θεὸς]
1284 2840 1302 2871 ὁ
1319 2836 1442 2881 Κυριος
1461 2838 1507 2871 D.
1608 2837 1660 2871 16.
1678 2837 1900 2880 ἐξαποστελῶ

415 2883 532 2917 .Edd.
552 2900 592 2919 σε
613 2885 796 2919 ἀποστελῶ
815 2886 861 2920 D.
999 2896 1051 2931 17.
1078 2886 1320 2930 ἐκμανὴσονται
1341 2885 1385 2918 D.
1405 2884 1500 2925 (Vat.
1506 2885 1517 2928 )
1535 2884 1652 2918 invitis
1672 2883 1763 2918 Edd.
1781 2885 1899 2927 (Alex.

322 2930 532 2975 Irid-Aug.)
786 2944 839 2977 19.
871 2933 967 2968 Haec
984 2934 1049 2978 μὴν
1066 2934 1119 2967 καὶ
1137 2938 1318 2976 assumpta
1335 2944 1375 2965 ex
1396 2931 1441 2964 D.
1668 2942 1723 2975 23.
1748 2932 1834 2977 ὅπερ
1853 2932 1899 2966 D.

319 2978 401 3022 ὅπερ
420 2977 512 3012 Edd.
657 2990 711 3021 24.
740 2994 793 3013 και
811 2992 880 3014 om.
904 2980 947 3015 D.
1091 2979 1146 3014 26.
1173 2977 1477 3024 (ι’σπραττομένους
1496 2978 1540 3012 D.
1561 2978 1669 3013 invito
1690 2978 1731 3012 B.

1901 602 1924 640 5

1907 1030 1955 1055 10

1913 1868 1962 1893 20
