2060 3387
182 181 249 221 xii.
283 198 313 223 1.
562 189 634 229 IN
677 191 1101 237 ZACHAMAM.
1161 196 1315 237 TOM.
1354 198 1401 239 V.
1686 203 1766 240 475

178 293 478 359 διαμέμνηται
536 302 782 366 χρησίμως
841 307 915 353 καὶ
970 309 1064 354 τῶν
1115 306 1352 369 ἐσομένων
1404 307 1521 357 κατὰ
1581 307 1765 372 καιροὺς

177 375 397 439 διωγμῶν
441 380 560 430 κατά
612 405 660 432 τε
710 389 792 434 τοῦ
832 386 1047 450 Ἰσραήλ·
1104 390 1178 438 καὶ
1231 389 1333 455 οὐχὶ
1383 389 1532 453 δήπου
1577 389 1804 443 πάντωςο

174 461 256 505 τοῦ
302 458 421 508 κατὰ
465 461 636 527 σάρκα,
684 470 875 526 μᾶλλον
921 466 968 517 δὲ
1014 474 1096 519 τοῦ
1142 476 1321 533 νοητοῦ·
1381 474 1454 521 καὶ
1501 474 1583 535 τῆς
1628 472 1764 536 ἁγίας

173 535 319 591 ὅντως
363 541 692 607 Ιερουσαλημ,
733 554 760 574 “
778 570 876 610 ητις
921 550 1051 599 ἐστὶν
1095 552 1324 614 ἐκκλησία
1369 556 1493 603 Θεοῦ
1545 553 1760 619 §onmes
1823 565 1941 637 fii'l'lh-ss·

130 627 151 664 5
173 617 336 685 ὥσπερ
370 621 462 688 γὰρ
497 622 615 675 εἶναι’
650 631 806 691 φαμεν
843 629 1008 693 ιοητὸν
1035 632 1272 695 Ἰουδαῖον,
1309 656 1391 684 τον
1423 634 1590 700 ἔχοντα
1625 657 1758 700 περι·
1859 632 1864 637 ’
1905 628 1934 647 ³⁵

171 722 321 764 τομην
347 704 395 752 ἐν
421 706 599 774 καρδιᾳ,
628 730 714 771 την
741 709 816 759 διὰ
843 716 925 760 τοῦ
950 713 1225 775 πνεύματος,
1255 716 1328 764 καὶ
1356 716 1459 782 οὐχὶ
1492 715 1548 779 δὴ
1574 715 1760 769 πάντως
1825 730 1919 803 ἔξω»
1941 732 1972 761 ii·

171 780 256 844 τὴν
295 785 342 833 ἐν
384 788 527 850 σαρκὶ
568 787 642 838 δια
684 791 977 855 γράμματος·
1031 796 1151 845 οὕτω
1193 818 1268 846 και
1307 795 1508 862 Ἰσραηλ
1553 802 1761 849 νοεῖσθαι
1850 785 1874 811 )’

172 865 289 929 φαίη
325 888 393 920 τις
432 866 505 926 ἂν,
544 870 645 937 οὐχὶ
680 871 868 926 πάντως
902 873 985 925 τὸν
1019 876 1076 944 ἐξ
1110 877 1304 939 αἵματος
1335 878 1550 944 Ἰσραὴλ,
1589 882 1762 930 ἐκεῖνον

169 944 217 994 δὲ
260 951 465 1012 μᾶλλον,
511 949 561 1004 ὃς
607 952 699 1019 ἔχει
745 953 827 1004 τὸν
873 962 982 1007 νοῦν
1028 959 1211 1023 ὁρῶντα
1256 958 1395 1011 Θεόν.
1466 967 1666 1012 τοιοῦτοι
1711 962 1759 1013 δὲ

102 1046 148 1070 10
167 1030 357 1088 μᾶλλον
388 1030 560 1086 πάντες
595 1037 636 1084 οἱ
672 1034 748 1085 διὰ
784 1037 988 1092 πίστεως
1020 1042 1101 1102 τῆς
1136 1043 1199 1094 εἷς
1234 1040 1449 1106 Χριστόν
1482 1044 1759 1107 κεκλημενοι

165 1107 284 1173 πρὸς
319 1111 573 1176 ἁγιασμὸν,
610 1116 922 1182 ἐπεγνωκότες
959 1143 1008 1170 τε
1049 1122 1102 1171 δι’
1138 1122 1279 1172 αὐτοῦ
1319 1146 1393 1173 και
1432 1124 1480 1173 ἐν
1515 1125 1641 1174 αὐτῶ
1675 1148 1757 1176 τον
1776 1131 1802 1171 (l

167 1190 292 1241 Θεὸν
318 1195 392 1243 καὶ
421 1196 628 1262 Πατερα.
685 1200 901 1254 θεοπτίας
928 1202 1021 1268 γὰρ
1053 1203 1185 1257 οὗτος
1217 1202 1279 1258 εἷς
1307 1203 1479 1270 τρόπος
1506 1207 1531 1256 ὁ
1558 1207 1756 1272 ἀτρεκὴς

166 1295 241 1322 και
267 1273 516 1342 ἐξαιρετος.

240 1355 546 1419 Λαμβοῖνεται
580 1361 735 1412 τοίνυν
761 1363 786 1412 ὁ
814 1364 952 1429 Myos·
980 1365 1052 1415 ἐπι
1086 1389 1151 1416 τον
1178 1367 1346 1431 ἅρτιως
1379 1367 1489 1431 ἡμῖν
1515 1370 1756 1435 εἰρημένον

98 1437 357 1506 Ι5Ἰσ-ροιήλ.
421 1439 490 1490 ὅτι
537 1441 592 1491 δε
627 1443 731 1493 ἐστι
775 1444 1022 1509 παναλκης
1061 1447 1086 1496 ὁ
1131 1451 1226 1497 τῶν
1268 1447 1395 1499 ὅλων
1435 1452 1752 1518 Δημιουργὸς,

163 1518 188 1566 ὁ
215 1516 299 1581 τὴν
324 1520 397 1570 ἐπὶ
433 1521 612 1577 τούτοις
646 1524 756 1587 ἡμῖν
789 1526 1063 1591 ποιούμενος
1098 1529 1467 1597 προανάῤῥησιν,
1503 1533 1754 1600 ἀποφαινει

161 1598 318 1663 λε’γων
361 1604 581 1655 Ἐκτεινων
634 1606 808 1675 οὐρανον,
863 1632 938 1659 κοιι
992 1607 1198 1676 θεμελιῶν
1250 1636 1345 1676 γην,
1399 1637 1476 1664 και
1528 1629 1754 1666 wado-mov

161 1704 337 1748 πνευμοι
386 1683 604 1752 ανθρώπου
656 1688 693 1738 ἐν
744 1692 877 1759 αὐτῷ.
955 1691 1135 1758 δεχεται
1185 1693 1292 1759 γὰρ,
1344 1697 1509 1762 φησιν,
1559 1697 1632 1747 ἐπι
1685 1722 1752 1748 τον

117 1761 342 1891 ΟἸσ-ροιῆλ
382 1764 435 1816 τὸ
481 1781 649 1835 λημμοι
693 1776 776 1820 τοῦ
822 1774 960 1838 λογον
1002 1773 1124 1826 Θεὸς
1165 1776 1190 1824 ὁ
1231 1774 1388 1826 πάντα
1435 1777 1627 1844 ἰσχύων,
1674 1802 1750 1830 και

177 1844 423 1897 ςε’κτεινων
467 1872 552 1912 μεν
595 1853 709 1901 ὡσει
760 1852 912 1919 δε’ῥριν
956 1853 1038 1904 τὸν
1082 1856 1318 1921 οὐρανον,”
1369 1856 1487 1908 κατὰ
1539 1858 1624 1922 τὴν
1666 1868 1942 1919 τοῦθΡε.εὶὶί.

93 1866 438 1992 20ψάλλοντος
489 1931 672 1997 φωνὴν,
726 1934 1029 1999 ἑδραιοτάτην
1071 1958 1120 1986 τε
1170 1939 1316 1992 οὕτως
1368 1939 1618 2008 ἀποφήνας
1663 1941 1749 2006 τὴν
1809 1930 1825 1950 2

158 2008 261 2069 γῆν,
306 2010 368 2062 ὡς
413 2011 487 2061 ἀεί
532 2035 583 2063 τε
627 2016 702 2064 καὶ
755 2014 830 2065 διὰ
879 2015 1054 2071 παντὸς
1105 2018 1376 2082 ἀκλονήτως
1421 2021 1554 2088 ἔχειν,
1599 2023 1747 2074 καίτοι

156 2092 551 2157 τεθεμελιωμένην
585 2095 660 2145 ἐπὶ
699 2099 981 2148 θαλασσῶν·
1033 2098 1123 2167 ἔφη
1158 2099 1250 2166 γὰρ
1285 2124 1432 2155 ουτως
1465 2125 1493 2165 η
1529 2102 1746 2155 θεόπνευ-
1806 2122 1970 2155 Ρε.ΧΧῑῐῐ.

155 2191 272 2222 στος
310 2172 491 2240 γραφή.
553 2176 691 2229 αὐτὸς
730 2178 755 2227 ὁ
794 2177 1020 2230 πλείω-πον
1059 2183 1237 2248 πνεῦμα
1275 2181 1548 2252 ἅνθρωποι]
1531 2208 1568 2235 εν
1607 2189 1739 2236 αὐτῶ.
1809 2176 1824 2188 ⁶

88 2251 181 2307 256
215 2251 263 2302 δὲ
303 2252 358 2312 δὴ
397 2258 491 2304 τῶν
525 2278 645 2307 ουτω
683 2258 909 2322 μεγάλων
948 2263 1229 2328 δημιουργὸς
1269 2286 1344 2314 και
1386 2266 1608 2331 τεχνίτης,
1644 2271 1746 2321 πῶς

155 2332 238 2382 οὐκ
277 2331 334 2383 ἂν
372 2336 587 2401 ἀνιδρωτὶ
623 2341 697 2388 καὶ
739 2339 874 2402 μάλα
914 2341 1118 2396 εὐκόλως
1157 2343 1210 2394 τὸ
1250 2345 1375 2413 αὐτῷ
1419 2348 1587 2397 δοκοῦν
1626 2349 1744 2399 ἀπο-

155 2437 378 2483 περαινῃ·
368 2458 378 2477 ,
419 2432 694 2470 πλασσεται
723 2420 770 2471 δε
796 2422 925 2488 παρὰ
950 2427 1074 2474 Θεοῦ
1101 2427 1278 2493 πνεῦμα.
1303 2426 1561 2494 ανθρωποο
1545 2452 1582 2479 εν
1603 2433 1739 2500 αὐτῷ,

154 2517 238 2546 ow<
273 2519 333 2550 Εἰς
368 2498 515 2565 ἀρχᾶς
551 2522 633 2550 7'01)
665 2523 777 2552 emat
811 2503 1114 2566 ΚαλΟυμΕΙΙΟΙΙ,
1143 2529 1177 2556 Εί
1206 2529 1280 2557 Καί
1306 2531 1471 2577 γΕγΟΙἉΕ
1498 2511 1553 2559 δι
1582 2533 1738 2570 avrov,

200 2658 232 2681 2.
259 2662 294 2681 τε
313 2647 353 2682 C.
371 2664 411 2694 γε
431 2649 521 2684 Edd.
587 2665 652 2685 που
670 2659 890 2697 assumptum
910 2666 951 2688 ex
972 2655 1011 2689 C.
1258 2670 1290 2702 9.
1317 2660 1375 2692 τὸν
1392 2667 1615 2705 assumptum
1635 2673 1675 2695 ex
1696 2662 1738 2698 C.

156 2703 209 2727 10.
234 2664 394 2754 μᾶλλονῗγ
383 2697 504 2731 πάντες
523 2696 564 2731 C.
583 2699 714 2734 πάντως
733 2699 823 2734 Edd.
1157 2714 1210 2736 11.
1238 2704 1463 2749 ἐπεγνωκότες
1482 2706 1522 2740 C.
1541 2707 1657 2752 ἐγνωκ.
1677 2709 1736 2744 iid.

156 2750 209 2773 12.
235 2740 332 2776 οὗτος
349 2745 395 2777 εἱς
411 2745 536 2786 τρόπος
553 2745 571 2777 6
591 2744 633 2779 C.
653 2745 772 2779 οὑτοσι
790 2748 913 2789 τρόπος
931 2746 990 2781 lid.
1204 2760 1256 2792 15.
1285 2754 1496 2796 Δημιουργὸς
1515 2752 1555 2787 C.
1576 2756 1660 2789 Θεὸς
1677 2756 1698 2789 il
1691 2756 1735 2790 (L

156 2785 209 2820 16.
235 2787 294 2830 τὴν
312 2788 352 2822 C.
371 2790 411 2822 τὰ
428 2790 636 2835 11ᾶ.πρὸς
653 2792 838 2844 ἀνάρρησιν
856 2793 898 2827 Β.
1092 2806 1143 2839 19.
1170 2797 1276 2840 λόγου
1297 2798 1341 2831 D.
1362 2798 1454 2832 Edd.
1506 2799 1547 2833 In
1567 2799 1620 2840 C„
1638 2816 1657 2835 υ
1676 2814 1735 2846 per

152 2838 236 2866 cast.
251 2845 356 2868 manu
374 2837 576 2878 recentiori;
604 2837 687 2883 quid
707 2839 876 2897 scripu'lm
895 2846 994 2873 antea
1012 2842 1140 2875 nescio.
1192 2842 1248 2876 St?
1242 2843 1316 2876 tim
1334 2846 1351 2877 6
1371 2844 1467 2878 addit
1487 2845 1540 2886 C.
1559 2847 1668 2881 invito
1689 2849 1734 2883 D.

154 2888 209 2911 21.
235 2893 270 2912 τε
290 2880 330 2914 C.
351 2881 386 2915 δε
405 2882 497 2918 Edd.
713 2896 768 2927 24.
795 2886 895 2921 αὐτὸς
912 2887 929 2919 6
950 2886 990 2919 C.
1010 2887 1062 2920 καὶ
1082 2887 1140 2922 iid.
1349 2901 1403 2934 23.
1429 2894 1495 2925 τῶν
1513 2901 1734 2938 assumptum

152 2935 194 2957 ex
213 2924 255 2959 Β.
262 2925 302 2960 C.
567 2929 622 2965 26.
648 2929 688 2964 ἂν
704 2938 927 2976 assumptum
945 2944 987 2966 ex
1007 2932 1047 2967 C.
1112 2934 1318 2980 ἀποπεραίνῃ
1337 2937 1441 2971 edidi.
1460 2938 1675 2984 ἀποπεραίνει
1694 2941 1734 2977 C.

152 2970 354 3016 ἀποπερανεῖ
372 2973 463 3008 Edd.
702 2989 756 3022 27.
786 2978 882 3012 Haec
899 2980 989 3023 παρὰ
1009 2982 1097 3014 Θεοῦ
1118 2989 1298 3027 assumpta
1316 2995 1357 3017 ex
1377 2983 1417 3018 C.
1422 2983 1456 3019 b.

856 3045 974 3087 31³2
