<?xml version="1.0" encoding="UTF-8"?>
<!DOCTYPE html PUBLIC "-//W3C//DTD XHTML 1.0 Transitional//EN"
    "http://www.w3.org/TR/xhtml1/DTD/xhtml1-transitional.dtd">
<html xmlns="http://www.w3.org/1999/xhtml" xml:lang="en" lang="en">
 <head>
  <title>
</title>
<meta http-equiv="Content-Type" content="text/html;charset=utf-8" />
  <meta name='ocr-system' content='tesseract 3.04.00' />
  <meta name='ocr-capabilities' content='ocr_page ocr_carea ocr_par ocr_line ocrx_word'/>
</head>
<body>
  <div class='ocr_page' id='page_1' title='image "./operacyrilli02cyriuoft_0205.png"; bbox 0 0 1997 3361; ppageno 0'>
   <div class='ocr_carea' id='block_1_1' title="bbox 75 166 1643 222">
    <p class='ocr_par' dir='ltr' id='par_1_1' title="bbox 75 166 1643 222">
     <span class='ocr_line' id='line_1_1' title="bbox 75 166 1643 222; baseline 0.006 -17"><span class='ocrx_word' id='word_1_1' title='bbox 75 166 114 206; x_wconf 91' lang='lat' dir='ltr'>ii.</span> <span class='ocrx_word' id='word_1_2' title='bbox 138 180 178 222; x_wconf 81' lang='lat'>5,</span> <span class='ocrx_word' id='word_1_3' title='bbox 202 170 239 208; x_wconf 87' lang='lat'>6.</span> <span class='ocrx_word' id='word_1_4' title='bbox 448 172 519 211; x_wconf 93' lang='lat' dir='ltr'>IN</span> <span class='ocrx_word' id='word_1_5' title='bbox 569 172 990 214; x_wconf 78' lang='lat' dir='ltr'>SOPHONIAM.</span> <span class='ocrx_word' id='word_1_6' title='bbox 1053 174 1203 214; x_wconf 69' lang='lat' dir='ltr'>TUM.</span> <span class='ocrx_word' id='word_1_7' title='bbox 1238 174 1272 213; x_wconf 92' lang='lat' dir='ltr'>I.</span> <span class='ocrx_word' id='word_1_8' title='bbox 1566 175 1643 214; x_wconf 73' lang='lat'>197</span> 
     </span>
    </p>
   </div>
   <div class='ocr_carea' id='block_1_2' title="bbox 2 276 1647 2239">
    <p class='ocr_par' dir='ltr' id='par_1_2' title="bbox 2 276 1647 2239">
     <span class='ocr_line' id='line_1_2' title="bbox 71 276 1644 348; baseline 0.005 -24"><span class='ocrx_word' id='word_1_9' title='bbox 71 281 98 302; x_wconf 75' lang='lat'>‘⁶</span> <span class='ocrx_word' id='word_1_10' title='bbox 125 276 236 325; x_wconf 77' lang='grc' dir='ltr'>ἐστέ</span> <span class='ocrx_word' id='word_1_11' title='bbox 273 300 351 341; x_wconf 91' lang='grc' dir='ltr'>μοι</span> <span class='ocrx_word' id='word_1_12' title='bbox 397 281 481 329; x_wconf 77' lang='grc' dir='ltr'>υἱοὶ</span> <span class='ocrx_word' id='word_1_13' title='bbox 523 281 761 345; x_wconf 73' lang='grc' dir='ltr'>Ἰσραήλς</span> <span class='ocrx_word' id='word_1_14' title='bbox 809 281 936 346; x_wconf 79' lang='grc' dir='ltr'>λε’γει</span> <span class='ocrx_word' id='word_1_15' title='bbox 979 282 1167 348; x_wconf 81' lang='grc' dir='ltr'>Κύριος.</span> <span class='ocrx_word' id='word_1_16' title='bbox 1236 284 1288 332; x_wconf 82' lang='grc' dir='ltr'>οὐ</span> <span class='ocrx_word' id='word_1_17' title='bbox 1325 281 1406 332; x_wconf 81' lang='grc' dir='ltr'>τὸν</span> <span class='ocrx_word' id='word_1_18' title='bbox 1444 281 1644 347; x_wconf 87' lang='grc' dir='ltr'>Ἰσραὴλ</span> 
     </span>
     <span class='ocr_line' id='line_1_3' title="bbox 71 357 1646 432; baseline 0.006 -27"><span class='ocrx_word' id='word_1_19' title='bbox 71 362 97 385; x_wconf 85' lang='grc'><strong>“</strong></span> <span class='ocrx_word' id='word_1_20' title='bbox 121 357 358 424; x_wconf 80' lang='grc' dir='ltr'>ἀνήγαγον</span> <span class='ocrx_word' id='word_1_21' title='bbox 409 363 457 411; x_wconf 82' lang='grc' dir='ltr'>ἐκ</span> <span class='ocrx_word' id='word_1_22' title='bbox 507 365 593 427; x_wconf 80' lang='grc' dir='ltr'>γῆς</span> <span class='ocrx_word' id='word_1_23' title='bbox 641 364 902 428; x_wconf 80' lang='grc' dir='ltr'>Αἰγύπτου,</span> <span class='ocrx_word' id='word_1_24' title='bbox 957 366 1032 414; x_wconf 77' lang='grc' dir='ltr'>καὶ</span> <span class='ocrx_word' id='word_1_25' title='bbox 1083 363 1189 418; x_wconf 72' lang='grc' dir='ltr'>τοὺς</span> <span class='ocrx_word' id='word_1_26' title='bbox 1239 364 1547 432; x_wconf 76' lang='grc' dir='ltr'>ἀλλοφύλους</span> <span class='ocrx_word' id='word_1_27' title='bbox 1597 366 1646 414; x_wconf 81' lang='grc' dir='ltr'>ἐκ</span> 
     </span>
     <span class='ocr_line' id='line_1_4' title="bbox 71 442 1646 513; baseline 0.004 -23"><span class='ocrx_word' id='word_1_28' title='bbox 71 445 97 467; x_wconf 81' lang='lat'>“</span> <span class='ocrx_word' id='word_1_29' title='bbox 127 442 481 506; x_wconf 83' lang='grc' dir='ltr'>Καππαδοκίας,</span> <span class='ocrx_word' id='word_1_30' title='bbox 511 446 584 494; x_wconf 76' lang='grc' dir='ltr'>καὶ</span> <span class='ocrx_word' id='word_1_31' title='bbox 619 445 724 499; x_wconf 78' lang='grc' dir='ltr'>τοὺς</span> <span class='ocrx_word' id='word_1_32' title='bbox 750 447 925 511; x_wconf 81' lang='grc' dir='ltr'>Σύρους</span> <span class='ocrx_word' id='word_1_33' title='bbox 959 448 1008 496; x_wconf 84' lang='grc' dir='ltr'>ἐκ</span> <span class='ocrx_word' id='word_1_34' title='bbox 1042 445 1261 513; x_wconf 83' lang='grc' dir='ltr'>βόθρου.”</span> <span class='ocrx_word' id='word_1_35' title='bbox 1328 449 1401 497; x_wconf 77' lang='grc' dir='ltr'>καὶ</span> <span class='ocrx_word' id='word_1_36' title='bbox 1428 446 1646 513; x_wconf 84' lang='grc' dir='ltr'>ἀλλοφύ-</span> 
     </span>
     <span class='ocr_line' id='line_1_5' title="bbox 70 522 1647 596; baseline 0.005 -24"><span class='ocrx_word' id='word_1_37' title='bbox 70 526 181 574; x_wconf 90' lang='grc' dir='ltr'>λους</span> <span class='ocrx_word' id='word_1_38' title='bbox 214 522 298 585; x_wconf 76' lang='grc' dir='ltr'>μὲν</span> <span class='ocrx_word' id='word_1_39' title='bbox 329 524 435 578; x_wconf 75' lang='grc' dir='ltr'>τοὺς</span> <span class='ocrx_word' id='word_1_40' title='bbox 473 528 837 591; x_wconf 76' lang='grc' dir='ltr'>Παλαιστηνοὺς</span> <span class='ocrx_word' id='word_1_41' title='bbox 875 529 1099 595; x_wconf 75' lang='grc' dir='ltr'>ὀνομάζει,</span> <span class='ocrx_word' id='word_1_42' title='bbox 1141 530 1318 596; x_wconf 84' lang='grc' dir='ltr'>Σύρους</span> <span class='ocrx_word' id='word_1_43' title='bbox 1354 529 1502 594; x_wconf 88' lang='grc' dir='ltr'>γεμὴν</span> <span class='ocrx_word' id='word_1_44' title='bbox 1539 527 1647 581; x_wconf 75' lang='grc' dir='ltr'>τοὺς</span> 
     </span>
     <span class='ocr_line' id='line_1_6' title="bbox 27 604 1646 679; baseline 0.006 -27"><span class='ocrx_word' id='word_1_45' title='bbox 27 608 48 646; x_wconf 89' lang='grc'><strong>5</strong></span> <span class='ocrx_word' id='word_1_46' title='bbox 71 604 300 667; x_wconf 79' lang='grc' dir='ltr'>Φοίνικας,</span> <span class='ocrx_word' id='word_1_47' title='bbox 328 607 405 661; x_wconf 71' lang='grc' dir='ltr'>οὓς</span> <span class='ocrx_word' id='word_1_48' title='bbox 431 610 504 658; x_wconf 75' lang='grc' dir='ltr'>καὶ</span> <span class='ocrx_word' id='word_1_49' title='bbox 532 611 783 674; x_wconf 77' lang='grc' dir='ltr'>ἀναγαγεῖν</span> <span class='ocrx_word' id='word_1_50' title='bbox 809 613 856 661; x_wconf 87' lang='grc' dir='ltr'>ἐκ</span> <span class='ocrx_word' id='word_1_51' title='bbox 883 610 1060 676; x_wconf 79' lang='grc' dir='ltr'>βόθρου</span> <span class='ocrx_word' id='word_1_52' title='bbox 1087 611 1430 679; x_wconf 62' lang='grc' dir='ltr'>διϊσχυρίᾷται,</span> <span class='ocrx_word' id='word_1_53' title='bbox 1455 611 1646 676; x_wconf 82' lang='grc' dir='ltr'>βόθρον,</span> 
     </span>
     <span class='ocr_line' id='line_1_7' title="bbox 69 683 1647 760; baseline 0.005 -25"><span class='ocrx_word' id='word_1_54' title='bbox 69 683 212 748; x_wconf 76' lang='grc' dir='ltr'>οἶμαι,</span> <span class='ocrx_word' id='word_1_55' title='bbox 241 687 325 751; x_wconf 85' lang='grc' dir='ltr'>τὴν</span> <span class='ocrx_word' id='word_1_56' title='bbox 351 690 536 754; x_wconf 87' lang='grc' dir='ltr'>Λιβύην</span> <span class='ocrx_word' id='word_1_57' title='bbox 565 693 833 754; x_wconf 83' lang='grc' dir='ltr'>ἀποκαλῶν,</span> <span class='ocrx_word' id='word_1_58' title='bbox 861 693 934 743; x_wconf 80' lang='grc' dir='ltr'>διὰ</span> <span class='ocrx_word' id='word_1_59' title='bbox 969 692 1023 744; x_wconf 79' lang='grc' dir='ltr'>τὸ</span> <span class='ocrx_word' id='word_1_60' title='bbox 1054 692 1171 744; x_wconf 75' lang='grc' dir='ltr'>εἶναι’</span> <span class='ocrx_word' id='word_1_61' title='bbox 1204 717 1295 745; x_wconf 86' lang='grc' dir='ltr'>που</span> <span class='ocrx_word' id='word_1_62' title='bbox 1333 694 1455 760; x_wconf 85' lang='grc' dir='ltr'>τάχα</span> <span class='ocrx_word' id='word_1_63' title='bbox 1481 693 1647 756; x_wconf 87' lang='grc' dir='ltr'>κοίλην</span> 
     </span>
     <span class='ocr_line' id='line_1_8' title="bbox 68 770 1646 842; baseline 0.007 -25"><span class='ocrx_word' id='word_1_64' title='bbox 68 789 117 817; x_wconf 91' lang='grc' dir='ltr'>τε</span> <span class='ocrx_word' id='word_1_65' title='bbox 144 770 217 818; x_wconf 81' lang='grc' dir='ltr'>καὶ</span> <span class='ocrx_word' id='word_1_66' title='bbox 244 770 496 836; x_wconf 79' lang='grc' dir='ltr'>χθαμαλὴν</span> <span class='ocrx_word' id='word_1_67' title='bbox 529 771 614 836; x_wconf 83' lang='grc' dir='ltr'>τὴν</span> <span class='ocrx_word' id='word_1_68' title='bbox 647 774 819 840; x_wconf 85' lang='grc' dir='ltr'>χώραν.</span> <span class='ocrx_word' id='word_1_69' title='bbox 884 775 1205 841; x_wconf 89' lang='grc' dir='ltr'>κατευρύνεται</span> <span class='ocrx_word' id='word_1_70' title='bbox 1231 775 1324 842; x_wconf 79' lang='grc' dir='ltr'>γὰρ</span> <span class='ocrx_word' id='word_1_71' title='bbox 1355 779 1414 828; x_wconf 84' lang='grc' dir='ltr'>εἱς</span> <span class='ocrx_word' id='word_1_72' title='bbox 1441 774 1646 828; x_wconf 78' lang='grc' dir='ltr'>κόλπους</span> 
     </span>
     <span class='ocr_line' id='line_1_9' title="bbox 69 849 1646 925; baseline 0.004 -26"><span class='ocrx_word' id='word_1_73' title='bbox 69 849 230 915; x_wconf 81' lang='grc' dir='ltr'>ἡπαρ’</span> <span class='ocrx_word' id='word_1_74' title='bbox 260 852 376 920; x_wconf 79' lang='grc' dir='ltr'>αὐτῇ</span> <span class='ocrx_word' id='word_1_75' title='bbox 410 853 656 913; x_wconf 87' lang='grc' dir='ltr'>θάλασσα,</span> <span class='ocrx_word' id='word_1_76' title='bbox 693 859 940 924; x_wconf 77' lang='grc' dir='ltr'>μονονουχὶ</span> <span class='ocrx_word' id='word_1_77' title='bbox 976 859 1049 907; x_wconf 80' lang='grc' dir='ltr'>καὶ</span> <span class='ocrx_word' id='word_1_78' title='bbox 1085 858 1445 925; x_wconf 83' lang='grc' dir='ltr'>ἀναφευγούσης</span> <span class='ocrx_word' id='word_1_79' title='bbox 1481 857 1646 908; x_wconf 84' lang='grc' dir='ltr'>ἀνόπιν</span> 
     </span>
     <span class='ocr_line' id='line_1_10' title="bbox 69 932 1646 1002; baseline 0.006 -21"><span class='ocrx_word' id='word_1_80' title='bbox 69 934 150 994; x_wconf 77' lang='grc' dir='ltr'>τῆς</span> <span class='ocrx_word' id='word_1_81' title='bbox 189 932 379 1000; x_wconf 77' lang='grc' dir='ltr'>χέρσου,</span> <span class='ocrx_word' id='word_1_82' title='bbox 421 938 496 986; x_wconf 75' lang='grc' dir='ltr'>καὶ</span> <span class='ocrx_word' id='word_1_83' title='bbox 544 942 638 990; x_wconf 82' lang='grc' dir='ltr'>τοῖς</span> <span class='ocrx_word' id='word_1_84' title='bbox 690 939 759 989; x_wconf 82' lang='grc' dir='ltr'>ὅτι</span> <span class='ocrx_word' id='word_1_85' title='bbox 810 938 1024 1002; x_wconf 87' lang='grc' dir='ltr'>μάλιστα</span> <span class='ocrx_word' id='word_1_86' title='bbox 1076 938 1366 992; x_wconf 85' lang='grc' dir='ltr'>νοτιωτάτοις</span> <span class='ocrx_word' id='word_1_87' title='bbox 1417 939 1646 1001; x_wconf 83' lang='grc' dir='ltr'>κλίμασιν</span> 
     </span>
     <span class='ocr_line' id='line_1_11' title="bbox 3 1016 1646 1087; baseline 0.005 -24"><span class='ocrx_word' id='word_1_88' title='bbox 3 1016 49 1058; x_wconf 74' lang='grc' dir='ltr'>1ὀ</span> <span class='ocrx_word' id='word_1_89' title='bbox 69 1016 382 1079; x_wconf 71' lang='grc' dir='ltr'>εἰσδυομένης.</span> <span class='ocrx_word' id='word_1_90' title='bbox 452 1018 605 1069; x_wconf 63' lang='grc' dir='ltr'>ἱστίον</span> <span class='ocrx_word' id='word_1_91' title='bbox 635 1019 681 1070; x_wconf 73' lang='grc' dir='ltr'>δὲ</span> <span class='ocrx_word' id='word_1_92' title='bbox 721 1020 790 1070; x_wconf 79' lang='grc' dir='ltr'>ὅτι</span> <span class='ocrx_word' id='word_1_93' title='bbox 829 1022 929 1070; x_wconf 75' lang='grc' dir='ltr'>ἀντὶ</span> <span class='ocrx_word' id='word_1_94' title='bbox 969 1027 1052 1071; x_wconf 80' lang='grc' dir='ltr'>τοῦ</span> <span class='ocrx_word' id='word_1_95' title='bbox 1078 1020 1164 1072; x_wconf 87' lang='grc' dir='ltr'>Ἐκ</span> <span class='ocrx_word' id='word_1_96' title='bbox 1202 1023 1392 1087; x_wconf 84' lang='grc' dir='ltr'>βόθρου,</span> <span class='ocrx_word' id='word_1_97' title='bbox 1427 1021 1646 1086; x_wconf 85' lang='grc' dir='ltr'>Κυρήνην</span> 
     </span>
     <span class='ocr_line' id='line_1_12' title="bbox 69 1094 1646 1168; baseline 0.006 -23"><span class='ocrx_word' id='word_1_98' title='bbox 69 1094 324 1159; x_wconf 85' lang='grc' dir='ltr'>ὠνόμασαν</span> <span class='ocrx_word' id='word_1_99' title='bbox 363 1103 403 1149; x_wconf 81' lang='grc' dir='ltr'>οἱ</span> <span class='ocrx_word' id='word_1_100' title='bbox 443 1101 586 1166; x_wconf 82' lang='grc' dir='ltr'>ἕτεροι</span> <span class='ocrx_word' id='word_1_101' title='bbox 627 1106 720 1152; x_wconf 85' lang='grc' dir='ltr'>τῶν</span> <span class='ocrx_word' id='word_1_102' title='bbox 764 1104 1067 1168; x_wconf 83' lang='grc' dir='ltr'>ἑρμηνευτῶν,</span> <span class='ocrx_word' id='word_1_103' title='bbox 1113 1103 1183 1153; x_wconf 78' lang='grc' dir='ltr'>ὅτι</span> <span class='ocrx_word' id='word_1_104' title='bbox 1224 1104 1415 1164; x_wconf 78' lang='grc' dir='ltr'>Λιβύων</span> <span class='ocrx_word' id='word_1_105' title='bbox 1463 1104 1646 1154; x_wconf 74' lang='grc' dir='ltr'>ἄποικοι</span> 
     </span>
     <span class='ocr_line' id='line_1_13' title="bbox 69 1178 1639 1251; baseline 0.006 -24"><span class='ocrx_word' id='word_1_106' title='bbox 69 1178 276 1232; x_wconf 87' lang='grc' dir='ltr'>Φοίνικες</span> <span class='ocrx_word' id='word_1_107' title='bbox 316 1183 656 1249; x_wconf 83' lang='grc' dir='ltr'>ἀποφαίνονται</span> <span class='ocrx_word' id='word_1_108' title='bbox 695 1183 1040 1251; x_wconf 77' lang='grc' dir='ltr'>ἐναργέστερον·</span> <span class='ocrx_word' id='word_1_109' title='bbox 1090 1185 1281 1251; x_wconf 85' lang='grc' dir='ltr'>Κυρήνη</span> <span class='ocrx_word' id='word_1_110' title='bbox 1317 1185 1410 1251; x_wconf 76' lang='grc' dir='ltr'>γὰρ</span> <span class='ocrx_word' id='word_1_111' title='bbox 1445 1189 1526 1249; x_wconf 83' lang='grc' dir='ltr'>τῆς</span> <span class='ocrx_word' id='word_1_112' title='bbox 1553 1191 1639 1237; x_wconf 92' lang='grc' dir='ltr'>Λι-</span> 
     </span>
     <span class='ocr_line' id='line_1_14' title="bbox 67 1260 891 1330; baseline 0.011 -20"><span class='ocrx_word' id='word_1_113' title='bbox 67 1260 186 1324; x_wconf 83' lang='grc' dir='ltr'>βύης</span> <span class='ocrx_word' id='word_1_114' title='bbox 223 1263 352 1313; x_wconf 75' lang='grc' dir='ltr'>ἐστὶν</span> <span class='ocrx_word' id='word_1_115' title='bbox 386 1264 706 1330; x_wconf 86' lang='grc' dir='ltr'>ἐπισημοτάτη</span> <span class='ocrx_word' id='word_1_116' title='bbox 739 1265 891 1319; x_wconf 87' lang='grc' dir='ltr'>πόλις.</span> 
     </span>
     <span class='ocr_line' id='line_1_15' title="bbox 169 1344 1645 1420; baseline 0.006 -27"><span class='ocrx_word' id='word_1_117' title='bbox 169 1344 326 1409; x_wconf 87' lang='grc' dir='ltr'>Λόγος</span> <span class='ocrx_word' id='word_1_118' title='bbox 385 1347 553 1409; x_wconf 81' lang='grc' dir='ltr'>τοίνυν,</span> <span class='ocrx_word' id='word_1_119' title='bbox 610 1349 747 1415; x_wconf 79' lang='grc' dir='ltr'>φησὶ,</span> <span class='ocrx_word' id='word_1_120' title='bbox 807 1348 983 1414; x_wconf 78' lang='grc' dir='ltr'>Κυρίου</span> <span class='ocrx_word' id='word_1_121' title='bbox 1042 1350 1113 1417; x_wconf 82' lang='grc' dir='ltr'>ἐφ’</span> <span class='ocrx_word' id='word_1_122' title='bbox 1168 1351 1300 1413; x_wconf 82' lang='grc' dir='ltr'>ὑμᾶς,</span> <span class='ocrx_word' id='word_1_123' title='bbox 1355 1347 1392 1400; x_wconf 74' lang='grc'>(3</span> <span class='ocrx_word' id='word_1_124' title='bbox 1444 1350 1645 1420; x_wconf 70' lang='grc' dir='ltr'>πάροικοι</span> 
     </span>
     <span class='ocr_line' id='line_1_16' title="bbox 2 1426 1647 1500; baseline 0.005 -25"><span class='ocrx_word' id='word_1_125' title='bbox 2 1438 48 1475; x_wconf 90' lang='lat'>15</span> <span class='ocrx_word' id='word_1_126' title='bbox 69 1428 163 1475; x_wconf 81' lang='grc' dir='ltr'>τῶν</span> <span class='ocrx_word' id='word_1_127' title='bbox 201 1426 376 1495; x_wconf 71' lang='grc' dir='ltr'>Κρητῶν,</span> <span class='ocrx_word' id='word_1_128' title='bbox 415 1428 562 1493; x_wconf 74' lang='grc' dir='ltr'>ἤγουν</span> <span class='ocrx_word' id='word_1_129' title='bbox 601 1430 786 1489; x_wconf 80' lang='grc' dir='ltr'>Λίβυες·</span> <span class='ocrx_word' id='word_1_130' title='bbox 821 1429 874 1482; x_wconf 80' lang='grc' dir='ltr'>τὸ</span> <span class='ocrx_word' id='word_1_131' title='bbox 917 1431 965 1482; x_wconf 81' lang='grc' dir='ltr'>δὲ</span> <span class='ocrx_word' id='word_1_132' title='bbox 999 1431 1205 1500; x_wconf 76' lang='grc' dir='ltr'>πάροικοί</span> <span class='ocrx_word' id='word_1_133' title='bbox 1237 1438 1387 1500; x_wconf 87' lang='grc' dir='ltr'>φησιν</span> <span class='ocrx_word' id='word_1_134' title='bbox 1425 1435 1526 1483; x_wconf 82' lang='grc' dir='ltr'>ἀντὶ</span> <span class='ocrx_word' id='word_1_135' title='bbox 1565 1440 1647 1484; x_wconf 84' lang='grc' dir='ltr'>τοῦ</span> 
     </span>
     <span class='ocr_line' id='line_1_17' title="bbox 68 1506 1639 1573; baseline 0.006 -17"><span class='ocrx_word' id='word_1_136' title='bbox 68 1506 251 1558; x_wconf 78' lang='grc' dir='ltr'>ἄποικοι</span> <span class='ocrx_word' id='word_1_137' title='bbox 295 1511 368 1559; x_wconf 83' lang='grc' dir='ltr'>καὶ</span> <span class='ocrx_word' id='word_1_138' title='bbox 411 1512 714 1573; x_wconf 81' lang='grc' dir='ltr'>μετανάσται.</span> <span class='ocrx_word' id='word_1_139' title='bbox 783 1512 966 1565; x_wconf 62' lang='grc' dir='ltr'>Χαναὰν</span> <span class='ocrx_word' id='word_1_140' title='bbox 1017 1513 1065 1564; x_wconf 77' lang='grc' dir='ltr'>δὲ</span> <span class='ocrx_word' id='word_1_141' title='bbox 1108 1513 1254 1565; x_wconf 86' lang='grc' dir='ltr'>πάλιν</span> <span class='ocrx_word' id='word_1_142' title='bbox 1305 1514 1471 1569; x_wconf 78' lang='grc' dir='ltr'>αὐτοὺς</span> <span class='ocrx_word' id='word_1_143' title='bbox 1521 1517 1639 1567; x_wconf 88' lang='grc' dir='ltr'>ἀπο-</span> 
     </span>
     <span class='ocr_line' id='line_1_18' title="bbox 68 1593 1644 1662; baseline 0.008 -24"><span class='ocrx_word' id='word_1_144' title='bbox 68 1594 216 1639; x_wconf 84' lang='grc' dir='ltr'>καλεῖ.</span> <span class='ocrx_word' id='word_1_145' title='bbox 288 1595 544 1644; x_wconf 84' lang='grc' dir='ltr'>Χαναναῖοι</span> <span class='ocrx_word' id='word_1_146' title='bbox 575 1593 667 1660; x_wconf 80' lang='grc' dir='ltr'>γάρ</span> <span class='ocrx_word' id='word_1_147' title='bbox 708 1593 832 1658; x_wconf 78' lang='grc' dir='ltr'>ἦσαν</span> <span class='ocrx_word' id='word_1_148' title='bbox 874 1594 1074 1649; x_wconf 80' lang='grc' dir='ltr'>ἅπαντες</span> <span class='ocrx_word' id='word_1_149' title='bbox 1106 1600 1146 1646; x_wconf 84' lang='grc' dir='ltr'>οἱ</span> <span class='ocrx_word' id='word_1_150' title='bbox 1185 1595 1270 1650; x_wconf 81' lang='grc' dir='ltr'>τὰς</span> <span class='ocrx_word' id='word_1_151' title='bbox 1307 1600 1390 1661; x_wconf 85' lang='grc' dir='ltr'>τῆς</span> <span class='ocrx_word' id='word_1_152' title='bbox 1428 1599 1644 1662; x_wconf 84' lang='grc' dir='ltr'>Φοινίκης</span> 
     </span>
     <span class='ocr_line' id='line_1_19' title="bbox 68 1674 1645 1746; baseline 0.007 -26"><span class='ocrx_word' id='word_1_153' title='bbox 68 1679 385 1728; x_wconf 86' lang='grc' dir='ltr'>κατοικοῦντες</span> <span class='ocrx_word' id='word_1_154' title='bbox 426 1674 602 1744; x_wconf 84' lang='grc' dir='ltr'>πόλεις,</span> <span class='ocrx_word' id='word_1_155' title='bbox 643 1680 680 1727; x_wconf 80' lang='grc' dir='ltr'>εἰ</span> <span class='ocrx_word' id='word_1_156' title='bbox 722 1679 796 1728; x_wconf 79' lang='grc' dir='ltr'>καὶ</span> <span class='ocrx_word' id='word_1_157' title='bbox 838 1678 1093 1744; x_wconf 87' lang='grc' dir='ltr'>γεγόνασιν</span> <span class='ocrx_word' id='word_1_158' title='bbox 1137 1679 1216 1730; x_wconf 88' lang='grc' dir='ltr'>ἀπ’</span> <span class='ocrx_word' id='word_1_159' title='bbox 1263 1682 1409 1746; x_wconf 82' lang='grc' dir='ltr'>ἀρχῆς</span> <span class='ocrx_word' id='word_1_160' title='bbox 1461 1681 1645 1731; x_wconf 79' lang='grc' dir='ltr'>ἄποικοι</span> 
     </span>
     <span class='ocr_line' id='line_1_20' title="bbox 71 1757 1645 1827; baseline 0.004 -22"><span class='ocrx_word' id='word_1_161' title='bbox 71 1758 284 1821; x_wconf 84' lang='grc' dir='ltr'>Κρητῶν.</span> <span class='ocrx_word' id='word_1_162' title='bbox 348 1758 504 1808; x_wconf 80' lang='grc' dir='ltr'>ἱστεόν</span> <span class='ocrx_word' id='word_1_163' title='bbox 544 1757 592 1808; x_wconf 77' lang='grc' dir='ltr'>δὲ</span> <span class='ocrx_word' id='word_1_164' title='bbox 648 1758 717 1809; x_wconf 79' lang='grc' dir='ltr'>ὅτι</span> <span class='ocrx_word' id='word_1_165' title='bbox 757 1760 902 1810; x_wconf 86' lang='grc' dir='ltr'>πάλιν</span> <span class='ocrx_word' id='word_1_166' title='bbox 947 1763 989 1810; x_wconf 83' lang='grc' dir='ltr'>οἱ</span> <span class='ocrx_word' id='word_1_167' title='bbox 1032 1759 1176 1825; x_wconf 77' lang='grc' dir='ltr'>ἕτεροι</span> <span class='ocrx_word' id='word_1_168' title='bbox 1221 1765 1314 1811; x_wconf 79' lang='grc' dir='ltr'>τῶν</span> <span class='ocrx_word' id='word_1_169' title='bbox 1357 1764 1645 1827; x_wconf 82' lang='grc' dir='ltr'>ἑρμηνευτῶν</span> 
     </span>
     <span class='ocr_line' id='line_1_21' title="bbox 3 1840 1645 1912; baseline 0.005 -24"><span class='ocrx_word' id='word_1_170' title='bbox 3 1857 49 1881; x_wconf 89' lang='lat'>20</span> <span class='ocrx_word' id='word_1_171' title='bbox 68 1840 168 1889; x_wconf 75' lang='grc' dir='ltr'>ἀντὶ</span> <span class='ocrx_word' id='word_1_172' title='bbox 194 1845 277 1890; x_wconf 82' lang='grc' dir='ltr'>τοῦ</span> <span class='ocrx_word' id='word_1_173' title='bbox 302 1841 502 1910; x_wconf 70' lang='grc' dir='ltr'>πάροικοι</span> <span class='ocrx_word' id='word_1_174' title='bbox 532 1841 695 1910; x_wconf 67' lang='grc' dir='ltr'>Κρητῶν</span> <span class='ocrx_word' id='word_1_175' title='bbox 728 1842 1009 1892; x_wconf 82' lang='grc' dir='ltr'>ἐκδεδώκασι</span> <span class='ocrx_word' id='word_1_176' title='bbox 1037 1842 1192 1909; x_wconf 86' lang='grc' dir='ltr'>Λόγος</span> <span class='ocrx_word' id='word_1_177' title='bbox 1219 1844 1394 1909; x_wconf 84' lang='grc' dir='ltr'>Κυρίου</span> <span class='ocrx_word' id='word_1_178' title='bbox 1426 1845 1497 1912; x_wconf 85' lang='grc' dir='ltr'>ἐφ’</span> <span class='ocrx_word' id='word_1_179' title='bbox 1528 1846 1645 1907; x_wconf 80' lang='grc' dir='ltr'>ὑμᾶς</span> 
     </span>
     <span class='ocr_line' id='line_1_22' title="bbox 68 1920 1641 1990; baseline 0.003 -20"><span class='ocrx_word' id='word_1_180' title='bbox 68 1920 199 1974; x_wconf 75' lang='grc' dir='ltr'>ἔθνος</span> <span class='ocrx_word' id='word_1_181' title='bbox 231 1923 590 1987; x_wconf 75' lang='grc' dir='ltr'>ὠλοθρευμένον.</span> <span class='ocrx_word' id='word_1_182' title='bbox 655 1923 807 1988; x_wconf 80' lang='grc' dir='ltr'>ἐπειδὴ</span> <span class='ocrx_word' id='word_1_183' title='bbox 850 1924 896 1974; x_wconf 78' lang='grc' dir='ltr'>δέ</span> <span class='ocrx_word' id='word_1_184' title='bbox 935 1923 992 1988; x_wconf 80' lang='grc' dir='ltr'>ἧν</span> <span class='ocrx_word' id='word_1_185' title='bbox 1031 1926 1283 1990; x_wconf 78' lang='grc' dir='ltr'>ἀναγκαῖον</span> <span class='ocrx_word' id='word_1_186' title='bbox 1322 1928 1641 1990; x_wconf 82' lang='grc' dir='ltr'>ἀκολουθῆσαι</span> 
     </span>
     <span class='ocr_line' id='line_1_23' title="bbox 67 2002 1642 2075; baseline 0.005 -22"><span class='ocrx_word' id='word_1_187' title='bbox 67 2002 213 2054; x_wconf 86' lang='grc' dir='ltr'>πάλιν</span> <span class='ocrx_word' id='word_1_188' title='bbox 262 2008 319 2072; x_wconf 78' lang='grc' dir='ltr'>τῇ</span> <span class='ocrx_word' id='word_1_189' title='bbox 371 2009 464 2055; x_wconf 85' lang='grc' dir='ltr'>τῶν</span> <span class='ocrx_word' id='word_1_190' title='bbox 503 2004 822 2070; x_wconf 85' lang='grc' dir='ltr'>ἑβδομήκοντα</span> <span class='ocrx_word' id='word_1_191' title='bbox 873 2011 1050 2075; x_wconf 76' lang='grc' dir='ltr'>γραφῇ,</span> <span class='ocrx_word' id='word_1_192' title='bbox 1092 2005 1150 2057; x_wconf 76' lang='grc' dir='ltr'>τὰ</span> <span class='ocrx_word' id='word_1_193' title='bbox 1201 2009 1250 2058; x_wconf 84' lang='grc' dir='ltr'>ἐκ</span> <span class='ocrx_word' id='word_1_194' title='bbox 1302 2011 1384 2072; x_wconf 81' lang='grc' dir='ltr'>τῆς</span> <span class='ocrx_word' id='word_1_195' title='bbox 1436 2010 1642 2075; x_wconf 76' lang='grc' dir='ltr'>ἱστορίας</span> 
     </span>
     <span class='ocr_line' id='line_1_24' title="bbox 67 2085 1642 2156; baseline 0.004 -21"><span class='ocrx_word' id='word_1_196' title='bbox 67 2085 401 2151; x_wconf 85' lang='grc' dir='ltr'>παρηγάγομεν</span> <span class='ocrx_word' id='word_1_197' title='bbox 439 2089 500 2140; x_wconf 79' lang='grc' dir='ltr'>εἰς</span> <span class='ocrx_word' id='word_1_198' title='bbox 537 2087 695 2148; x_wconf 76' lang='grc' dir='ltr'>μέσον,</span> <span class='ocrx_word' id='word_1_199' title='bbox 728 2085 758 2137; x_wconf 77' lang='grc' dir='ltr'>ἃ</span> <span class='ocrx_word' id='word_1_200' title='bbox 788 2088 917 2156; x_wconf 78' lang='grc' dir='ltr'>φέρει</span> <span class='ocrx_word' id='word_1_201' title='bbox 947 2088 1031 2150; x_wconf 77' lang='grc' dir='ltr'>μὲν</span> <span class='ocrx_word' id='word_1_202' title='bbox 1063 2092 1124 2142; x_wconf 78' lang='grc' dir='ltr'>εἷς</span> <span class='ocrx_word' id='word_1_203' title='bbox 1155 2089 1275 2152; x_wconf 82' lang='grc' dir='ltr'>ἡμᾶς</span> <span class='ocrx_word' id='word_1_204' title='bbox 1307 2090 1333 2152; x_wconf 79' lang='grc' dir='ltr'>ἡ</span> <span class='ocrx_word' id='word_1_205' title='bbox 1365 2090 1642 2156; x_wconf 81' lang='grc' dir='ltr'>παράδοσις,</span> 
     </span>
     <span class='ocr_line' id='line_1_25' title="bbox 68 2167 1459 2239; baseline 0.004 -22"><span class='ocrx_word' id='word_1_206' title='bbox 68 2167 394 2235; x_wconf 86' lang='grc' dir='ltr'>ἐπεσφράγισε</span> <span class='ocrx_word' id='word_1_207' title='bbox 421 2168 469 2220; x_wconf 78' lang='grc' dir='ltr'>δὲ</span> <span class='ocrx_word' id='word_1_208' title='bbox 496 2171 557 2222; x_wconf 85' lang='grc' dir='ltr'>ὡς</span> <span class='ocrx_word' id='word_1_209' title='bbox 584 2171 740 2233; x_wconf 80' lang='grc' dir='ltr'>ἀληθῆ</span> <span class='ocrx_word' id='word_1_210' title='bbox 767 2174 841 2220; x_wconf 83' lang='grc' dir='ltr'>καὶ</span> <span class='ocrx_word' id='word_1_211' title='bbox 869 2171 892 2220; x_wconf 83' lang='grc' dir='ltr'>ὁ</span> <span class='ocrx_word' id='word_1_212' title='bbox 919 2176 1001 2220; x_wconf 82' lang='grc' dir='ltr'>τοῦ</span> <span class='ocrx_word' id='word_1_213' title='bbox 1026 2170 1275 2239; x_wconf 86' lang='grc' dir='ltr'>προφήτου</span> <span class='ocrx_word' id='word_1_214' title='bbox 1302 2173 1459 2237; x_wconf 89' lang='grc' dir='ltr'>λόγος.</span> 
     </span>
    </p>
   </div>
   <div class='ocr_carea' id='block_1_3' title="bbox 7 2415 1639 2474">
    <p class='ocr_par' dir='ltr' id='par_1_3' title="bbox 7 2415 1639 2474">
     <span class='ocr_line' id='line_1_26' title="bbox 7 2415 1639 2474; baseline 0.002 -18"><span class='ocrx_word' id='word_1_215' title='bbox 7 2425 53 2463; x_wconf 84' lang='grc'>25</span> <span class='ocrx_word' id='word_1_216' title='bbox 74 2415 147 2457; x_wconf 79' lang='grc' dir='ltr'>Καὶ</span> <span class='ocrx_word' id='word_1_217' title='bbox 184 2417 337 2458; x_wconf 81' lang='grc' dir='ltr'>ἀπολῶ</span> <span class='ocrx_word' id='word_1_218' title='bbox 374 2418 480 2466; x_wconf 71' lang='grc' dir='ltr'>ὑμᾶς</span> <span class='ocrx_word' id='word_1_219' title='bbox 516 2418 563 2458; x_wconf 77' lang='grc' dir='ltr'>ἐκ</span> <span class='ocrx_word' id='word_1_220' title='bbox 601 2417 830 2467; x_wconf 67' lang='grc' dir='ltr'>κατοικίας,</span> <span class='ocrx_word' id='word_1_221' title='bbox 864 2418 931 2458; x_wconf 78' lang='grc' dir='ltr'>καὶ</span> <span class='ocrx_word' id='word_1_222' title='bbox 968 2418 1085 2460; x_wconf 78' lang='grc' dir='ltr'>ἔσται</span> <span class='ocrx_word' id='word_1_223' title='bbox 1120 2418 1258 2474; x_wconf 60' lang='grc' dir='ltr'>ΚρήτΗ</span> <span class='ocrx_word' id='word_1_224' title='bbox 1292 2419 1396 2467; x_wconf 60' lang='grc' dir='ltr'>νομὴ</span> <span class='ocrx_word' id='word_1_225' title='bbox 1432 2420 1639 2468; x_wconf 79' lang='grc' dir='ltr'>Ποιμνίων</span> 
     </span>
    </p>
   </div>
   <div class='ocr_carea' id='block_1_4' title="bbox 139 2501 666 2559">
    <p class='ocr_par' dir='ltr' id='par_1_4' title="bbox 139 2501 666 2559">
     <span class='ocr_line' id='line_1_27' title="bbox 139 2501 666 2559; baseline 0.004 -18"><span class='ocrx_word' id='word_1_226' title='bbox 139 2501 206 2541; x_wconf 76' lang='grc' dir='ltr'>καὶ</span> <span class='ocrx_word' id='word_1_227' title='bbox 232 2501 398 2559; x_wconf 74' lang='grc' dir='ltr'>μάνὸρα</span> <span class='ocrx_word' id='word_1_228' title='bbox 425 2503 666 2558; x_wconf 81' lang='grc' dir='ltr'>Προβάτων.</span> 
     </span>
    </p>
   </div>
   <div class='ocr_carea' id='block_1_5' title="bbox 144 2639 1636 2707">
    <p class='ocr_par' dir='ltr' id='par_1_5' title="bbox 144 2639 1636 2707">
     <span class='ocr_line' id='line_1_28' title="bbox 144 2639 1636 2707; baseline 0.001 -16"><span class='ocrx_word' id='word_1_229' title='bbox 144 2639 266 2692; x_wconf 78' lang='grc' dir='ltr'>Ἰδοὺ</span> <span class='ocrx_word' id='word_1_230' title='bbox 299 2640 355 2704; x_wconf 80' lang='grc' dir='ltr'>δὴ</span> <span class='ocrx_word' id='word_1_231' title='bbox 390 2641 536 2692; x_wconf 85' lang='grc' dir='ltr'>πάλιν</span> <span class='ocrx_word' id='word_1_232' title='bbox 575 2644 635 2695; x_wconf 85' lang='grc' dir='ltr'>ὡς</span> <span class='ocrx_word' id='word_1_233' title='bbox 674 2642 898 2704; x_wconf 88' lang='grc' dir='ltr'>μετοίκοις</span> <span class='ocrx_word' id='word_1_234' title='bbox 929 2646 1212 2707; x_wconf 84' lang='grc' dir='ltr'>προσλαλεῖ,</span> <span class='ocrx_word' id='word_1_235' title='bbox 1239 2645 1312 2692; x_wconf 75' lang='grc' dir='ltr'>καὶ</span> <span class='ocrx_word' id='word_1_236' title='bbox 1345 2645 1405 2696; x_wconf 80' lang='grc' dir='ltr'>ὡς</span> <span class='ocrx_word' id='word_1_237' title='bbox 1436 2644 1636 2704; x_wconf 86' lang='grc' dir='ltr'>μετανά-</span> 
     </span>
    </p>
   </div>
   <div class='ocr_carea' id='block_1_6' title="bbox 2 2833 1643 3019">
    <p class='ocr_par' dir='ltr' id='par_1_6' title="bbox 2 2833 1643 2973">
     <span class='ocr_line' id='line_1_29' title="bbox 123 2833 1641 2880; baseline 0.002 -14"><span class='ocrx_word' id='word_1_238' title='bbox 123 2844 152 2866; x_wconf 89' lang='grc' dir='ltr'>ῐ.</span> <span class='ocrx_word' id='word_1_239' title='bbox 178 2833 260 2868; x_wconf 81' lang='grc' dir='ltr'>ἐστέ</span> <span class='ocrx_word' id='word_1_240' title='bbox 276 2849 332 2876; x_wconf 89' lang='grc' dir='ltr'>μοι</span> <span class='ocrx_word' id='word_1_241' title='bbox 351 2834 392 2868; x_wconf 84' lang='grc' dir='ltr'>Β.</span> <span class='ocrx_word' id='word_1_242' title='bbox 411 2834 488 2869; x_wconf 76' lang='grc' dir='ltr'>ἐστὲ</span> <span class='ocrx_word' id='word_1_243' title='bbox 507 2835 579 2880; x_wconf 81' lang='grc' dir='ltr'>ἐμοὶ</span> <span class='ocrx_word' id='word_1_244' title='bbox 598 2834 689 2869; x_wconf 87' lang='lat' dir='ltr'><strong>Edd.</strong></span> <span class='ocrx_word' id='word_1_245' title='bbox 955 2834 986 2867; x_wconf 83' lang='lat'>6.</span> <span class='ocrx_word' id='word_1_246' title='bbox 1012 2849 1076 2869; x_wconf 90' lang='grc' dir='ltr'>που</span> <span class='ocrx_word' id='word_1_247' title='bbox 1095 2847 1164 2869; x_wconf 89' lang='lat' dir='ltr'>om.</span> <span class='ocrx_word' id='word_1_248' title='bbox 1184 2835 1225 2869; x_wconf 85' lang='lat' dir='ltr'>B.</span> <span class='ocrx_word' id='word_1_249' title='bbox 1505 2836 1538 2869; x_wconf 88' lang='grc'>8.</span> <span class='ocrx_word' id='word_1_250' title='bbox 1564 2835 1641 2880; x_wconf 81' lang='grc' dir='ltr'>παρ’</span> 
     </span>
     <span class='ocr_line' id='line_1_30' title="bbox 2 2879 1642 2930; baseline 0.002 -18"><span class='ocrx_word' id='word_1_251' title='bbox 2 2890 5 2930; x_wconf 55' lang='lat'>¹»</span> <span class='ocrx_word' id='word_1_252' title='bbox 74 2879 184 2914; x_wconf 79' lang='grc' dir='ltr'>αὐτοῖς</span> <span class='ocrx_word' id='word_1_253' title='bbox 201 2880 290 2914; x_wconf 83' lang='lat' dir='ltr'>Edd.</span> <span class='ocrx_word' id='word_1_254' title='bbox 610 2893 662 2916; x_wconf 90' lang='lat'>10.</span> <span class='ocrx_word' id='word_1_255' title='bbox 689 2882 724 2915; x_wconf 87' lang='grc' dir='ltr'>ἐκ</span> <span class='ocrx_word' id='word_1_256' title='bbox 742 2881 884 2916; x_wconf 78' lang='lat' dir='ltr'>accessit</span> <span class='ocrx_word' id='word_1_257' title='bbox 901 2893 942 2915; x_wconf 83' lang='lat' dir='ltr'>ex</span> <span class='ocrx_word' id='word_1_258' title='bbox 962 2881 1003 2916; x_wconf 81' lang='grc' dir='ltr'>Β.</span> <span class='ocrx_word' id='word_1_259' title='bbox 1321 2891 1373 2925; x_wconf 83' lang='lat'>15.</span> <span class='ocrx_word' id='word_1_260' title='bbox 1400 2881 1533 2921; x_wconf 80' lang='grc' dir='ltr'>Λιβύων</span> <span class='ocrx_word' id='word_1_261' title='bbox 1550 2882 1642 2916; x_wconf 87' lang='lat' dir='ltr'><strong>Edd‚</strong></span> 
     </span>
     <span class='ocr_line' id='line_1_31' title="bbox 79 2927 1643 2973; baseline 0.003 -15"><span class='ocrx_word' id='word_1_262' title='bbox 79 2935 130 2969; x_wconf 88' lang='lat'>17.</span> <span class='ocrx_word' id='word_1_263' title='bbox 144 2928 213 2968; x_wconf 82' lang='grc' dir='ltr'>“τῆς</span> <span class='ocrx_word' id='word_1_264' title='bbox 230 2928 372 2961; x_wconf 78' lang='lat' dir='ltr'>accessit</span> <span class='ocrx_word' id='word_1_265' title='bbox 389 2940 430 2961; x_wconf 82' lang='lat' dir='ltr'>ex</span> <span class='ocrx_word' id='word_1_266' title='bbox 451 2927 492 2962; x_wconf 85' lang='lat' dir='ltr'>B.</span> <span class='ocrx_word' id='word_1_267' title='bbox 649 2929 702 2962; x_wconf 77' lang='lat'>18.</span> <span class='ocrx_word' id='word_1_268' title='bbox 727 2928 845 2973; x_wconf 77' lang='grc' dir='ltr'>ἀρχαῖς</span> <span class='ocrx_word' id='word_1_269' title='bbox 865 2928 956 2961; x_wconf 82' lang='lat' dir='ltr'><strong>Edd.</strong></span> <span class='ocrx_word' id='word_1_270' title='bbox 1111 2939 1163 2972; x_wconf 81' lang='lat'>19.</span> <span class='ocrx_word' id='word_1_271' title='bbox 1190 2928 1241 2961; x_wconf 84' lang='grc' dir='ltr'>ὅτι</span> <span class='ocrx_word' id='word_1_272' title='bbox 1258 2929 1361 2961; x_wconf 83' lang='grc' dir='ltr'>πάλιν</span> <span class='ocrx_word' id='word_1_273' title='bbox 1378 2928 1444 2962; x_wconf 84' lang='lat' dir='ltr'>hoc</span> <span class='ocrx_word' id='word_1_274' title='bbox 1461 2928 1582 2962; x_wconf 80' lang='lat' dir='ltr'>ordine</span> <span class='ocrx_word' id='word_1_275' title='bbox 1601 2929 1643 2964; x_wconf 79' lang='lat' dir='ltr'>B.</span> 
     </span>
    </p>

    <p class='ocr_par' dir='ltr' id='par_1_7' title="bbox 77 2971 1595 3019">
     <span class='ocr_line' id='line_1_32' title="bbox 77 2971 1595 3019; baseline 0.004 -15"><span class='ocrx_word' id='word_1_276' title='bbox 77 2982 131 3005; x_wconf 90' lang='lat'>20.</span> <span class='ocrx_word' id='word_1_277' title='bbox 159 2971 213 3016; x_wconf 78' lang='grc' dir='ltr'>ἐφ’</span> <span class='ocrx_word' id='word_1_278' title='bbox 235 2973 273 3006; x_wconf 82' lang='lat' dir='ltr'>B.</span> <span class='ocrx_word' id='word_1_279' title='bbox 291 2975 373 3016; x_wconf 81' lang='grc' dir='ltr'>πρὸς</span> <span class='ocrx_word' id='word_1_280' title='bbox 393 2974 482 3008; x_wconf 84' lang='lat' dir='ltr'><strong>Edd.</strong></span> <span class='ocrx_word' id='word_1_281' title='bbox 582 2986 635 3009; x_wconf 84' lang='lat'>22.</span> <span class='ocrx_word' id='word_1_282' title='bbox 661 2974 781 3019; x_wconf 78' lang='grc' dir='ltr'>πάλιν]</span> <span class='ocrx_word' id='word_1_283' title='bbox 806 2979 841 3013; x_wconf 68' lang='lat'>4-</span> <span class='ocrx_word' id='word_1_284' title='bbox 863 2976 914 3008; x_wconf 84' lang='grc' dir='ltr'>καὶ</span> <span class='ocrx_word' id='word_1_285' title='bbox 934 2974 1024 3009; x_wconf 82' lang='lat' dir='ltr'><strong>Edd‚</strong></span> <span class='ocrx_word' id='word_1_286' title='bbox 1123 2987 1176 3019; x_wconf 71' lang='lat'>27.</span> <span class='ocrx_word' id='word_1_287' title='bbox 1197 2976 1236 3017; x_wconf 83' lang='grc' dir='ltr'>δὴ</span> <span class='ocrx_word' id='word_1_288' title='bbox 1255 2981 1475 3019; x_wconf 81' lang='lat' dir='ltr'>assumptum</span> <span class='ocrx_word' id='word_1_289' title='bbox 1495 2988 1533 3009; x_wconf 83' lang='lat' dir='ltr'>ex</span> <span class='ocrx_word' id='word_1_290' title='bbox 1555 2975 1595 3010; x_wconf 90' lang='lat' dir='ltr'>B.</span> 
     </span>
    </p>
   </div>
   <div class='ocr_carea' id='block_1_7' title="bbox 1664 448 1690 488">
    <p class='ocr_par' dir='ltr' id='par_1_8' title="bbox 1664 448 1690 488">
     <span class='ocr_line' id='line_1_33' title="bbox 1664 448 1690 488; baseline 0.038 -1"><span class='ocrx_word' id='word_1_291' title='bbox 1664 448 1690 488; x_wconf 85' lang='lat' dir='ltr'><strong>d</strong></span> 
     </span>
    </p>
   </div>
   <div class='ocr_carea' id='block_1_8' title="bbox 1661 1938 1861 1973">
    <p class='ocr_par' dir='ltr' id='par_1_9' title="bbox 1661 1938 1861 1973">
     <span class='ocr_line' id='line_1_34' title="bbox 1661 1938 1861 1973; baseline 0.005 -2"><span class='ocrx_word' id='word_1_292' title='bbox 1661 1947 1682 1971; x_wconf 87' lang='lat' dir='ltr'>a</span> <span class='ocrx_word' id='word_1_293' title='bbox 1711 1938 1797 1973; x_wconf 89' lang='grc'>597</span> <span class='ocrx_word' id='word_1_294' title='bbox 1811 1938 1861 1972; x_wconf 89' lang='grc' dir='ltr'>Α.</span> 
     </span>
    </p>
   </div>
   <div class='ocr_carea' id='block_1_9' title="bbox 1661 2424 1682 2459">
    <p class='ocr_par' dir='ltr' id='par_1_10' title="bbox 1661 2424 1682 2459">
     <span class='ocr_line' id='line_1_35' title="bbox 1661 2424 1682 2459; baseline 0 0"><span class='ocrx_word' id='word_1_295' title='bbox 1661 2424 1682 2459; x_wconf 88' lang='grc'>6</span> 
     </span>
    </p>
   </div>
   <div class='ocr_carea' id='block_1_10' title="bbox 1660 2585 1686 2625">
    <p class='ocr_par' dir='ltr' id='par_1_11' title="bbox 1660 2585 1686 2625">
     <span class='ocr_line' id='line_1_36' title="bbox 1660 2585 1686 2625; baseline 0.038 -1"><span class='ocrx_word' id='word_1_296' title='bbox 1660 2585 1686 2625; x_wconf 88' lang='lat' dir='ltr'>b</span> 
     </span>
    </p>
   </div>
  </div>
 </body>
</html>
