2060 3387
83 631 105 667 01

59 1044 106 1069 10

59 1866 108 1890 20

122 182 295 236 xi.8,‹).
478 185 551 225 IN
599 185 1013 226 ZACHARIAM.
1076 187 1227 227 TOM.
1275 187 1350 226 lv,
1622 189 1696 225 461

123 290 267 355 ἤγουν
293 291 462 359 τάξεσί
495 315 541 342 τε
575 294 647 342 καὶ
676 291 848 352 τόποις,
877 296 949 342 καὶ
978 293 1111 358 μέχρι
1138 298 1309 358 καιρῶν
1336 295 1414 355 τῆς
1443 293 1702 357 ἐπιδημίας.

122 372 246 422 οὗτοι
287 375 361 422 καὶ
401 374 650 442 ἑξαιρσνται,
686 375 759 423 καὶ
796 374 928 436 μάλα
964 375 1162 435 δικαίως,
1202 377 1239 425 ἐν
1276 381 1371 442 μηνὶ
1415 375 1486 425 ἑνί.
1550 374 1706 436 ἐπειδὴ

122 454 214 519 γὰρ
241 455 525 505 ἀπεκτόνασι
553 455 634 505 τὸν
659 455 869 522 ἀρχηγὸν
894 458 976 517 τῆς
1008 457 1137 520 ζωῆς,
1166 456 1384 523 ταύτῃτοι
1412 460 1485 506 καὶ
1513 457 1701 507 ἁποκεί-
1770 445 1857 526 {13¹
1872 442 1926 515 {T

122 558 295 600 ρονται,
336 539 410 586 καὶ
449 539 510 590 ὡς
548 538 585 587 ἑν
623 542 719 604 μηνὶ
760 541 854 587 τῶν
900 536 1024 598 νέων,
1065 536 1171 587 καθ’
1208 536 1260 587 ὀν
1300 538 1383 601 τὴν
1424 537 1536 602 ὑπὲρ
1577 538 1809 611 ἡμῶνπ1
1775 555 1860 613 7'64
1882 577 1932 610 A.

126 617 439 681 ὑπομεμένηκε
477 618 677 686 σφαγὴν
717 620 741 668 ὁ
775 619 1100 682 Ἐμμανουήλ.
1168 618 1454 683 μεμενήκασι
1493 619 1577 682 μὲν
1615 619 1709 686 γὰρ

125 701 401 752 διοικοῦντες
451 699 515 750 ε”τι
561 699 643 750 τὸν
683 699 885 766 Ἰσραὴλ
939 702 1013 750 καὶ
1065 700 1182 762 μετὰ
1232 700 1314 751 τὸν
1357 707 1438 752 τοῦ
1490 705 1710 767 Σωτῆρος

124 779 346 846 σταυρὸν,
386 781 768 850 ἁνεξικακοῦντος
808 781 873 832 ἔτι
913 784 987 832 καὶ
1028 783 1389 847 ἐποικτείροντος
1424 783 1590 837 αὐτοῦς
1628 789 1712 834 τοῦ

123 861 314 912 πάντων
360 869 641 928 κρατοῦντος
687 867 826 925 Θεοῦ,
873 866 948 913 καὶ
992 869 1247 917 καλοῦντος
1287 869 1348 918 εἰς
1392 864 1707 930 μετάγνωσιν·

123 943 381 1010 ἐξῃρῆσθαι
423 944 478 995 δέ
516 951 672 1010 φαμεν
714 944 880 998 αὐτοὺς
921 944 1038 995 ὅσον
1078 945 1185 1009 ἧκεν
1231 951 1372 996 εἰπεῖν
1416 950 1477 1000 εἷς
1517 945 1601 1010 τὴν
1639 947 1711 997 ἐπὶ

126 1031 263 1076 τοῦτο
288 1029 458 1094 ψῆφον
484 1027 796 1091 γεγενημένην
821 1026 951 1092 παρὰ
978 1030 1115 1088 Θεοῦ,
1143 1029 1239 1077 κατ’
1264 1030 1405 1078 ἐκεῖνο
1430 1034 1512 1078 τοῦ
1539 1033 1712 1094 καιροῦ,

124 1109 230 1157 καθ’
261 1106 327 1169 ὃν,
361 1110 422 1161 ὡς
453 1108 585 1176 ἔφην,
622 1111 696 1158 καὶ
729 1113 922 1176 σταυρῷ
952 1109 1315 1174 παραδεδώκασι
1348 1109 1430 1159 τὸν
1461 1115 1554 1160 τῶν
1587 1110 1714 1161 ὅλων

127 1191 325 1254 Σωτῆρα
352 1191 426 1239 καὶ
454 1189 712 1256 λυτρωτήν.
772 1190 997 1262 ὲξῄρηνται
1024 1197 1272 1256 τοιγαροῦν
1300 1193 1336 1242 ἐν
1363 1197 1458 1259 μηνὶ
1488 1193 1555 1243 ἑνί.
1732 1198 1757 1235 ¹>

202 1272 294 1320 Καὶ
330 1271 387 1321 τὰ
423 1271 507 1334 μὲν
533 1276 627 1321 τῶν
659 1272 869 1339 ποιμένων
895 1274 942 1322 ἐν
967 1271 1161 1325 τούτοις·
1203 1272 1256 1323 τὸ
1291 1273 1346 1322 δέ
1374 1296 1427 1338 γε
1461 1273 1529 1324 ἐπ’
1559 1275 1713 1327 αὐτοῖς

125 1357 218 1404 τοῖς
259 1353 495 1417 θρέμμασι
541 1358 681 1417 κρῖμα
722 1352 775 1404 τό
816 1357 885 1405 Οὐ
929 1353 1138 1421 ποιμανεῖ
1179 1357 1313 1420 ῦμᾶς,
1359 1357 1433 1405 καὶ
1472 1356 1525 1406 τό
1568 1356 1714 1421 Εἴπερ

86 1457 105 1489 J.
125 1433 318 1496 ἕλοιντο,
355 1434 599 1486 κατεσθιειν
630 1458 678 1486 τε
717 1437 793 1485 καὶ
833 1435 1135 1486 καταδάκνειν
1166 1436 1376 1500 ἄλληλα,
1412 1439 1486 1487 καὶ
1522 1438 1714 1501 ἁπάσης

126 1517 234 1583 δίχα
285 1520 473 1584 φειδοῦς
521 1516 839 1582 συνθραύσειν
889 1540 938 1568 τε
992 1520 1066 1568 καὶ
1117 1520 1343 1568 δαπανᾶν.
1420 1519 1573 1583 ἐπειδὴ
1619 1518 1713 1585 γὰρ

125 1598 437 1661 ἐκβέβληνται
481 1601 563 1660 τῆς
607 1598 729 1651 θείας
775 1599 935 1662 αὐλῆς,
981 1601 1054 1648 καὶ
1098 1601 1179 1662 τῆς
1225 1606 1307 1650 τοῦ
1351 1600 1542 1651 πάντων
1581 1603 1714 1668 ἀρχι-

125 1680 342 1740 ποίμενος
376 1680 458 1729 οὐκ
489 1679 709 1747 ἠξίωνται
739 1683 940 1746 φειδοῦς,
971 1679 1089 1730 αὐτά
1115 1704 1162 1731 τε
1191 1680 1385 1745 ἄλληλα
1411 1682 1709 1746 κατεδήδοκε,

127 1762 203 1811 καὶ
248 1765 343 1814 τοῖς
395 1761 661 1827 διαρπάζειν
705 1761 967 1820 ἐθέλουσιν,
1016 1762 1289 1826 ἑτοιμοτάτη
1341 1762 1521 1814 δέδοται
1573 1763 1710 1829 θήρα.

128 1841 218 1910 ἔφη
254 1842 301 1892 δὲ
337 1842 406 1905 δὴ,
440 1845 512 1892 καὶ
548 1843 682 1905 μάλα
717 1842 914 1904 εἰκότως,
947 1846 1050 1908 περὶ
1082 1848 1176 1893 τῶν
1203 1848 1330 1913 τριῶν
1357 1844 1593 1913 ποιμένων,
1620 1851 1714 1896 τῶν

128 1925 203 1973 καὶ
239 1924 513 1996 ἐξῃρημένων
549 1925 585 1975 ἐν
620 1929 716 1991 μηνὶ
754 1926 821 1985 ἐν),
857 1924 926 1974 ὅτι
960 1924 1273 1991 βαρυνθήσ-ετοιι
1307 1952 1327 1986 η
1358 1921 1495 1995 ψυχή
1526 1951 1611 1994 μου
1642 1929 1712 1978 ἐπ’

129 2003 298 2067 αὐτους,
336 2005 551 2056 τουτέστι
588 2009 782 2070 βαρεῖαν
821 2004 889 2056 ἐπ’
927 2004 1091 2059 αὐτοῦς
1130 2007 1307 2057 ἐποίσω
1345 2006 1431 2071 τὴν
1466 2008 1608 2072 δίκην,
1642 2009 1712 2059 ὅτι

129 2089 203 2137 καὶ
238 2093 285 2137 αἱ
319 2083 480 2154 ψυχαὶ
524 2087 660 2137 αὐτῶν
691 2086 920 2155 ἑπωρῦοντο
961 2089 1028 2138 ἐπ’
1058 2087 1153 2156 ἐμέ.
1215 2092 1371 2154 θηρῶν
1405 2089 1497 2155 γὰρ
1536 2091 1753 2156 ἀγρίωνο

129 2168 424 2236 διαφέροντες
472 2167 617 2226 οὐδὲν,
665 2169 906 2233 ἐπεπήδων
951 2191 1000 2219 τε
1045 2168 1326 2224 πλειστάκις
1377 2174 1591 2240 Χριστῷ,
1639 2174 1714 2223 καὶ

130 2254 435 2303 τελευτῶντες
464 2253 712 2315 προσῆγον
742 2249 939 2300 Πιλάτω
976 2251 1193 2316 λέγοντες
1221 2259 1246 2280 “
1264 2250 1390 2318 Αἶρε,
1419 2250 1531 2319 αἶρε,
1559 2253 1708 2304 σταύ-
1775 2252 1922 2334 {2⁰1¹qu

181 2389 209 2410 1.
236 2377 357 2420 τάξεσί
382 2391 417 2410 τε
448 2377 501 2411 καὶ
529 2378 645 2413 τόποις
675 2377 716 2412 C.
743 2379 835 2422 τάξει
864 2392 901 2411 τε
931 2379 983 2412 καὶ
1010 2379 1102 2424 τόπῳ
1132 2378 1223 2413 Edd.
1305 2379 1443 2425 καιρῶν]
1469 2385 1505 2421 -Ι-
1526 2385 1592 2415 τῶν
1622 2382 1715 2417 Edd.

129 2423 239 2456 invito
259 2424 299 2457 O.
538 2434 567 2457 2.
594 2425 647 2457 καὶ
666 2424 762 2468 prius
781 2430 1002 2468 assumptum
1021 2437 1062 2458 ex
1083 2414 1123 2459 C.
1187 2424 1281 2470 μηνὶ]
1308 2431 1342 2466 —f-
1365 2429 1410 2460 τῶ
1431 2427 1522 2461 Edd.
1544 2429 1652 2462 inxito
1673 2430 1713 2464 C.

131 2483 163 2512 4.
191 2469 225 2503 ἐν
242 2470 317 2513 μηνὶ
336 2473 401 2504 τῶν
419 2485 499 2504 νεων
515 2469 554 2503 C.
572 2470 606 2503 ἐν
622 2471 699 2514 μηνὶ
716 2473 763 2516 τῷ
781 2472 828 2505 ἑνὶ
847 2471 889 2505 Β.
895 2472 942 2505 D.
958 2471 1050 2504 Edd.
1070 2471 1105 2504 in
1123 2483 1194 2515 mg.
1210 2478 1326 2506 tamen
1344 2473 1384 2506 B.
1404 2488 1446 2517 γρ
1465 2489 1526 2519 νεῳ
1545 2474 1587 2507 ad
1607 2475 1714 2515 hunc,

131 2522 170 2549 ut
187 2515 336 2556 v1detur,
354 2517 470 2550 locum
491 2522 662 2560 spectans.
954 2529 984 2558 5.
1010 2532 1088 2560 μεμ.
1106 2519 1167 2560 μὲν
1182 2518 1248 2562 γὰρ
1268 2519 1307 2552 C.
1328 2520 1356 2552 εἰ
1372 2520 1437 2563 γὰρ
1456 2521 1508 2553 καὶ
1525 2536 1602 2564 μεμ.
1623 2521 1714 2556 Edd.

132 2572 164 2606 7.
189 2563 237 2596 ε’τι
256 2569 476 2607 assumptum
495 2574 535 2595 ex
556 2562 596 2595 C.
907 2574 941 2607 9,
964 2575 1015 2597 10.
1042 2564 1227 2607 ἐξηρῆσθιιι
1245 2565 1280 2598 δε
1298 2567 1547 2610 φαμὲν-πσρὰ
1567 2570 1654 2601 Θεοῦ
1673 2568 1715 2602 C

130 2608 207 2642 ἀλλ’
227 2608 311 2642 ὅσον
328 2614 405 2652 ἡκεν
423 2609 512 2653 (ηκει
531 2608 621 2642 Edd.
628 2608 643 2653 )
663 2609 766 2642 εἰπεῖν
783 2608 829 2643 εἷς
846 2609 905 2652 τὴν
923 2609 976 2642 ε’πὶ
993 2609 1100 2654 τούτῳ
1118 2611 1242 2654 ψῆφον
1258 2612 1498 2656 γεγεννημένην
1516 2613 1715 2658 (γεγενημέ-

131 2670 189 2698 νην
205 2655 300 2689 Aub.
304 2655 320 2700 )
337 2657 429 2700 παρὰ
447 2657 546 2695 Θεοῦ,
566 2655 752 2699 ἐξηρῆσθαί
767 2657 881 2699 φαμεν
898 2656 1018 2691 αὐτοὺς
1037 2656 1079 2690 Β.
1098 2656 1191 2691 Edd.
1445 2669 1496 2692 10.
1523 2659 1592 2693 κατ’
1611 2661 1716 2694 ἐκεῖνο

131 2704 191 2734 τοῦ
209 2704 324 2745 καιροῦ
343 2701 470 2736 C.1<a·1·'
491 2702 614 2735 εκεῖνον
630 2703 688 2735 τὸν
706 2702 820 2744 καιρὸν
838 2701 930 2736 Edd.
1222 2714 1274 2737 ΙΙ.
1301 2718 1353 2737 και
1372 2711 1592 2749 assumptum
1612 2718 1652 2739 ex
1673 2706 1714 2741 C.

135 2759 188 2781 12.
214 2747 308 2793 μηνὶ]
333 2754 370 2789 —f-
391 2751 436 2795 τῷ
455 2747 546 2782 Ε(1(1.
566 2748 684 2781 invitis
704 2748 744 2781 B.
751 2747 791 2781 C
1089 2758 1140 2793 15.
1168 2763 1220 2782 και
1238 2748 1314 2794 alt.]
1339 2754 1375 2789 4—
1396 2752 1461 2795 γὰρ
1481 2751 1527 2785 D.
1548 2752 1639 2786 Edd.
1661 2753 1714 2786 in-

131 2794 202 2827 vito
221 2794 737 2829 C.16-18.Haec
756 2793 1169 2838 συνθραύσειν-φειδοῦς
1185 2803 1406 2830 accesserunt
1423 2809 1463 2830 ex
1484 2797 1523 2830 C.
1578 2799 1716 2832 Desunt

131 2840 166 2873 in
188 2840 232 2873 D.
344 2840 396 2874 18.
423 2841 518 2874 (ιιίτοί
534 2854 569 2874 τε
590 2842 634 2874 D.
694 2840 892 2884 κατεδήδοκε
913 2840 953 2874 C.
975 2840 1217 2885 [κατεδήδωκεν
1236 2842 1341 2887 COd.]
1363 2843 1603 2886 κατεδηδόκασι
1623 2845 1716 2879 Edd.

136 2897 188 2930 19.
216 2885 346 2920 δεδοται
366 2886 406 2920 C.
426 2887 577 2921 δέδονται
595 2887 687 2921 Edd.
867 2898 922 2920 21.
949 2890 1001 2920 καὶ
1020 2899 1089 2921 om.
1109 2886 1149 2921 C.
1324 2900 1379 2922 22.
1407 2889 1456 2923 ἐπ’
1475 2891 1595 2925 αυτοὺς
1612 2891 1646 2925 1).
1665 2891 1716 2926 ἐπ

131 2933 243 2967 αὐτοῖς
263 2932 303 2967 C.
321 2933 434 2967 αὐτοῖς
453 2933 544 2967 Edd.
596 2933 720 2967 Statim
738 2933 870 2975 ποιήσω
890 2945 951 2977 pro
969 2934 1096 2967 ἐποίσω
1114 2933 1148 2967 b.
1295 2945 1349 2976 25.
1376 2938 1596 2972 τελευτῶντες
1614 2937 1718 2972 habet

132 2985 170 3012 ut
189 2978 258 3013 vid.
277 2991 384 3013 manu
402 2980 514 3024 prima
532 2979 572 3014 C.
592 2980 685 3023 (vide
703 2992 808 3025 supra
828 2989 890 3024 755
905 2982 949 3023 c.)
1014 2982 1191 3025 προσῆγον
1208 2982 1347 3027 Πιλάτῳ
1366 2982 1430 3016 hoc
1449 2983 1570 3018 ordine
1589 2984 1667 3019 C.b.
