1997 3361
116 152 203 205 i·5·
560 159 629 199 IN
673 161 950 203 mmmm.
1012 163 1163 203 '1¹0M.
1201 164 1231 203 1.
1631 166 1680 203 π,

108 283 239 324 Ἴδετε
276 283 313 325 οἰ
353 290 670 344 καταφρονΗταί
700 292 766 331 καὶ
799 293 1072 343 ἐπιβλέψατε,
1101 293 1166 333 καὶ
1200 294 1443 340 (mondoum
1469 293 1677 339 θαυμάσια
1702 303 1722 337 5

178 366 245 406 καὶ
286 367 561 423 ἀφανίσθΗτε·
602 371 707 413 διότι
744 374 866 430 ‘'ips-ov
909 376 994 422 ὲΓὼ
1030 376 1253 432 &pf-(ignum
1289 376 1334 416 ἐν
1372 372 1462 415 ταῖς
1501 374 1676 430 ἡμέραις

177 450 292 498 ὑμῶν
318 451 341 492 ὅ
367 453 415 492 οὐ
442 453 496 500 μή
529 456 775 497 mou-:boum
802 458 876 498 ἐάν
903 474 963 498 τις
989 458 1245 505 ἐκὸιΗΓιῖται.

183 598 597 664 Κατακεκραγότος
628 607 709 651 τοῦ
738 602 998 670 Προφήτου
1023 606 1105 665 τῆς
1135 608 1229 653 τῶν
1255 601 1539 668 παρανόμων
1564 610 1679 652 πλε-

66 696 88 734 5
107 677 299 745 ονεξιάς,
327 682 401 730 καὶ
437 683 519 744 τῆς
552 681 621 733 ἐπ’
649 684 800 736 αὐτοῖς
836 684 1126 752 ἀνεξικακίας
1159 688 1406 752 μονονουχὶ
1432 708 1674 736 καταιτιω-

106 758 245 820 μένου
291 760 375 825 τὴν
417 762 677 828 μέλλησιν·
735 765 1056 831 μισοπόνηρον
1105 768 1196 832 γάρ
1244 790 1288 818 τι
1338 770 1497 834 χρῆμα
1546 767 1679 836 ψυχὴ

106 844 257 893 δικαία
305 847 379 895 καὶ
425 846 693 913 φιλάρετος·
760 853 854 901 τοῖς
899 854 1207 916 καταφρονεῖν
1252 851 1467 901 εἰωθόσιν
1517 851 1542 901 ὁ
1587 854 1681 901 τῶν

106 923 234 975 ὅλων
261 925 381 980 Θεὸς
415 928 745 996 ἐπιφθέγγεται
782 929 950 980 λοιπὸν
979 927 1085 982 ἰδεῖν
1122 954 1170 981 τε
1205 934 1279 982 καὶ
1312 930 1578 1001 ἐπιβλέψαι
1605 935 1679 983 καὶ
1698 958 1718 982 a
1748 949 1831 983 522
1849 949 1898 983 Α,

105 1003 336 1074 θωύματος
373 1009 534 1078 ἀξιοῦν
565 1010 624 1061 τὰ
655 1010 835 1077 ὅσαπερ
867 1011 925 1062 ἂν
950 1012 1264 1080 θαυμάζεσθαι
1290 1015 1470 1079 πρέποι.
1533 1021 1679 1066 ταῦτα

41 1113 87 1138 10
106 1087 152 1138 δὲ
178 1087 235 1151 ἦν
261 1089 319 1140 τὰ
343 1091 482 1142 οἱονεί
509 1115 609 1146 πως
641 1094 945 1159 ἐπηρτημένα,
973 1097 1049 1145 καὶ
1084 1095 1201 1146 ὅσον
1226 1096 1403 1147 οὐδέπω
1436 1095 1679 1159 μέλλοντα

104 1171 456 1236 συμβήσεσθαι,
508 1176 581 1225 καὶ
632 1176 862 1240 ἀπευκτὴν
912 1177 1079 1244 ἔχοντα
1129 1177 1214 1242 τὴν
1272 1178 1557 1244 προσβολὴν
1605 1182 1680 1230 καὶ

103 1256 510 1322 κατεστυγημένην
553 1256 638 1321 τὴν
677 1257 862 1326 ἔφοδον,
898 1257 929 1309 ἃ
972 1259 1027 1323 δὴ
1067 1262 1142 1311 καὶ
1178 1265 1487 1328 προαναθρεῖν
1525 1262 1680 1316 αὐτοῖς

102 1338 346 1403 χρησίμως
388 1339 721 1407 προστέταχεν,
764 1342 846 1391 οὐκ
884 1342 1110 1396 ἀνικάνως
1157 1342 1325 1410 ἔχοντα
1365 1342 1483 1408 πρός
1525 1366 1579 1409 γε
1623 1343 1677 1395 τὸ

101 1422 324 1488 ἀφανίσαι
363 1421 591 1472 δύνασθαι
632 1422 738 1477 τοὺς
780 1424 851 1491 ἐφ’
893 1424 971 1478 οὓς
1012 1423 1069 1475 ἂν
1113 1424 1241 1476 ἰόντα
1284 1426 1516 1494 φαίνοιτο·
1565 1425 1670 1477 θοιν-

37 1526 81 1563 15
101 1501 263 1565 μαστοὶ
302 1501 349 1553 δὲ
387 1503 457 1554 ὅτι
495 1507 569 1555 καὶ
606 1503 825 1569 ἁδόκητα,
863 1508 937 1557 καὶ
975 1506 1084 1572 παρ’
1123 1508 1292 1558 ἐλπίδα
1330 1510 1404 1559 καὶ
1443 1508 1674 1560 δύσοιστα
1692 1523 1718 1563 b

100 1585 175 1633 καὶ
200 1585 255 1634 δι’
284 1586 552 1652 ὑπερβολὴν
587 1587 843 1652 δεινότητος
878 1588 1221 1653 καταπλήττειν
1258 1589 1332 1640 οἷά
1368 1613 1431 1653 τε,
1465 1589 1587 1659 τάχα
1625 1592 1681 1642 δέ

99 1689 192 1718 που
236 1669 311 1719 καὶ
356 1668 689 1731 ἀπιστούμενα.
755 1676 890 1738 φιλεῖ
925 1671 1018 1738 γάρ
1061 1695 1161 1726 πως
1204 1674 1273 1724 ἀεὶ
1314 1672 1374 1724 τὰ
1416 1674 1463 1723 ἐν
1503 1678 1675 1743 πολλῷ

99 1749 280 1815 μεγέθει
316 1755 410 1801 τῶν
451 1757 603 1803 κακῶν
645 1751 784 1819 ἐγγὺς
827 1751 938 1805 εἶναι
984 1756 1092 1805 λίαν
1135 1761 1218 1806 τοῦ
1257 1757 1332 1806 καὶ
1369 1757 1673 1806 ἀπιστεῖσθαι

100 1834 205 1894 δεῖν,
231 1836 268 1882 εἱ
298 1832 355 1897 δὴ
388 1832 602 1896 μάλιστα
638 1839 733 1890 τοῖς
763 1834 1021 1897 οὐδαμόθεν
1051 1841 1216 1888 παθεῖν
1240 1835 1497 1902 ἠλπικόσιν
1523 1838 1672 1906 ὁρῷτο

32 1942 81 1966 20
99 1914 437 1977 συμβαίνοντα.
502 1917 570 1970 τίς
615 1917 708 1984 γὰρ
750 1916 807 1969 ἂν
851 1917 980 1988 ᾠήθη
1024 1920 1214 1971 πώποτε
1252 1918 1335 1970 τὸν
1372 1919 1672 1985 ἠγαπημένον

99 1995 310 2061 Ἰσραὴλ,
343 1996 424 2048 τὸν
459 1997 758 2063 πρωτότοκον
789 2001 838 2051 ἐν
880 1999 1065 2063 τέκνοις,
1105 2001 1159 2052 δι’
1201 2000 1254 2052 ὃν
1292 2001 1541 2053 ἀπόλωλεν
1579 2002 1666 2052 Α’ί-

96 2100 285 2142 γυπτος,
321 2077 429 2143 ἔθνη
465 2101 515 2130 τε
553 2082 693 2147 μυρία
732 2082 1021 2147 πεπτώκασι,
1056 2085 1337 2135 Χαναναίων
1383 2086 1457 2135 καὶ
1487 2084 1668 2150 Ἀμορ-

94 2158 250 2225 ῥαίων,
293 2161 475 2211 Εὐαίων
513 2163 588 2212 καὶ
627 2162 884 2229 Φερεζαίων
925 2167 999 2216 καὶ
1039 2164 1355 2228 Ἰεβουσαίων,
1398 2166 1671 2217 καθικέσθαι

94 2241 212 2307 πρὸς
233 2247 371 2293 τοῦτο
393 2243 724 2309 ταλαιπωρίας,
752 2247 813 2298 ὡς
849 2245 1041 2298 ἅπασαν
1067 2247 1152 2311 μὲν
1177 2248 1330 2301 αὐτοῖς
1357 2247 1669 2316 ἐξαναστῆναι

28 2350 76 2388 25
95 2323 180 2388 τὴν
209 2324 380 2393 χώραν,
413 2327 560 2376 ἀκλεᾶ
592 2325 639 2376 δὲ
675 2325 839 2381 αὐτοὺς
877 2330 952 2379 καὶ
986 2329 1242 2381 δύσοιστον
1275 2331 1532 2394 ἀνατλῆναι
1563 2333 1707 2385 ὅου-ο

94 2406 243 2468 λείαν,
270 2408 338 2459 ἐπ’
366 2409 643 2472 ἀλλοδαπῆς
667 2408 978 2474 ἀλητεύοντας
1003 2411 1119 2475 μετὰ
1141 2411 1225 2467 τὰς
1259 2413 1308 2463 ἐκ
1342 2417 1424 2464 τοῦ
1457 2414 1668 2478 πολέμου

144 2599 174 2622 1.
201 2587 383 2632 θαυμάζετε
400 2588 494 2625 Edd.
832 2598 866 2634 5'.
891 2591 1147 2635 καταιτιωμένου
1165 2591 1212 2626 D.
1230 2592 1283 2626 καὶ
1300 2592 1493 2635 αἶτιωμενου
1512 2592 1554 2626 Β.
1572 2592 1665 2628 Edd.

95 2634 129 2668 6.
154 2634 300 2679 μέλησιν
318 2635 364 2669 D.
763 2645 794 2681 7.
821 2637 947 2671 δικαίου
967 2638 1008 2672 Β.
1028 2639 1135 2672 invito
1154 2639 1201 2672 D.
1261 2640 1278 2671 ὁ
1296 2642 1362 2672 τῶν
1378 2639 1467 2672 ὅλων
1484 2640 1567 2674 Θεὸς
1584 2646 1665 2684 post

94 2683 215 2716 λοιπὸν
231 2688 361 2726 transp.
381 2682 428 2717 D.
614 2695 648 2729 9.
673 2683 713 2718 τὰ
730 2690 950 2727 assumptum
968 2696 1009 2718 ex
1029 2685 1071 2719 B.
1089 2685 1245 2730 ἀξιοῦντα
1262 2685 1310 2719 D.
1476 2696 1528 2719 10.
1555 2689 1662 2730 συμβ.

94 2728 264 2771 μέλλοντα
282 2728 417 2763 inverso
434 2728 555 2763 ordine
573 2729 619 2764 D.
850 2741 902 2775 13.
927 2745 966 2776 γε
984 2743 1054 2765 om.
1073 2731 1120 2766 D.
1335 2743 1387 2773 14.
1413 2731 1469 2767 οὓς
1488 2732 1529 2765 Β.
1548 2732 1597 2768 οἷς
1615 2734 1662 2768 D.

96 2774 189 2809 Edd.
237 2775 369 2808 ἀνιόντα
386 2788 448 2820 pro
464 2775 504 2811 ἂν
520 2777 612 2811 ἰόντα
633 2776 724 2811 Edd.
943 2787 995 2823 17.
1021 2778 1062 2811 τὰ
1079 2783 1299 2822 assumptum
1316 2789 1354 2811 ex
1376 2778 1422 2813 D.
1482 2778 1533 2825 ἐν]
1557 2784 1593 2820 -Ι-
1614 2783 1663 2826 τῷ

97 2821 189 2856 Edd.
207 2821 315 2855 invito
334 2822 380 2856 D.
571 2824 624 2859 18.
649 2822 726 2869 τοῦ]
745 2824 782 2857 τὸ
802 2822 892 2856 Edd.
1092 2835 1147 2858 20.
1172 2827 1306 2858 πώποτε
1323 2824 1412 2871 ᾠήθη
1430 2825 1500 2860 inv.
1519 2826 1593 2861 ord.
1614 2828 1661 2861 D.

98 2878 153 2901 22.
180 2870 232 2901 καὶ
251 2867 459 2914 Ἀμοῤῥαίων
475 2870 604 2904 Εὐαίων
621 2871 673 2904 καὶ
692 2871 733 2904 Β.
753 2871 805 2904 καὶ
830 2869 976 2904 Ἐσαίων
999 2870 1078 2914 (Sic)
1105 2872 1157 2904 καὶ
1181 2870 1390 2915 Ἀμοῤῥαίων
1414 2873 1466 2906 καὶ
1494 2873 1583 2906 Edd.
1609 2875 1664 2907 καὶ

95 2912 171 2957 Ἀμ.
191 2915 242 2948 καὶ
263 2915 309 2948 D.
485 2928 540 2961 23.
564 2916 781 2957 Ἰουβεσαίων
799 2916 857 2950 iid.
1046 2928 1101 2960 24.
1127 2917 1227 2963 πρὸς]
1248 2918 1293 2954 εἷς
1311 2918 1344 2953 b.
1393 2919 1505 2955 αὐτοῖς
1523 2920 1661 2955 B.D.b,

97 2961 205 2995 αὐτῶν
224 2961 314 2996 Edd.
504 2963 558 2998 26.
583 2967 642 2998 τοῦ
659 2970 879 3008 assumptum
898 2975 940 2997 ex
961 2963 1052 2997 BD.

854 3033 920 3060 122
