2018 3391
331 145 411 184 170
718 147 761 185 B.
807 145 1085 185 CYRILLI
1138 141 1519 184 ALEXANDR.
1813 134 1839 173 i.
1868 146 1896 173 1.

330 259 357 281 ‘⁶
383 257 477 304 τῶν
501 259 759 322 προφητῶν
793 254 945 318 λέγων
970 255 1105 304 Ἀνθ’
1135 250 1199 303 ῶν
1229 252 1324 303 ὅσα
1358 251 1546 314 ἐποίησε
1574 245 1848 306 Μανασσῆς
1876 243 1901 292 ὁ

330 342 357 365 “
381 335 608 396 βασιλεὺς
647 335 800 386 Ἰούδα
842 334 901 386 τὰ
945 336 1253 399 βδελύγματα
1295 338 1442 384 ταῦτα
1488 329 1547 381 τὰ
1589 325 1770 393 πονηρὰ
1808 324 1902 376 ἀπὸ

331 424 358 447 “
382 417 571 468 πάντων
610 416 674 467 ῶν
709 419 928 481 ἐποίησεν
955 418 979 467 ὁ
1005 417 1285 484 Ἀμορῥαῖος
1313 416 1337 466 ὁ
1369 415 1649 480 ἔμπροσθεν,
1681 411 1754 460 καὶ
1789 406 1900 475 ἐξή-

333 508 359 530 “
382 523 527 565 μαρτε
567 501 648 550 καί
680 522 734 565 γε
769 500 947 553 Ἰούδας
985 501 1033 550 ἐν
1071 503 1166 551 τοῖς
1210 498 1417 550 εἰδώλοις
1455 496 1620 556 αὐτῶν,
1659 493 1745 558 οὐχ
1783 491 1903 540 οὕτω

334 589 360 611 “
384 582 492 632 τάδε
529 580 653 646 λέγει
690 582 863 648 Κύριος
898 583 922 632 ὁ
962 580 1080 634 Θεὸς
1106 578 1308 646 Ἰσραήλ
1330 576 1452 629 Ἰδοὺ
1490 575 1580 642 ἐγὼ
1619 575 1747 644 φέρω
1785 568 1946 623 κακά5

335 671 361 693 “
387 665 460 714 ἐπὶ
486 664 802 730 Ἰερουσαλὴμ
827 667 900 715 καὶ
925 663 1106 714 Ἰούδαν
1132 660 1255 712 ὥστε
1284 658 1460 713 παντὸς
1493 657 1738 710 ἀκούοντος
1769 652 1903 715 αὐτὰ,

113 755 202 789 580
224 753 271 786 A·
297 753 363 786 ²²⁶⁴
389 744 558 813 ἠχήσει
600 746 843 815 ἀμφότερα
880 744 939 797 τὰ
978 743 1074 796 ῶτα
1115 745 1268 806 αὐτοῦ,
1307 744 1382 793 καὶ
1420 743 1584 792 ἐκτενῶ
1623 740 1695 789 ἐπὶ
1731 738 1903 802 Ἰερου-

335 836 362 857 “
389 828 556 890 σαλὴμ
603 828 657 879 τὸ
707 830 875 895 μέτρον
927 827 1189 894 Σαμαρείας·
1240 827 1314 877 καὶ
1376 823 1430 875 τὸ
1489 821 1721 884 στάθμιον
1783 819 1909 869 οἴκου

334 920 361 942 “
386 911 592 979 Ἀχαάβ,
634 914 707 963 καὶ
742 912 996 980 ἀπαλείψω
1035 910 1120 974 τὴν
1149 906 1481 975 Ἰερουσαλὴμ,
1526 902 1678 956 καθὼς
1717 901 1909 953 ἀπαλεί-

335 1001 361 1024 “
388 999 525 1062 φεται
564 996 587 1045 ὁ
633 994 942 1061 ἀλάβαστρος
992 992 1369 1059 ἀπαλειφόμενος
1419 990 1494 1040 καὶ
1538 984 1911 1053 καταστρέφεται
1934 1002 1980 1027 10

336 1085 362 1107 ‘⁶
388 1077 583 1128 ἐνώπιον
623 1078 792 1139 αὐτῶν,
823 1079 897 1127 καὶ
930 1075 1182 1138 ἀπώσομαι
1219 1073 1273 1124 τὸ
1313 1071 1578 1134 ὑπόλειμμα
1616 1071 1697 1132 τῆς
1735 1073 1908 1133 κληρο-

336 1167 362 1189 “
390 1161 549 1222 νομιάς
584 1183 693 1222 μου,
725 1162 795 1209 καὶ
830 1158 1101 1225 παραδώσω
1140 1153 1306 1208 αὐτοὺς
1337 1158 1397 1207 εἰς
1433 1158 1588 1220 χεῖρας
1620 1152 1798 1218 ἐχθρῶν
1824 1149 1907 1199 αὐ-

337 1250 363 1272 “
391 1247 504 1304 τῶν,
553 1244 629 1292 καὶ
671 1241 858 1292 ε”σονται
899 1245 960 1295 εἷς
999 1236 1263 1306 διαρπαγὴν
1303 1238 1378 1287 καὶ
1415 1240 1476 1289 εἰς
1514 1231 1755 1301 προνομὴν
1792 1235 1914 1282 πᾶσι

339 1332 365 1354 “
391 1329 486 1378 τοῖς
524 1326 704 1391 ἐχθροῖς
744 1325 909 1385 αὐτῶν,
936 1323 1040 1374 ἀνθ’
1069 1320 1133 1372 ῶν
1172 1320 1265 1372 ὅσα
1302 1318 1530 1383 ἐποίησαν
1555 1316 1609 1367 τὸ
1637 1311 1843 1380 πονηρὸν
1867 1314 1915 1363 ἐν

338 1415 365 1437 “
392 1409 657 1475 ὀφθαλμοῖς
684 1405 819 1470 μου.”
886 1408 958 1456 καὶ
986 1407 1116 1455 ταυτὶ
1144 1404 1241 1467 μὲν,
1269 1405 1329 1456 ὡς
1356 1401 1488 1470 ἔφην,
1517 1400 1720 1451 ἐποίσειν
1746 1397 1828 1447 οὐκ
1853 1399 1915 1449 εἰς
1937 1411 1983 1449 15

339 1491 521 1557 μακρὰν
545 1496 639 1545 τοῖς
665 1497 933 1542 κατοικοῦσι
959 1489 1043 1553 τὴν
1069 1486 1400 1554 Ἰερουσαλὴμ,
1429 1484 1665 1548 ἐπηπείλει
1692 1480 1827 1535 Θεός.

418 1573 765 1641 Κατοιχομένου
791 1572 839 1623 δὲ
866 1577 948 1623 τοῦ
977 1573 1227 1634 Μανασσῆ
1254 1570 1362 1633 ἤδη,
1392 1568 1732 1629 βεβασίλευκεν
1755 1562 1916 1627 Ἀμὼς

340 1655 434 1709 υἱὸς
462 1657 615 1717 αὐτοῦ,
644 1655 742 1706 κατ’
771 1655 900 1706 οὐδὲν
927 1655 1137 1705 ἀποδέων
1164 1659 1245 1703 τοῦ
1278 1651 1520 1719 φύσαντος
1546 1652 1607 1702 εἷς
1633 1645 1917 1710 ἀνοσιότητα

339 1738 541 1806 τρόπων,
573 1738 900 1802 ἁμιλλώμενος
938 1736 985 1787 δὲ
1025 1738 1144 1786 οὕτω
1183 1740 1281 1788 ταῖς
1313 1734 1482 1784 ἐκείνου
1509 1731 1825 1793 δυσσεβείαις,
1855 1730 1917 1781 ὡς

339 1822 463 1889 τάχα
506 1843 598 1872 που
648 1822 723 1871 καὶ
768 1822 1064 1886 ὑπερκεῖσθαι
1109 1817 1290 1868 λοιπόν.
1358 1814 1509 1878 ἐπειδὴ
1557 1813 1604 1864 δὲ
1653 1814 1728 1864 καὶ
1780 1809 1917 1865 αὐτὸς
1940 1831 1988 1855 20

342 1904 539 1965 ἀπεβίω,
586 1904 924 1964 βεβασίλευκεν
961 1900 1168 1962 Ἰωσίας,
1217 1898 1310 1951 υἱὸς
1351 1895 1435 1961 μὲν
1476 1897 1630 1958 αὑτοῦ,
1668 1893 1797 1958 πλὴν
1834 1892 1919 1957 τὴν

300 1997 327 2036 b
343 1986 547 2052 Ἐζεκίου
573 1984 792 2051 ζηλώσας
818 1982 1077 2052 φιλοθείαν,
1104 1984 1177 2032 καὶ
1205 1985 1297 2031 τῶν
1322 1981 1492 2030 ἐκείνου
1515 1978 1702 2043 τρόπων
1728 1977 1921 2042 ἄριστος

345 2071 561 2136 ἐραστής,
631 2074 815 2120 καθεῖλε
856 2068 940 2132 μὲν
979 2067 1071 2133 γὰρ
1109 2064 1297 2128 βωμοὺς
1333 2067 1407 2115 καὶ
1441 2064 1621 2127 τεμένη,
1658 2061 1739 2113 τὸν
1778 2061 1826 2112 δὲ
1865 2059 1921 2125 δὴ

347 2158 468 2204 θεῖον
503 2152 614 2203 ναὸν
648 2150 853 2217 καθαρὸν
885 2148 1133 2218 ἀποφήνας
1163 2153 1257 2198 τῶν
1286 2149 1535 2209 Μανασσῆ
1567 2144 1921 2209 βδελυγμάτων,

345 2235 405 2286 τὰ
429 2235 611 2299 συνήθη
647 2238 760 2298 δρᾶν
795 2237 855 2286 εἷς
890 2232 1034 2301 δόξαν
1060 2235 1184 2282 Θεοῦ
1215 2229 1319 2282 τοὺς
1347 2227 1465 2280 κατὰ
1492 2227 1633 2288 νόμον
1660 2223 1922 2292 ἱερουργοὺς
1944 2249 1992 2287 25
2016 2229 2018 2247 ³

348 2318 567 2368 ἐκέλευεν·
607 2316 831 2382 ἐνέπρησε
866 2313 983 2381 πρὸς
1018 2314 1168 2382 τούτῳ
1202 2318 1284 2363 τοῦ
1315 2311 1448 2375 ἡλίου
1471 2308 1525 2360 τὸ
1551 2308 1690 2374 ἅρμα,
1716 2307 1923 2376 ἐξήλασε

349 2405 442 2451 τῶν
468 2398 814 2464 Ἰεροσολύμων
850 2396 1199 2465 ψευδομάντεις,
1235 2394 1591 2453 οἰωνοσκόπους,
1625 2392 1699 2441 καὶ
1736 2412 1924 2456 τερατο-

399 2555 428 2577 1.
455 2543 648 2586 Assumpta
665 2541 731 2575 ὅσα
749 2553 789 2574 ex
804 2540 941 2574 B.D.E.
961 2541 978 2572 ὁ
997 2551 1037 2573 ex
1056 2538 1141 2572 ΒΕ.
1155 2536 1319 2577 βασιλεὺς
1332 2534 1441 2568 Ἰούδα
1455 2546 1494 2567 ex
1510 2533 1647 2567 B.D.E.
1755 2540 1832 2575 2-7.
1858 2532 1925 2565 As-

353 2596 494 2634 sumpta
519 2589 584 2623 ἀπὸ
608 2588 867 2622 πάντων-τάδε
891 2586 985 2631 λέγει
1008 2585 1130 2628 Κύριος
1154 2596 1195 2618 ex
1224 2582 1360 2617 ss.D.E.
1387 2583 1404 2614 ὁ
1430 2582 1514 2615 Θεὸς
1530 2579 1671 2624 Ἰσραὴλ
1695 2590 1735 2612 ex
1754 2578 1845 2612 D.E.
1873 2579 1926 2612 καὶ

352 2635 482 2671 Ἰούδαν
494 2637 671 2670 ὥστε-τὰ
684 2635 752 2668 ὦτα
763 2635 864 2668 αὐτοῦ
878 2646 919 2666 ex
936 2633 1072 2666 B.D.E.
1170 2642 1203 2675 3.
1221 2630 1380 2673 ἀμοραῖος
1394 2628 1483 2661 D.E.
1498 2628 1607 2670 (158.)
1699 2627 1799 2659 8—12.
1818 2625 1871 2658 καὶ
1888 2625 1926 2658 τὸ

354 2683 622 2726 -κληρονομίας
634 2697 698 2725 μου
712 2687 893 2725 assumpta
906 2692 946 2713 ex
964 2679 1101 2713 B.D.E.
1212 2689 1244 2721 9.
1262 2676 1442 2719 ἀπολείψω
1456 2674 1534 2716 (sic)
1549 2673 1593 2706 D.
1694 2683 1705 2705 1
1717 2683 1744 2706 Ι.
1763 2672 1864 2705 αὐτοῦ
1879 2671 1925 2705 D.

358 2742 370 2763 1
381 2742 410 2763 2.
429 2731 530 2763 αὐτοῦ
544 2729 632 2762 Edd.
643 2730 737 2773 (230,
748 2733 840 2772 247.)
885 2726 1009 2759 Statim
1021 2726 1072 2759 καὶ
1084 2721 1457 2766 ἔσονται-ὀφθαλμοῖς
1467 2735 1530 2763 μου
1544 2725 1722 2763 assumpta
1733 2731 1772 2752 ex
1788 2718 1926 2752 B.D.E.

359 2788 411 2818 14.
437 2777 576 2819 ἐποίησε
597 2776 636 2808 Β.
762 2784 813 2819 15.
841 2775 884 2808 ὡς
900 2774 987 2817 ἔφην
1005 2777 1184 2815 assumpta
1201 2782 1241 2803 ex
1261 2769 1300 2802 E.
1320 2774 1399 2811 post
1416 2767 1543 2811 μακρὰν
1561 2772 1603 2799 tr.
1627 2765 1666 2799 Β.
1790 2764 1842 2798 16.
1868 2765 1927 2808 τὴν

356 2829 577 2867 assumptum
595 2834 635 2855 ex
654 2821 730 2855 iisd.
830 2831 881 2864 17.
901 2821 961 2863 ἤδη
980 2819 1124 2852 accessit
1142 2829 1182 2851 ex
1199 2815 1275 2850 iisd.
1324 2814 1435 2857 Ἀμὼν
1452 2820 1490 2847 ut
1508 2824 1612 2857 supra
1630 2811 1672 2845 B.
1772 2822 1824 2855 19.
1843 2811 1926 2846 δυσ·-

357 2870 493 2909 σεβείας
509 2869 613 2913 (preli
631 2869 711 2911 err.)
730 2868 821 2902 Aub.
892 2866 987 2899 Haec
1013 2862 1410 2909 ἁμιλλώμενος-λοιπόν
1434 2866 1467 2893 et
1492 2860 1545 2893 καὶ
1569 2862 1634 2892 τῶν
1654 2858 1778 2892 ἐκείνου
1795 2859 1927 2902 τρόπων

357 2915 411 2958 (lp.
429 2914 573 2957 ἐραστής
590 2927 631 2948 ex
651 2915 691 2949 E.
705 2913 896 2959 assumpsit
914 2913 1103 2947 Aubertus.
1226 2917 1279 2950 23.
1305 2908 1365 2951 μέν
1383 2918 1452 2941 om.
1472 2906 1512 2940 E.
1562 2905 1600 2949 δὴ
1620 2905 1762 2939 accessit
1780 2916 1820 2938 ex
1840 2903 1925 2938 BE.

360 2970 412 3005 27.
439 2963 708 3004 τερμιιτολογους
728 2961 767 2993 Ε.
