2018 3391
164 666 184 695 4
200 655 284 704 ΒΨ

164 700 254 729 xxm.
278 708 326 737 24.

156 2414 211 2445 Es.
227 2414 247 2444 ἰ.
267 2414 314 2445 16.

389 134 471 173 176
787 138 835 177 B.
880 138 1153 179 CYRILLI
1195 138 1571 180 ALEXANDR.
1879 136 1903 175 i·
1924 145 1959 186 7-

386 243 635 306 ἐπιεικείας,
663 248 738 295 καὶ
769 249 852 309 τῆς
885 251 947 301 εἷς
980 252 1076 298 πᾶν
1103 249 1255 299 ὁτιοῦν
1281 253 1374 299 τῶν
1400 250 1542 301 ὁσίως
1568 244 1961 309 τεθαυμασμένων

385 326 461 375 καὶ
486 326 780 378 ἁνδανόντων
806 330 930 398 αὐτῷ
957 333 1169 393 σπουδῆς
1193 353 1244 381 τε
1269 334 1343 382 καὶ
1369 330 1641 396 προθυμίας.

461 408 643 458 Εἱδέναι
675 409 723 460 δέ
760 411 1026 476 ἀναγκαῖον,
1052 411 1122 462 ὅτι
1155 418 1301 463 ταῦτα
1335 412 1419 476 μὲν
1451 413 1720 463 τετέλεσται
1753 412 1827 461 καὶ
1851 411 1958 475 παρ’

385 489 526 539 αὐτοῦ
557 496 638 540 τοῦ
672 493 1014 551 βασιλεύοντος
1039 496 1087 544 ἐν
1112 499 1207 548 τοῖς
1233 494 1593 560 Ἱεροσολύμοις,
1615 493 1800 544 Ἰωσίου
1825 494 1959 560 φημὶ,

384 654 459 703 καὶ
486 653 623 707 αὐτὸς
648 655 836 718 βωμοὺς
865 660 939 707 καὶ
965 658 1127 722 τεμένη
1155 660 1230 709 καὶ
1262 658 1321 709 τὰ
1352 657 1647 725 χειρόκμητα·
1687 656 1959 724 κατέσφαξε

383 734 489 790 τοὺς
535 736 810 804 ἱερουργοῦς,
857 739 1206 807 ψευδομάντεις,
1251 739 1612 794 οἰωνοσκόπους.
1679 740 1795 790 ε”οικε
1840 739 1889 789 δὲ
1934 739 1960 789 ὁ

387 817 647 886 Προφήτης
678 821 779 888 οὐχὶ
813 820 869 885 δὴ
907 822 1094 876 πάντως
1132 822 1191 873 τὰ
1227 822 1509 887 ἐνεστηκότα
1545 826 1731 886 δηλοῦν,
1757 823 1961 887 καὶπερὶ

380 906 474 952 τῶν
498 901 586 966 ἤδη
616 904 958 969 πεπραγμένων
988 909 1223 956 ποιεῖσθαι
1256 903 1362 958 τους
1401 903 1585 970 λόγους,
1611 902 1961 970 προαγγέλλειν

382 982 430 1033 δὲ
455 988 657 1047 μᾶλλον,
680 987 740 1038 ὡς
766 986 899 1036 ε”σται
925 992 1071 1037 ταῦτα
1097 987 1213 1038 κατὰ
1239 986 1434 1053 καιροὺς,
1457 986 1487 1037 ἂ
1512 986 1568 1051 δὴ
1590 989 1664 1037 καὶ
1691 986 1959 1037 τετέλεσται

383 1065 458 1115 διὰ
484 1071 566 1116 τοῦ
594 1068 1040 1136 Ναβουχοδονόσορ,
1066 1072 1147 1120 οὐκ
1178 1073 1239 1124 εἷς
1275 1070 1420 1138 δόξαν
1447 1072 1649 1136 δρῶντος
1676 1073 1817 1120 Θεοῦ·
1859 1073 1960 1122 πῶς

382 1147 475 1214 γὰρ
499 1148 528 1213 ἢ
555 1148 712 1213 πόθεν,
740 1150 789 1205 ὅς
823 1175 876 1217 γε
905 1155 979 1203 καὶ
1005 1152 1087 1203 τὸν
1114 1157 1236 1203 θεῖον
1263 1153 1489 1218 ἐνέπρησε
1529 1151 1669 1213 ναόν;
1713 1149 1959 1204 ἀνελόντος

383 1230 431 1281 δὲ
471 1236 662 1293 μᾶλλον
704 1236 778 1284 καὶ
824 1235 1243 1301 κατεμπρήσαντος
1291 1237 1408 1299 ὁμοῦ
1452 1240 1547 1288 τοῖς
1595 1234 1802 1287 εἰδώλοις
1852 1233 1959 1286 τοὺς

345 1335 365 1361 c
382 1321 762 1380 προσκυνοῦντας
796 1316 927 1367 αὐτοί.

340 1545 358 1583 7
384 1538 638 1591 Εὐλαβεῖσθε
672 1542 756 1583 ἀπὸ
795 1543 1028 1599 Προσώπου
1059 1544 1206 1601 Κυρίου
1239 1550 1310 1586 τοῦ
1339 1545 1462 1595 Θεοῦ,
1490 1545 1594 1587 διότι
1621 1545 1739 1591 &ss-Oc
1767 1544 1789 1583 ἡ
1818 1544 1955 1599 ἡμέρα

446 1624 609 1681 Κυρίου,
652 1627 715 1667 ὅτι
759 1626 962 1674 ἡτοίμασε
1010 1628 1155 1684 Κύριος
1192 1630 1266 1670 τήν
1307 1629 1451 1670 θυσίαν
1495 1630 1636 1679 αὐτοῦ,
1675 1628 1820 1674 fus-{0166
1858 1627 1956 1668 τοὺς

447 1710 628 1750 κλειτοὺς
667 1710 807 1751 αὐτοῦ.

450 1828 731 1881 Ἀναπλέκει
768 1833 1013 1899 χρησίμως
1043 1839 1144 1887 ταῖς
1183 1836 1395 1888 ἀπειλαῖς
1433 1833 1518 1898 τὴν
1556 1834 1847 1900 παραίνεσιν,
1881 1834 1957 1883 καὶ

376 1912 711 1977 καταπτοήσας
760 1919 855 1969 τοῖς
910 1917 1110 1979 δείμασι,
1163 1921 1425 1979 μετασοβεῖ
1481 1915 1599 1983 πρὸς
1650 1915 1703 1966 τὸ
1756 1915 1954 1978 ἄμεινον,

376 1994 732 2055 ὑποβλέπεσθαι
782 1997 1002 2048 κελεύων·
1057 2004 1195 2049 τοῦτο
1244 1998 1336 2065 γὰρ
1386 1997 1511 2061 οἶμαι
1557 1997 1610 2049 τὸ
1672 1995 1962 2057 εὐλαβεῖσθαί

376 2078 496 2127 ἐστι·
540 2077 622 2128 τὸν
663 2083 757 2129 τῶν
801 2079 927 2130 ὅλων
969 2079 1106 2143 Θεὸν,
1146 2084 1220 2132 καὶ
1259 2080 1342 2135 τὰς
1375 2087 1456 2132 τοῦ
1495 2082 1602 2141 βίου
1640 2080 1829 2148 τροχιὰς
1867 2082 1950 2131 ἐπ-

334 2168 359 2208 d
378 2164 604 2226 ανορθοῦν
629 2162 910 2226 ἐπείγεσθαι,
932 2165 1006 2213 καὶ
1033 2165 1260 2227 ἀμελλητὶ
1286 2163 1585 2229 μετατρέπειν
1606 2162 1724 2228 πρὸς
1749 2161 1803 2213 τὸ
1829 2163 1955 2231 αὐτῷ

377 2243 521 2310 φίλον
565 2245 640 2294 καὶ
681 2246 857 2295 δοκοῦν.
925 2247 1018 2296 δεῖν
1061 2245 1116 2296 δέ
1151 2251 1301 2314 φησιν
1343 2247 1545 2312 ὁρᾶσθαι
1590 2245 1823 2298 τοιούτους
1861 2246 1953 2296 ἀπὸ

339 574 365 615 b
386 570 490 621 καθ’
523 570 575 621 ὃν
613 574 688 623 καὶ
727 575 752 624 ὁ
791 578 873 639 τῆς
905 576 1191 644 προφητείας
1223 578 1386 642 γέγονε
1424 577 1584 642 λόγος.
1651 579 1836 626 καθεῖλε
1867 573 1960 639 γὰρ
1979 589 2001 628 5

1982 1009 2018 1034 1<

1981 1560 2018 1596 ῙΕ

1977 2019 2018 2045 2(

377 2325 611 2393 προσώπου
651 2329 813 2394 Κυρίου,
851 2327 969 2377 κατά
1004 2351 1056 2393 γε
1095 2327 1149 2378 τὸ
1191 2327 1426 2394 εἰρημένον
1456 2327 1530 2378 διὰ
1563 2329 1721 2396 φωνῆς
1747 2326 1954 2377 (Ησαίου
2016 2319 2018 2379 ί

379 2412 406 2434 “
434 2406 706 2470 Λούσασθε,
743 2410 937 2475 καθαροὶ
978 2410 1188 2475 γένεσθε,
1236 2411 1435 2479 ἀφέλετε
1477 2409 1559 2462 τὰς
1598 2410 1822 2474 πονηρίας
1859 2408 1952 2460 ἀπὸ

378 2494 406 2516 “
433 2493 527 2539 τῶν
547 2492 719 2558 ψυχῶν
745 2492 872 2553 ὑμῶν
896 2491 1115 2542 ἀπέναντι
1143 2496 1237 2542 τῶν
1263 2493 1529 2558 ὀφθαλμων
1555 2509 1657 2555 μου·
1698 2491 1953 2542 παύσασθε

427 2644 500 2675 1-4.
526 2636 591 2667 τῶν
620 2634 723 2670 ὁσίως
751 2635 819 2669 τεθ.
850 2642 882 2669 et
912 2635 1308 2681 αὑτοῦ-Ἰεροσολύμοις
1335 2642 1367 2670 et
1394 2636 1481 2681 φημὶ
1506 2636 1697 2680 assumpsit
1722 2648 1763 2669 ex
1790 2635 1832 2670 E.
1858 2636 1951 2671 Aub.

1974 2433 2013 2468 25

381 2691 409 2713 1.
434 2682 500 2714 πῐιν
519 2680 609 2715 Ι).Ε.
627 2683 714 2714 ἅπαν
735 2682 773 2715 B.
794 2682 885 2716 Edd.
1354 2694 1387 2725 5.
1416 2684 1510 2716 Haec
1529 2683 1953 2718 καθεῖλε-οἰωνοσκόπους

378 2735 614 2770 assumpserat
631 2741 671 2762 cx
692 2729 732 2762 E.
752 2729 844 2763 Aub.
1039 2730 1070 2764 S.
1097 2728 1154 2774 δὴ]
1179 2734 1215 2770 —†-
1236 2744 1300 2764 που
1319 2729 1410 2763 Edd.
1425 2729 1540 2763 invitis
1561 2729 1646 2763 RE.
1836 2742 1868 2775 9.
1893 2731 1951 2764 τὸν

377 2774 482 2817 λόγον
502 2773 591 2807 Edd.
754 2787 804 2809 10.
829 2791 904 2810 εστι
923 2788 984 2820 pro
1003 2777 1098 2811 ἕσται
1118 2777 1158 2810 Ε.
1304 2787 1355 2810 12.
1381 2790 1411 2809 οι
1428 2790 1467 2820 γε
1486 2775 1526 2809 Ε.
1687 2785 1739 2820 15.
1765 2776 1886 2822 ἡμέρα]
1910 2781 1948 2816 -Ι-

376 2822 436 2852 τοῦ
455 2819 546 2854 Edd.
565 2820 660 2855 deest
678 2822 712 2855 in
732 2822 817 2856 B.E.
836 2824 907 2868 (91.
925 2823 982 2867 al.)
1220 2834 1273 2857 20.
1299 2823 1337 2856 τὸ
1355 2822 1576 2863 εὐλαβεῖσθαί
1593 2822 1667 2857 ἐστι
1685 2823 1750 2857 hoc
1770 2823 1844 2857 ord.
1865 2823 1950 2857 BE.

377 2865 579 2906 εὐλαβεῖσθε
596 2868 689 2902 Aul).
1043 2881 1097 2913 24.
1122 2868 1323 2914 προσώπου]
1347 2873 1384 2909 -Ι-
1405 2883 1463 2902 του
1483 2869 1523 2902 Ε.
1587 2884 1625 2914 γε
1643 2870 1787 2904 accessit
1804 2882 1844 2903 ex
1864 2869 1950 2903 B.E.
2007 2909 2011 2912 ‚

377 2911 548 2954 εἰρημένον
565 2926 605 2947 ex
625 2915 664 2948 E.
683 2922 919 2961 assumpserat
938 2917 1030 2950 Aub.
1329 2925 1382 2958 25.
1409 2916 1566 2960 γενεσθαι
1586 2916 1626 2950 Ε.
1696 2916 1872 2961 ἀφέλεσθε
1889 2927 1950 2961 pro

377 2957 523 3001 ἀφέλετε
544 2960 634 2994 Edd-
