<?xml version="1.0" encoding="UTF-8"?>
<!DOCTYPE html PUBLIC "-//W3C//DTD XHTML 1.0 Transitional//EN"
    "http://www.w3.org/TR/xhtml1/DTD/xhtml1-transitional.dtd">
<html xmlns="http://www.w3.org/1999/xhtml" xml:lang="en" lang="en">
 <head>
  <title>
</title>
<meta http-equiv="Content-Type" content="text/html;charset=utf-8" />
  <meta name='ocr-system' content='tesseract 3.04.00' />
  <meta name='ocr-capabilities' content='ocr_page ocr_carea ocr_par ocr_line ocrx_word'/>
</head>
<body>
  <div class='ocr_page' id='page_1' title='image "./operacyrilli02cyriuoft/operacyrilli02cyriuoft_0156.png"; bbox 0 0 2033 3381; ppageno 0'>
   <div class='ocr_carea' id='block_1_1' title="bbox 374 168 1943 219">
    <p class='ocr_par' dir='ltr' id='par_1_1' title="bbox 374 168 1943 219">
     <span class='ocr_line' id='line_1_1' title="bbox 374 168 1943 219; baseline 0.001 -13"><span class='ocrx_word' id='word_1_1' title='bbox 374 168 455 207; x_wconf 81' lang='lat'>148</span> <span class='ocrx_word' id='word_1_2' title='bbox 762 172 810 211; x_wconf 89' lang='lat' dir='ltr'><strong>B.</strong></span> <span class='ocrx_word' id='word_1_3' title='bbox 854 171 1131 212; x_wconf 84' lang='lat' dir='ltr'>CYRILLI</span> <span class='ocrx_word' id='word_1_4' title='bbox 1172 171 1553 213; x_wconf 85' lang='lat' dir='ltr'><strong>ALEXANDR.</strong></span> <span class='ocrx_word' id='word_1_5' title='bbox 1713 169 1770 210; x_wconf 83' lang='lat' dir='ltr'><strong>iii.</strong></span> <span class='ocrx_word' id='word_1_6' title='bbox 1794 181 1857 219; x_wconf 90' lang='lat'>10,</span> <span class='ocrx_word' id='word_1_7' title='bbox 1879 181 1943 208; x_wconf 92' lang='lat'>11.</span> 
     </span>
    </p>
   </div>
   <div class='ocr_carea' id='block_1_2' title="bbox 334 275 1946 593">
    <p class='ocr_par' dir='ltr' id='par_1_2' title="bbox 334 275 1946 593">
     <span class='ocr_line' id='line_1_2' title="bbox 369 275 1940 348; baseline 0.001 -23"><span class='ocrx_word' id='word_1_8' title='bbox 369 280 397 302; x_wconf 88' lang='lat'>“</span> <span class='ocrx_word' id='word_1_9' title='bbox 423 277 498 326; x_wconf 76' lang='grc' dir='ltr'>καὶ</span> <span class='ocrx_word' id='word_1_10' title='bbox 532 280 695 328; x_wconf 82' lang='grc' dir='ltr'>πᾶσαν</span> <span class='ocrx_word' id='word_1_11' title='bbox 729 279 964 340; x_wconf 81' lang='grc' dir='ltr'>μαλακίαν</span> <span class='ocrx_word' id='word_1_12' title='bbox 1004 279 1051 328; x_wconf 87' lang='grc' dir='ltr'>ἐν</span> <span class='ocrx_word' id='word_1_13' title='bbox 1094 282 1159 347; x_wconf 73' lang='grc' dir='ltr'>τῷ</span> <span class='ocrx_word' id='word_1_14' title='bbox 1197 280 1345 348; x_wconf 74' lang='grc' dir='ltr'>λαῷ.”</span> <span class='ocrx_word' id='word_1_15' title='bbox 1409 284 1547 330; x_wconf 85' lang='grc' dir='ltr'>τοῦτο</span> <span class='ocrx_word' id='word_1_16' title='bbox 1586 275 1715 341; x_wconf 75' lang='grc' dir='ltr'>οἶμαί</span> <span class='ocrx_word' id='word_1_17' title='bbox 1749 277 1851 327; x_wconf 87' lang='grc' dir='ltr'>ε’στι</span> <span class='ocrx_word' id='word_1_18' title='bbox 1886 275 1940 327; x_wconf 90' lang='grc' dir='ltr'>τό</span> 
     </span>
     <span class='ocr_line' id='line_1_3' title="bbox 371 356 1946 428; baseline 0.001 -20"><span class='ocrx_word' id='word_1_19' title='bbox 371 360 612 428; x_wconf 77' lang='grc' dir='ltr'>σκορπίζων</span> <span class='ocrx_word' id='word_1_20' title='bbox 651 356 798 410; x_wconf 53' lang='grc' dir='ltr'>ὕδατα.</span> <span class='ocrx_word' id='word_1_21' title='bbox 837 361 1016 428; x_wconf 73' lang='grc' dir='ltr'>πορείαις</span> <span class='ocrx_word' id='word_1_22' title='bbox 1059 362 1205 411; x_wconf 69' lang='grc' dir='ltr'>αὐτοῦ.</span> <span class='ocrx_word' id='word_1_23' title='bbox 1292 360 1362 412; x_wconf 81' lang='grc' dir='ltr'>ὅτι</span> <span class='ocrx_word' id='word_1_24' title='bbox 1409 360 1458 412; x_wconf 79' lang='grc' dir='ltr'>δὲ</span> <span class='ocrx_word' id='word_1_25' title='bbox 1506 363 1589 424; x_wconf 85' lang='grc' dir='ltr'>τῆς</span> <span class='ocrx_word' id='word_1_26' title='bbox 1634 359 1946 410; x_wconf 83' lang='grc' dir='ltr'>θεοπνεύστου</span> 
     </span>
     <span class='ocr_line' id='line_1_4' title="bbox 373 440 1945 511; baseline -0.001 -20"><span class='ocrx_word' id='word_1_27' title='bbox 373 442 680 495; x_wconf 83' lang='grc' dir='ltr'>διδασκαλίας</span> <span class='ocrx_word' id='word_1_28' title='bbox 722 443 747 492; x_wconf 84' lang='grc' dir='ltr'>ὁ</span> <span class='ocrx_word' id='word_1_29' title='bbox 780 440 924 507; x_wconf 79' lang='grc' dir='ltr'>λόγος</span> <span class='ocrx_word' id='word_1_30' title='bbox 963 444 1085 509; x_wconf 82' lang='grc' dir='ltr'>ὕδωρ</span> <span class='ocrx_word' id='word_1_31' title='bbox 1124 441 1395 506; x_wconf 83' lang='grc' dir='ltr'>ὠνόμασται</span> <span class='ocrx_word' id='word_1_32' title='bbox 1438 448 1680 511; x_wconf 82' lang='grc' dir='ltr'>πανταχοῦ</span> <span class='ocrx_word' id='word_1_33' title='bbox 1720 440 1849 507; x_wconf 84' lang='grc' dir='ltr'>παρά</span> <span class='ocrx_word' id='word_1_34' title='bbox 1889 463 1945 506; x_wconf 87' lang='grc' dir='ltr'>γε</span> 
     </span>
     <span class='ocr_line' id='line_1_5' title="bbox 334 522 1598 593; baseline 0.002 -20"><span class='ocrx_word' id='word_1_35' title='bbox 334 527 467 576; x_wconf 62' lang='lat' dir='ltr'><em>crois</em></span> <span class='ocrx_word' id='word_1_36' title='bbox 506 527 639 589; x_wconf 81' lang='grc' dir='ltr'>ἱεροῖς</span> <span class='ocrx_word' id='word_1_37' title='bbox 676 522 938 590; x_wconf 81' lang='grc' dir='ltr'>γράμμασι,</span> <span class='ocrx_word' id='word_1_38' title='bbox 975 529 1075 579; x_wconf 81' lang='grc' dir='ltr'>πῶς</span> <span class='ocrx_word' id='word_1_39' title='bbox 1113 525 1243 576; x_wconf 75' lang='grc' dir='ltr'>ἔστιν</span> <span class='ocrx_word' id='word_1_40' title='bbox 1279 527 1598 593; x_wconf 83' lang='grc' dir='ltr'>ἀμφιβαλεῖν;</span> 
     </span>
    </p>
   </div>
   <div class='ocr_carea' id='block_1_3' title="bbox 364 760 1986 819">
    <p class='ocr_par' dir='ltr' id='par_1_3' title="bbox 364 760 1986 819">
     <span class='ocr_line' id='line_1_6' title="bbox 364 760 1986 819; baseline 0.002 -18"><span class='ocrx_word' id='word_1_41' title='bbox 364 760 558 802; x_wconf 71' lang='grc' dir='ltr'>Ἔδωκεν</span> <span class='ocrx_word' id='word_1_42' title='bbox 586 763 608 803; x_wconf 68' lang='grc' dir='ltr'><strong><em>ἡ</em></strong></span> <span class='ocrx_word' id='word_1_43' title='bbox 636 763 817 812; x_wconf 65' lang='grc' dir='ltr'>ἄβυσσος</span> <span class='ocrx_word' id='word_1_44' title='bbox 844 765 995 819; x_wconf 62' lang='grc' dir='ltr'>φωνὴν</span> <span class='ocrx_word' id='word_1_45' title='bbox 1023 764 1164 815; x_wconf 61' lang='grc' dir='ltr'>αὐτῆς,</span> <span class='ocrx_word' id='word_1_46' title='bbox 1191 765 1297 814; x_wconf 76' lang='grc' dir='ltr'>ὕψος</span> <span class='ocrx_word' id='word_1_47' title='bbox 1325 763 1562 819; x_wconf 72' lang='grc' dir='ltr'>φαντασίας</span> <span class='ocrx_word' id='word_1_48' title='bbox 1588 763 1731 804; x_wconf 59' lang='grc' dir='ltr'>αὑτέιε.</span> <span class='ocrx_word' id='word_1_49' title='bbox 1779 762 1942 818; x_wconf 62' lang='grc' dir='ltr'>ὲπιὶρθΗ</span> <span class='ocrx_word' id='word_1_50' title='bbox 1964 768 1986 804; x_wconf 91' lang='grc'><strong><em>5</em></strong></span> 
     </span>
    </p>
   </div>
   <div class='ocr_carea' id='block_1_4' title="bbox 307 845 1746 906">
    <p class='ocr_par' dir='ltr' id='par_1_4' title="bbox 307 845 1746 906">
     <span class='ocr_line' id='line_1_7' title="bbox 307 845 1746 906; baseline 0.003 -23"><span class='ocrx_word' id='word_1_51' title='bbox 307 859 348 883; x_wconf 93' lang='lat'>11</span> <span class='ocrx_word' id='word_1_52' title='bbox 438 846 460 887; x_wconf 89' lang='grc' dir='ltr'>ὁ</span> <span class='ocrx_word' id='word_1_53' title='bbox 488 848 620 898; x_wconf 65' lang='grc' dir='ltr'>ἥλιος,</span> <span class='ocrx_word' id='word_1_54' title='bbox 648 847 714 887; x_wconf 74' lang='grc' dir='ltr'>καὶ</span> <span class='ocrx_word' id='word_1_55' title='bbox 743 848 765 887; x_wconf 64' lang='grc' dir='ltr'><strong><em>ἡ</em></strong></span> <span class='ocrx_word' id='word_1_56' title='bbox 794 848 950 889; x_wconf 63' lang='grc' dir='ltr'>σελύνΗ</span> <span class='ocrx_word' id='word_1_57' title='bbox 978 848 1076 889; x_wconf 63' lang='lat' dir='ltr'>{mu</span> <span class='ocrx_word' id='word_1_58' title='bbox 1104 848 1147 889; x_wconf 81' lang='grc' dir='ltr'>ἐν</span> <span class='ocrx_word' id='word_1_59' title='bbox 1174 851 1224 906; x_wconf 56' lang='grc' dir='ltr'>τῇ</span> <span class='ocrx_word' id='word_1_60' title='bbox 1251 849 1370 891; x_wconf 74' lang='grc' dir='ltr'>τάξει</span> <span class='ocrx_word' id='word_1_61' title='bbox 1396 848 1526 889; x_wconf 62' lang='grc' dir='ltr'>αὐτῆς</span> <span class='ocrx_word' id='word_1_62' title='bbox 1553 845 1612 888; x_wconf 70' lang='grc' dir='ltr'>εἰς</span> <span class='ocrx_word' id='word_1_63' title='bbox 1639 847 1746 902; x_wconf 75' lang='grc' dir='ltr'>φῶς.</span> 
     </span>
    </p>
   </div>
   <div class='ocr_carea' id='block_1_5' title="bbox 145 976 2014 2612">
    <p class='ocr_par' dir='ltr' id='par_1_5' title="bbox 365 976 2014 1377">
     <span class='ocr_line' id='line_1_8' title="bbox 443 976 1944 1046; baseline 0.003 -18"><span class='ocrx_word' id='word_1_64' title='bbox 443 976 566 1031; x_wconf 77' lang='grc' dir='ltr'>Τοὺς</span> <span class='ocrx_word' id='word_1_65' title='bbox 592 976 911 1043; x_wconf 84' lang='grc' dir='ltr'>ὠδινήσαντας</span> <span class='ocrx_word' id='word_1_66' title='bbox 938 978 1082 1033; x_wconf 76' lang='grc' dir='ltr'>λαοὺς</span> <span class='ocrx_word' id='word_1_67' title='bbox 1108 981 1182 1030; x_wconf 76' lang='grc' dir='ltr'>καὶ</span> <span class='ocrx_word' id='word_1_68' title='bbox 1214 979 1474 1046; x_wconf 79' lang='grc' dir='ltr'>ἐγκάρπους</span> <span class='ocrx_word' id='word_1_69' title='bbox 1497 980 1585 1045; x_wconf 74' lang='grc' dir='ltr'>ἤδη</span> <span class='ocrx_word' id='word_1_70' title='bbox 1612 979 1944 1045; x_wconf 78' lang='grc' dir='ltr'>γεγενημένους</span> 
     </span>
     <span class='ocr_line' id='line_1_9' title="bbox 368 1059 1941 1129; baseline 0.002 -19"><span class='ocrx_word' id='word_1_71' title='bbox 368 1059 567 1119; x_wconf 72' lang='grc' dir='ltr'>ἄβυσσον</span> <span class='ocrx_word' id='word_1_72' title='bbox 605 1062 850 1124; x_wconf 80' lang='grc' dir='ltr'>ἀποκαλεῖ,</span> <span class='ocrx_word' id='word_1_73' title='bbox 898 1060 1110 1116; x_wconf 78' lang='grc' dir='ltr'>πολλοὺς</span> <span class='ocrx_word' id='word_1_74' title='bbox 1151 1064 1226 1112; x_wconf 80' lang='grc' dir='ltr'>καὶ</span> <span class='ocrx_word' id='word_1_75' title='bbox 1268 1061 1608 1129; x_wconf 77' lang='grc' dir='ltr'>ἀναριθμήτους</span> <span class='ocrx_word' id='word_1_76' title='bbox 1647 1061 1782 1116; x_wconf 77' lang='grc' dir='ltr'>ὄντας</span> <span class='ocrx_word' id='word_1_77' title='bbox 1820 1064 1941 1113; x_wconf 83' lang='grc' dir='ltr'>ἀπο-</span> 
     </span>
     <span class='ocr_line' id='line_1_10' title="bbox 367 1142 1943 1239; baseline 0.002 -46"><span class='ocrx_word' id='word_1_78' title='bbox 367 1143 562 1239; x_wconf 82' lang='grc' dir='ltr'>φαίνων</span> <span class='ocrx_word' id='word_1_79' title='bbox 601 1142 789 1208; x_wconf 80' lang='grc' dir='ltr'>τοιαύτη</span> <span class='ocrx_word' id='word_1_80' title='bbox 816 1142 908 1211; x_wconf 80' lang='grc' dir='ltr'>γὰρ</span> <span class='ocrx_word' id='word_1_81' title='bbox 942 1144 1210 1204; x_wconf 67' lang='grc' dir='ltr'>ἡοῖβυσσος.</span> <span class='ocrx_word' id='word_1_82' title='bbox 1278 1144 1470 1207; x_wconf 88' lang='grc' dir='ltr'>ὀνόματι</span> <span class='ocrx_word' id='word_1_83' title='bbox 1504 1144 1551 1196; x_wconf 78' lang='grc' dir='ltr'>δὲ</span> <span class='ocrx_word' id='word_1_84' title='bbox 1587 1149 1652 1214; x_wconf 76' lang='grc' dir='ltr'>τῷ</span> <span class='ocrx_word' id='word_1_85' title='bbox 1683 1148 1842 1214; x_wconf 73' lang='grc' dir='ltr'>τοιῷδε</span> <span class='ocrx_word' id='word_1_86' title='bbox 1868 1167 1943 1196; x_wconf 92' lang='grc' dir='ltr'>και</span> 
     </span>
     <span class='ocr_line' id='line_1_11' title="bbox 365 1196 2014 1296; baseline 0.001 -20"><span class='ocrx_word' id='word_1_87' title='bbox 365 1225 393 1289; x_wconf 86' lang='grc' dir='ltr'>ἠ</span> <span class='ocrx_word' id='word_1_88' title='bbox 417 1229 511 1276; x_wconf 84' lang='grc' dir='ltr'>τῶν</span> <span class='ocrx_word' id='word_1_89' title='bbox 537 1226 682 1291; x_wconf 85' lang='grc' dir='ltr'>ἁγιων</span> <span class='ocrx_word' id='word_1_90' title='bbox 709 1225 928 1292; x_wconf 85' lang='grc' dir='ltr'>αγγελων</span> <span class='ocrx_word' id='word_1_91' title='bbox 953 1227 1172 1291; x_wconf 92' lang='grc' dir='ltr'>κεκληται</span> <span class='ocrx_word' id='word_1_92' title='bbox 1202 1227 1387 1291; x_wconf 86' lang='grc' dir='ltr'>πληθυς</span> <span class='ocrx_word' id='word_1_93' title='bbox 1421 1226 1496 1279; x_wconf 88' lang='grc' dir='ltr'>δια</span> <span class='ocrx_word' id='word_1_94' title='bbox 1530 1196 1690 1296; x_wconf 59' lang='grc' dir='ltr'>φωνιῆς</span> <span class='ocrx_word' id='word_1_95' title='bbox 1712 1227 1942 1294; x_wconf 75' lang='grc' dir='ltr'>Ἰεζεκιήλ.</span> <span class='ocrx_word' id='word_1_96' title='bbox 1967 1255 2014 1281; x_wconf 90' lang='lat'>10</span> 
     </span>
     <span class='ocr_line' id='line_1_12' title="bbox 366 1308 1943 1377; baseline 0.001 -19"><span class='ocrx_word' id='word_1_97' title='bbox 366 1330 441 1358; x_wconf 89' lang='grc' dir='ltr'>και</span> <span class='ocrx_word' id='word_1_98' title='bbox 478 1331 594 1374; x_wconf 86' lang='grc' dir='ltr'>γουν</span> <span class='ocrx_word' id='word_1_99' title='bbox 633 1308 723 1377; x_wconf 77' lang='grc' dir='ltr'>ἔφη</span> <span class='ocrx_word' id='word_1_100' title='bbox 761 1332 852 1360; x_wconf 89' lang='grc' dir='ltr'>που</span> <span class='ocrx_word' id='word_1_101' title='bbox 888 1310 912 1359; x_wconf 86' lang='grc' dir='ltr'><strong>ὁ</strong></span> <span class='ocrx_word' id='word_1_102' title='bbox 955 1308 1075 1363; x_wconf 78' lang='grc' dir='ltr'>Θεὸς</span> <span class='ocrx_word' id='word_1_103' title='bbox 1114 1311 1174 1364; x_wconf 85' lang='grc' dir='ltr'>ὡς</span> <span class='ocrx_word' id='word_1_104' title='bbox 1214 1311 1263 1360; x_wconf 86' lang='grc' dir='ltr'>ἐκ</span> <span class='ocrx_word' id='word_1_105' title='bbox 1300 1333 1560 1376; x_wconf 89' lang='grc' dir='ltr'>προσωπου</span> <span class='ocrx_word' id='word_1_106' title='bbox 1598 1315 1681 1361; x_wconf 85' lang='grc' dir='ltr'>τοῦ</span> <span class='ocrx_word' id='word_1_107' title='bbox 1718 1309 1943 1377; x_wconf 73' lang='grc' dir='ltr'>ἄρχοντος</span> 
     </span>
    </p>

    <p class='ocr_par' dir='ltr' id='par_1_6' title="bbox 145 1389 2011 2612">
     <span class='ocr_line' id='line_1_13' title="bbox 145 1389 1943 1468; baseline 0.001 -27"><span class='ocrx_word' id='word_1_108' title='bbox 145 1392 301 1468; x_wconf 33' lang='grc' dir='ltr'>Ξξξξῇ.</span> <span class='ocrx_word' id='word_1_109' title='bbox 367 1390 524 1458; x_wconf 86' lang='grc' dir='ltr'>Τύρου</span> <span class='ocrx_word' id='word_1_110' title='bbox 558 1414 662 1458; x_wconf 90' lang='grc' dir='ltr'>περι</span> <span class='ocrx_word' id='word_1_111' title='bbox 690 1397 772 1442; x_wconf 84' lang='grc' dir='ltr'>τοῦ</span> <span class='ocrx_word' id='word_1_112' title='bbox 807 1396 993 1442; x_wconf 84' lang='grc' dir='ltr'>σατανᾶ</span> <span class='ocrx_word' id='word_1_113' title='bbox 1010 1389 1131 1442; x_wconf 64' lang='lat' dir='ltr'>“Ore</span> <span class='ocrx_word' id='word_1_114' title='bbox 1163 1392 1423 1461; x_wconf 79' lang='grc' dir='ltr'>εξεπεμπον</span> <span class='ocrx_word' id='word_1_115' title='bbox 1447 1391 1588 1443; x_wconf 82' lang='grc' dir='ltr'>αὐτὸν</span> <span class='ocrx_word' id='word_1_116' title='bbox 1618 1395 1680 1447; x_wconf 80' lang='grc' dir='ltr'>εἷς</span> <span class='ocrx_word' id='word_1_117' title='bbox 1706 1392 1787 1443; x_wconf 86' lang='grc' dir='ltr'>τὸν</span> <span class='ocrx_word' id='word_1_118' title='bbox 1813 1390 1943 1462; x_wconf 79' lang='grc' dir='ltr'>ᾅδην,</span> 
     </span>
     <span class='ocr_line' id='line_1_14' title="bbox 274 1467 1943 1544; baseline 0.001 -20"><span class='ocrx_word' id='word_1_119' title='bbox 274 1467 287 1475; x_wconf 72' lang='lat'><em>„</em></span> <span class='ocrx_word' id='word_1_120' title='bbox 322 1478 347 1519; x_wconf 86' lang='lat' dir='ltr'><strong>d</strong></span> <span class='ocrx_word' id='word_1_121' title='bbox 365 1473 620 1539; x_wconf 81' lang='grc' dir='ltr'>ἐθρήνησεν</span> <span class='ocrx_word' id='word_1_122' title='bbox 659 1475 687 1539; x_wconf 87' lang='grc' dir='ltr'>ἡ</span> <span class='ocrx_word' id='word_1_123' title='bbox 728 1474 947 1536; x_wconf 75' lang='grc' dir='ltr'>ἄβυσσος</span> <span class='ocrx_word' id='word_1_124' title='bbox 985 1476 1055 1525; x_wconf 78' lang='grc' dir='ltr'>ἐπ’</span> <span class='ocrx_word' id='word_1_125' title='bbox 1098 1475 1238 1544; x_wconf 75' lang='grc' dir='ltr'>αὐτῷ.</span> <span class='ocrx_word' id='word_1_126' title='bbox 1305 1474 1695 1541; x_wconf 75' lang='grc' dir='ltr'>κατενηνεγμένου</span> <span class='ocrx_word' id='word_1_127' title='bbox 1733 1473 1826 1541; x_wconf 80' lang='grc' dir='ltr'>γὰρ</span> <span class='ocrx_word' id='word_1_128' title='bbox 1868 1477 1943 1525; x_wconf 79' lang='grc' dir='ltr'>καὶ</span> 
     </span>
     <span class='ocr_line' id='line_1_15' title="bbox 365 1555 1941 1626; baseline 0.001 -19"><span class='ocrx_word' id='word_1_129' title='bbox 365 1556 663 1611; x_wconf 86' lang='grc' dir='ltr'>πεπτωκότος</span> <span class='ocrx_word' id='word_1_130' title='bbox 700 1562 783 1607; x_wconf 82' lang='grc' dir='ltr'>τοῦ</span> <span class='ocrx_word' id='word_1_131' title='bbox 817 1555 1009 1608; x_wconf 79' lang='grc' dir='ltr'>πάντων</span> <span class='ocrx_word' id='word_1_132' title='bbox 1046 1557 1252 1608; x_wconf 74' lang='grc' dir='ltr'>ἐπέκεινα</span> <span class='ocrx_word' id='word_1_133' title='bbox 1291 1560 1365 1608; x_wconf 73' lang='grc' dir='ltr'>καὶ</span> <span class='ocrx_word' id='word_1_134' title='bbox 1404 1559 1451 1608; x_wconf 83' lang='grc' dir='ltr'>ἐν</span> <span class='ocrx_word' id='word_1_135' title='bbox 1489 1557 1604 1626; x_wconf 74' lang='grc' dir='ltr'>δόξῃ</span> <span class='ocrx_word' id='word_1_136' title='bbox 1641 1559 1941 1625; x_wconf 77' lang='grc' dir='ltr'>προῦχοντος,</span> 
     </span>
     <span class='ocr_line' id='line_1_16' title="bbox 146 1637 2010 1724; baseline 0.001 -35"><span class='ocrx_word' id='word_1_137' title='bbox 146 1642 315 1724; x_wconf 38' lang='lat' dir='ltr'>ghhd...</span> <span class='ocrx_word' id='word_1_138' title='bbox 366 1637 417 1693; x_wconf 72' lang='grc' dir='ltr'>ὃς</span> <span class='ocrx_word' id='word_1_139' title='bbox 452 1641 526 1690; x_wconf 77' lang='grc' dir='ltr'>καὶ</span> <span class='ocrx_word' id='word_1_140' title='bbox 560 1641 655 1703; x_wconf 85' lang='grc' dir='ltr'>μετ’</span> <span class='ocrx_word' id='word_1_141' title='bbox 686 1640 836 1690; x_wconf 83' lang='grc' dir='ltr'>αὐτῶν</span> <span class='ocrx_word' id='word_1_142' title='bbox 874 1640 1069 1690; x_wconf 77' lang='grc' dir='ltr'>ε’τέθειτο</span> <span class='ocrx_word' id='word_1_143' title='bbox 1105 1644 1199 1690; x_wconf 83' lang='grc' dir='ltr'>τῶν</span> <span class='ocrx_word' id='word_1_144' title='bbox 1237 1642 1493 1705; x_wconf 77' lang='grc' dir='ltr'>Χερουβὶμ,</span> <span class='ocrx_word' id='word_1_145' title='bbox 1520 1638 1639 1690; x_wconf 80' lang='grc' dir='ltr'>κατὰ</span> <span class='ocrx_word' id='word_1_146' title='bbox 1677 1638 1762 1703; x_wconf 84' lang='grc' dir='ltr'>τὴν</span> <span class='ocrx_word' id='word_1_147' title='bbox 1800 1640 1941 1690; x_wconf 79' lang='grc' dir='ltr'>αὐτοῦ</span> <span class='ocrx_word' id='word_1_148' title='bbox 1966 1657 2010 1696; x_wconf 87' lang='lat'>15</span> 
     </span>
     <span class='ocr_line' id='line_1_17' title="bbox 364 1720 1940 1791; baseline 0.001 -19"><span class='ocrx_word' id='word_1_149' title='bbox 364 1726 447 1772; x_wconf 87' lang='grc' dir='ltr'>τοῦ</span> <span class='ocrx_word' id='word_1_150' title='bbox 471 1721 717 1790; x_wconf 82' lang='grc' dir='ltr'>προφήτου</span> <span class='ocrx_word' id='word_1_151' title='bbox 745 1720 920 1789; x_wconf 81' lang='grc' dir='ltr'>φωνὴν,</span> <span class='ocrx_word' id='word_1_152' title='bbox 950 1721 1003 1772; x_wconf 79' lang='grc' dir='ltr'>τὸ</span> <span class='ocrx_word' id='word_1_153' title='bbox 1031 1721 1216 1776; x_wconf 81' lang='grc' dir='ltr'>ἀπεικὸς</span> <span class='ocrx_word' id='word_1_154' title='bbox 1240 1721 1390 1786; x_wconf 79' lang='grc' dir='ltr'>οὐδὲν,</span> <span class='ocrx_word' id='word_1_155' title='bbox 1422 1721 1614 1791; x_wconf 87' lang='grc' dir='ltr'>σφόδρα</span> <span class='ocrx_word' id='word_1_156' title='bbox 1640 1725 1940 1785; x_wconf 79' lang='grc' dir='ltr'>λελυπῆσθαι</span> 
     </span>
     <span class='ocr_line' id='line_1_18' title="bbox 363 1803 1941 1869; baseline 0.001 -15"><span class='ocrx_word' id='word_1_157' title='bbox 363 1803 449 1868; x_wconf 81' lang='grc' dir='ltr'>τὴν</span> <span class='ocrx_word' id='word_1_158' title='bbox 499 1804 668 1869; x_wconf 80' lang='grc' dir='ltr'>νοητὴν</span> <span class='ocrx_word' id='word_1_159' title='bbox 710 1805 946 1867; x_wconf 75' lang='grc' dir='ltr'>ἄβυσσον,</span> <span class='ocrx_word' id='word_1_160' title='bbox 987 1803 1214 1867; x_wconf 67' lang='grc' dir='ltr'>τουτέστι,</span> <span class='ocrx_word' id='word_1_161' title='bbox 1257 1803 1341 1858; x_wconf 77' lang='grc' dir='ltr'>τὰς</span> <span class='ocrx_word' id='word_1_162' title='bbox 1389 1809 1483 1855; x_wconf 84' lang='grc' dir='ltr'>τῶν</span> <span class='ocrx_word' id='word_1_163' title='bbox 1525 1804 1621 1856; x_wconf 78' lang='grc' dir='ltr'>ἅνω</span> <span class='ocrx_word' id='word_1_164' title='bbox 1664 1804 1941 1868; x_wconf 87' lang='grc' dir='ltr'>πνευμάτων</span> 
     </span>
     <span class='ocr_line' id='line_1_19' title="bbox 365 1885 1941 1957; baseline 0.002 -21"><span class='ocrx_word' id='word_1_165' title='bbox 365 1885 554 1952; x_wconf 77' lang='grc' dir='ltr'>ἀγέλας,</span> <span class='ocrx_word' id='word_1_166' title='bbox 593 1889 840 1954; x_wconf 74' lang='grc' dir='ltr'>μονονουχὶ</span> <span class='ocrx_word' id='word_1_167' title='bbox 881 1886 928 1937; x_wconf 79' lang='grc' dir='ltr'>δὲ</span> <span class='ocrx_word' id='word_1_168' title='bbox 968 1889 1043 1938; x_wconf 80' lang='grc' dir='ltr'>καὶ</span> <span class='ocrx_word' id='word_1_169' title='bbox 1081 1885 1427 1953; x_wconf 81' lang='grc' dir='ltr'>ἐπιστυγνάσαι</span> <span class='ocrx_word' id='word_1_170' title='bbox 1470 1887 1721 1938; x_wconf 89' lang='grc' dir='ltr'>πεπονθότι</span> <span class='ocrx_word' id='word_1_171' title='bbox 1763 1890 1837 1938; x_wconf 83' lang='grc' dir='ltr'>καὶ</span> <span class='ocrx_word' id='word_1_172' title='bbox 1875 1891 1941 1957; x_wconf 75' lang='grc' dir='ltr'>τῷ</span> 
     </span>
     <span class='ocr_line' id='line_1_20' title="bbox 365 1969 1940 2040; baseline 0.001 -21"><span class='ocrx_word' id='word_1_173' title='bbox 365 1973 459 2019; x_wconf 78' lang='grc' dir='ltr'>τῶν</span> <span class='ocrx_word' id='word_1_174' title='bbox 497 1969 623 2020; x_wconf 78' lang='grc' dir='ltr'>ὅλων</span> <span class='ocrx_word' id='word_1_175' title='bbox 658 1970 1054 2036; x_wconf 88' lang='grc' dir='ltr'>προσκεκρουκότι</span> <span class='ocrx_word' id='word_1_176' title='bbox 1093 1973 1216 2040; x_wconf 74' lang='grc' dir='ltr'>Θεῷ.</span> <span class='ocrx_word' id='word_1_177' title='bbox 1284 1970 1450 2020; x_wconf 80' lang='grc' dir='ltr'>οὐκοῦν</span> <span class='ocrx_word' id='word_1_178' title='bbox 1488 1972 1509 2030; x_wconf 75' lang='grc' dir='ltr'><em>ἦ</em></span> <span class='ocrx_word' id='word_1_179' title='bbox 1547 1970 1764 2029; x_wconf 68' lang='grc' dir='ltr'>ἄβυσσος,</span> <span class='ocrx_word' id='word_1_180' title='bbox 1803 1972 1940 2039; x_wconf 77' lang='grc' dir='ltr'>φησὶ,</span> 
     </span>
     <span class='ocr_line' id='line_1_21' title="bbox 365 2052 2011 2117; baseline 0.001 -16"><span class='ocrx_word' id='word_1_181' title='bbox 365 2052 607 2102; x_wconf 62' lang='grc' dir='ltr'>τουτέστιν</span> <span class='ocrx_word' id='word_1_182' title='bbox 637 2053 664 2115; x_wconf 83' lang='grc' dir='ltr'>ἡ</span> <span class='ocrx_word' id='word_1_183' title='bbox 699 2052 951 2117; x_wconf 76' lang='grc' dir='ltr'>ἀμέτρητός</span> <span class='ocrx_word' id='word_1_184' title='bbox 989 2075 1038 2103; x_wconf 92' lang='grc' dir='ltr'>τε</span> <span class='ocrx_word' id='word_1_185' title='bbox 1075 2055 1150 2103; x_wconf 82' lang='grc' dir='ltr'>καὶ</span> <span class='ocrx_word' id='word_1_186' title='bbox 1189 2052 1520 2116; x_wconf 81' lang='grc' dir='ltr'>ἀκατάληπτος</span> <span class='ocrx_word' id='word_1_187' title='bbox 1557 2056 1651 2102; x_wconf 84' lang='grc' dir='ltr'>τῶν</span> <span class='ocrx_word' id='word_1_188' title='bbox 1680 2075 1936 2104; x_wconf 84' lang='grc' dir='ltr'>πεπιστευ-</span> <span class='ocrx_word' id='word_1_189' title='bbox 1962 2074 2011 2098; x_wconf 93' lang='lat'>20</span> 
     </span>
     <span class='ocr_line' id='line_1_22' title="bbox 327 2132 1936 2203; baseline 0.002 -21"><span class='ocrx_word' id='word_1_190' title='bbox 327 2132 515 2185; x_wconf 72' lang='grc' dir='ltr'>οκότων</span> <span class='ocrx_word' id='word_1_191' title='bbox 548 2133 746 2199; x_wconf 75' lang='grc' dir='ltr'>πληθὺς,</span> <span class='ocrx_word' id='word_1_192' title='bbox 771 2136 845 2185; x_wconf 81' lang='grc' dir='ltr'>καὶ</span> <span class='ocrx_word' id='word_1_193' title='bbox 875 2134 1030 2197; x_wconf 75' lang='grc' dir='ltr'>μέντοι</span> <span class='ocrx_word' id='word_1_194' title='bbox 1065 2137 1138 2185; x_wconf 80' lang='grc' dir='ltr'>καὶ</span> <span class='ocrx_word' id='word_1_195' title='bbox 1173 2134 1227 2185; x_wconf 81' lang='grc' dir='ltr'>τὸ</span> <span class='ocrx_word' id='word_1_196' title='bbox 1263 2132 1383 2203; x_wconf 63' lang='grc' dir='ltr'>ὕψος</span> <span class='ocrx_word' id='word_1_197' title='bbox 1413 2136 1493 2198; x_wconf 83' lang='grc' dir='ltr'>τῆς</span> <span class='ocrx_word' id='word_1_198' title='bbox 1527 2135 1575 2184; x_wconf 84' lang='grc' dir='ltr'>ἐν</span> <span class='ocrx_word' id='word_1_199' title='bbox 1606 2134 1722 2202; x_wconf 81' lang='grc' dir='ltr'>αὐτῇ</span> <span class='ocrx_word' id='word_1_200' title='bbox 1753 2146 1936 2203; x_wconf 81' lang='grc' dir='ltr'>φοιντοι-</span> 
     </span>
     <span class='ocr_line' id='line_1_23' title="bbox 366 2216 1939 2285; baseline 0 -18"><span class='ocrx_word' id='word_1_201' title='bbox 366 2220 486 2279; x_wconf 75' lang='grc' dir='ltr'>σιόις,</span> <span class='ocrx_word' id='word_1_202' title='bbox 527 2217 741 2268; x_wconf 75' lang='grc' dir='ltr'>τουτέστι</span> <span class='ocrx_word' id='word_1_203' title='bbox 775 2216 922 2267; x_wconf 83' lang='grc' dir='ltr'>πάλιν</span> <span class='ocrx_word' id='word_1_204' title='bbox 953 2221 1048 2267; x_wconf 81' lang='grc' dir='ltr'>πᾶν</span> <span class='ocrx_word' id='word_1_205' title='bbox 1085 2217 1201 2268; x_wconf 78' lang='grc' dir='ltr'>ὅσον</span> <span class='ocrx_word' id='word_1_206' title='bbox 1235 2219 1364 2268; x_wconf 74' lang='grc' dir='ltr'>ἐστὶν</span> <span class='ocrx_word' id='word_1_207' title='bbox 1396 2218 1444 2267; x_wconf 86' lang='grc' dir='ltr'>ἐν</span> <span class='ocrx_word' id='word_1_208' title='bbox 1481 2217 1597 2285; x_wconf 78' lang='grc' dir='ltr'>αὐτῇ</span> <span class='ocrx_word' id='word_1_209' title='bbox 1636 2216 1857 2282; x_wconf 89' lang='grc' dir='ltr'>λαμπρόν</span> <span class='ocrx_word' id='word_1_210' title='bbox 1889 2239 1939 2268; x_wconf 89' lang='grc' dir='ltr'>τε</span> 
     </span>
     <span class='ocr_line' id='line_1_24' title="bbox 366 2298 1939 2369; baseline -0.001 -19"><span class='ocrx_word' id='word_1_211' title='bbox 366 2305 439 2350; x_wconf 83' lang='grc' dir='ltr'>καὶ</span> <span class='ocrx_word' id='word_1_212' title='bbox 478 2299 743 2366; x_wconf 75' lang='grc' dir='ltr'>ἐπηρμένον,</span> <span class='ocrx_word' id='word_1_213' title='bbox 769 2301 843 2349; x_wconf 79' lang='grc' dir='ltr'>καὶ</span> <span class='ocrx_word' id='word_1_214' title='bbox 877 2304 976 2352; x_wconf 88' lang='grc' dir='ltr'>ταῖς</span> <span class='ocrx_word' id='word_1_215' title='bbox 1001 2300 1049 2349; x_wconf 84' lang='grc' dir='ltr'>ἐν</span> <span class='ocrx_word' id='word_1_216' title='bbox 1074 2302 1190 2369; x_wconf 73' lang='grc' dir='ltr'>τῷδε</span> <span class='ocrx_word' id='word_1_217' title='bbox 1225 2302 1291 2367; x_wconf 74' lang='grc' dir='ltr'>τῷ</span> <span class='ocrx_word' id='word_1_218' title='bbox 1323 2298 1489 2368; x_wconf 77' lang='grc' dir='ltr'>κόσμῳ</span> <span class='ocrx_word' id='word_1_219' title='bbox 1516 2299 1812 2368; x_wconf 83' lang='grc' dir='ltr'>φαντασίαις,</span> <span class='ocrx_word' id='word_1_220' title='bbox 1838 2299 1939 2364; x_wconf 73' lang='grc' dir='ltr'>η’τοι</span> 
     </span>
     <span class='ocr_line' id='line_1_25' title="bbox 365 2378 1935 2451; baseline -0.001 -18"><span class='ocrx_word' id='word_1_221' title='bbox 365 2382 522 2451; x_wconf 73' lang='grc' dir='ltr'>δόξαις</span> <span class='ocrx_word' id='word_1_222' title='bbox 565 2388 713 2436; x_wconf 81' lang='grc' dir='ltr'>κεναῖς</span> <span class='ocrx_word' id='word_1_223' title='bbox 756 2382 1164 2447; x_wconf 78' lang='grc' dir='ltr'>κατηγλαϊσμένον</span> <span class='ocrx_word' id='word_1_224' title='bbox 1214 2378 1345 2432; x_wconf 53' lang='grc' dir='ltr'>ἔδωκε</span> <span class='ocrx_word' id='word_1_225' title='bbox 1394 2380 1529 2449; x_wconf 68' lang='grc' dir='ltr'>φωνῆν</span> <span class='ocrx_word' id='word_1_226' title='bbox 1574 2381 1721 2441; x_wconf 54' lang='grc' dir='ltr'>αὐτῆς.</span> <span class='ocrx_word' id='word_1_227' title='bbox 1794 2381 1935 2450; x_wconf 77' lang='grc' dir='ltr'>δοξο-</span> 
     </span>
     <span class='ocr_line' id='line_1_26' title="bbox 365 2462 2007 2530; baseline 0.001 -15"><span class='ocrx_word' id='word_1_228' title='bbox 365 2470 572 2530; x_wconf 85' lang='grc' dir='ltr'>λογεῖται</span> <span class='ocrx_word' id='word_1_229' title='bbox 616 2464 708 2530; x_wconf 79' lang='grc' dir='ltr'>γὰρ</span> <span class='ocrx_word' id='word_1_230' title='bbox 753 2466 777 2514; x_wconf 86' lang='grc' dir='ltr'>ὁ</span> <span class='ocrx_word' id='word_1_231' title='bbox 819 2462 1028 2529; x_wconf 75' lang='grc' dir='ltr'>Χριστὸς</span> <span class='ocrx_word' id='word_1_232' title='bbox 1073 2463 1202 2529; x_wconf 78' lang='grc' dir='ltr'>παρὰ</span> <span class='ocrx_word' id='word_1_233' title='bbox 1248 2463 1423 2516; x_wconf 84' lang='grc' dir='ltr'>παντὸς</span> <span class='ocrx_word' id='word_1_234' title='bbox 1463 2462 1723 2529; x_wconf 79' lang='grc' dir='ltr'>ἀνθρώπων</span> <span class='ocrx_word' id='word_1_235' title='bbox 1766 2463 1936 2526; x_wconf 77' lang='grc' dir='ltr'>ἔθνους,</span> <span class='ocrx_word' id='word_1_236' title='bbox 1960 2481 2007 2519; x_wconf 87' lang='lat'>25</span> 
     </span>
     <span class='ocr_line' id='line_1_27' title="bbox 364 2543 1938 2612; baseline -0.001 -15"><span class='ocrx_word' id='word_1_237' title='bbox 364 2548 439 2597; x_wconf 84' lang='grc' dir='ltr'>καὶ</span> <span class='ocrx_word' id='word_1_238' title='bbox 480 2552 617 2598; x_wconf 87' lang='grc' dir='ltr'>τοῦτο</span> <span class='ocrx_word' id='word_1_239' title='bbox 663 2549 868 2612; x_wconf 83' lang='grc' dir='ltr'>δρῶντας</span> <span class='ocrx_word' id='word_1_240' title='bbox 911 2546 1162 2612; x_wconf 82' lang='grc' dir='ltr'>προθύμως</span> <span class='ocrx_word' id='word_1_241' title='bbox 1204 2546 1378 2596; x_wconf 88' lang='grc' dir='ltr'>κατίδοι</span> <span class='ocrx_word' id='word_1_242' title='bbox 1422 2567 1490 2598; x_wconf 87' lang='grc' dir='ltr'>τις</span> <span class='ocrx_word' id='word_1_243' title='bbox 1529 2543 1586 2595; x_wconf 78' lang='grc' dir='ltr'>ἂν</span> <span class='ocrx_word' id='word_1_244' title='bbox 1633 2544 1822 2611; x_wconf 79' lang='grc' dir='ltr'>μικροὺς</span> <span class='ocrx_word' id='word_1_245' title='bbox 1862 2548 1938 2596; x_wconf 84' lang='grc' dir='ltr'>καὶ</span> 
     </span>
    </p>
   </div>
   <div class='ocr_carea' id='block_1_6' title="bbox 365 2708 1934 3025">
    <p class='ocr_par' dir='ltr' id='par_1_7' title="bbox 365 2708 1934 3025">
     <span class='ocr_line' id='line_1_28' title="bbox 411 2708 1934 2758; baseline -0.001 -11.983"><span class='ocrx_word' id='word_1_246' title='bbox 411 2725 444 2755; x_wconf 87' lang='lat'>4.</span> <span class='ocrx_word' id='word_1_247' title='bbox 411 2712 678 2757; x_wconf 78' lang='grc' dir='ltr'>4ἆμφιβαλεῖν</span> <span class='ocrx_word' id='word_1_248' title='bbox 698 2712 737 2746; x_wconf 83' lang='lat' dir='ltr'><strong>B.</strong></span> <span class='ocrx_word' id='word_1_249' title='bbox 744 2713 789 2746; x_wconf 84' lang='lat' dir='ltr'><strong>D.</strong></span> <span class='ocrx_word' id='word_1_250' title='bbox 806 2712 1039 2758; x_wconf 77' lang='grc' dir='ltr'>ἀμφιβιὶλλειν</span> <span class='ocrx_word' id='word_1_251' title='bbox 1057 2712 1147 2747; x_wconf 84' lang='lat' dir='ltr'><strong>Fdd.</strong></span> <span class='ocrx_word' id='word_1_252' title='bbox 1279 2721 1311 2757; x_wconf 87' lang='grc'>5.</span> <span class='ocrx_word' id='word_1_253' title='bbox 1336 2711 1417 2755; x_wconf 83' lang='grc' dir='ltr'>αυτῆ</span> <span class='ocrx_word' id='word_1_254' title='bbox 1422 2725 1436 2746; x_wconf 85' lang='grc' dir='ltr'>ς</span> <span class='ocrx_word' id='word_1_255' title='bbox 1453 2708 1529 2755; x_wconf 85' lang='lat' dir='ltr'><strong>alt.]</strong></span> <span class='ocrx_word' id='word_1_256' title='bbox 1549 2724 1650 2744; x_wconf 83' lang='grc' dir='ltr'>αυτου</span> <span class='ocrx_word' id='word_1_257' title='bbox 1669 2709 1705 2743; x_wconf 83' lang='lat' dir='ltr'><strong>F.</strong></span> <span class='ocrx_word' id='word_1_258' title='bbox 1726 2709 1816 2744; x_wconf 83' lang='lat' dir='ltr'><strong>Edd.</strong></span> <span class='ocrx_word' id='word_1_259' title='bbox 1837 2710 1916 2753; x_wconf 85' lang='lat' dir='ltr'><strong>(CO.</strong></span> <span class='ocrx_word' id='word_1_260' title='bbox 1922 2711 1934 2755; x_wconf 95' lang='lat'><em>)</em></span> 
     </span>
     <span class='ocr_line' id='line_1_29' title="bbox 391 2756 1934 2815; baseline -0.001 -21.975"><span class='ocrx_word' id='word_1_261' title='bbox 391 2759 522 2793; x_wconf 87' lang='lat' dir='ltr'><strong>.Haec</strong></span> <span class='ocrx_word' id='word_1_262' title='bbox 540 2774 591 2793; x_wconf 86' lang='grc' dir='ltr'>και</span> <span class='ocrx_word' id='word_1_263' title='bbox 610 2760 992 2805; x_wconf 76' lang='grc' dir='ltr'>ἐγκάρπους-πολλοὺς</span> <span class='ocrx_word' id='word_1_264' title='bbox 1008 2764 1228 2794; x_wconf 81' lang='lat' dir='ltr'>accesserunt</span> <span class='ocrx_word' id='word_1_265' title='bbox 1240 2771 1280 2793; x_wconf 85' lang='lat' dir='ltr'>ex</span> <span class='ocrx_word' id='word_1_266' title='bbox 1301 2758 1341 2792; x_wconf 91' lang='lat' dir='ltr'><strong>B.</strong></span> <span class='ocrx_word' id='word_1_267' title='bbox 1348 2758 1393 2791; x_wconf 91' lang='lat' dir='ltr'><strong>D.</strong></span> <span class='ocrx_word' id='word_1_268' title='bbox 1585 2758 1617 2791; x_wconf 90' lang='lat'>8.</span> <span class='ocrx_word' id='word_1_269' title='bbox 1643 2756 1822 2815; x_wconf 78' lang='grc' dir='ltr'>ἀποφαίνει</span> <span class='ocrx_word' id='word_1_270' title='bbox 1840 2757 1934 2792; x_wconf 89' lang='lat' dir='ltr'><strong>Edd.</strong></span> 
     </span>
     <span class='ocr_line' id='line_1_30' title="bbox 369 2803 1930 2851; baseline 0 -13"><span class='ocrx_word' id='word_1_271' title='bbox 369 2817 419 2839; x_wconf 88' lang='lat'>11.</span> <span class='ocrx_word' id='word_1_272' title='bbox 446 2821 511 2840; x_wconf 89' lang='grc' dir='ltr'>που</span> <span class='ocrx_word' id='word_1_273' title='bbox 528 2819 597 2840; x_wconf 88' lang='lat' dir='ltr'><strong>om.</strong></span> <span class='ocrx_word' id='word_1_274' title='bbox 615 2807 655 2841; x_wconf 89' lang='lat' dir='ltr'><strong>B.</strong></span> <span class='ocrx_word' id='word_1_275' title='bbox 705 2808 722 2839; x_wconf 89' lang='grc' dir='ltr'>ὁ</span> <span class='ocrx_word' id='word_1_276' title='bbox 740 2813 959 2851; x_wconf 81' lang='lat' dir='ltr'>assumptum</span> <span class='ocrx_word' id='word_1_277' title='bbox 979 2818 1019 2840; x_wconf 81' lang='lat' dir='ltr'>ex</span> <span class='ocrx_word' id='word_1_278' title='bbox 1039 2807 1085 2840; x_wconf 88' lang='lat' dir='ltr'>D.</span> <span class='ocrx_word' id='word_1_279' title='bbox 1276 2816 1328 2839; x_wconf 81' lang='lat'>12.</span> <span class='ocrx_word' id='word_1_280' title='bbox 1354 2803 1538 2847; x_wconf 79' lang='grc' dir='ltr'>ἐξεπεμπεν</span> <span class='ocrx_word' id='word_1_281' title='bbox 1556 2803 1647 2837; x_wconf 89' lang='lat' dir='ltr'><strong>Edd.</strong></span> <span class='ocrx_word' id='word_1_282' title='bbox 1696 2803 1742 2838; x_wconf 83' lang='grc' dir='ltr'>εἷς</span> <span class='ocrx_word' id='word_1_283' title='bbox 1758 2804 1816 2838; x_wconf 86' lang='grc' dir='ltr'>τὸν</span> <span class='ocrx_word' id='word_1_284' title='bbox 1830 2803 1930 2850; x_wconf 81' lang='grc' dir='ltr'>ᾅδην]</span> 
     </span>
     <span class='ocr_line' id='line_1_31' title="bbox 367 2849 1932 2896; baseline 0.001 -12"><span class='ocrx_word' id='word_1_285' title='bbox 367 2851 506 2886; x_wconf 83' lang='lat' dir='ltr'>Lacuna</span> <span class='ocrx_word' id='word_1_286' title='bbox 527 2865 567 2887; x_wconf 92' lang='lat'>10</span> <span class='ocrx_word' id='word_1_287' title='bbox 584 2854 648 2887; x_wconf 80' lang='lat' dir='ltr'><strong>litt.</strong></span> <span class='ocrx_word' id='word_1_288' title='bbox 670 2853 710 2887; x_wconf 90' lang='lat' dir='ltr'><strong>B.</strong></span> <span class='ocrx_word' id='word_1_289' title='bbox 1176 2863 1228 2895; x_wconf 75' lang='lat'><strong>13.</strong></span> <span class='ocrx_word' id='word_1_290' title='bbox 1254 2851 1272 2894; x_wconf 90' lang='grc' dir='ltr'>ἡ</span> <span class='ocrx_word' id='word_1_291' title='bbox 1290 2851 1346 2891; x_wconf 81' lang='grc' dir='ltr'>ᾰβ.</span> <span class='ocrx_word' id='word_1_292' title='bbox 1366 2849 1415 2885; x_wconf 83' lang='grc' dir='ltr'>ἐπ’</span> <span class='ocrx_word' id='word_1_293' title='bbox 1433 2849 1538 2896; x_wconf 79' lang='grc' dir='ltr'>αὐτῶ]</span> <span class='ocrx_word' id='word_1_294' title='bbox 1558 2850 1659 2884; x_wconf 80' lang='grc' dir='ltr'>αὐτὸν</span> <span class='ocrx_word' id='word_1_295' title='bbox 1675 2849 1693 2893; x_wconf 90' lang='grc' dir='ltr'>ἡ</span> <span class='ocrx_word' id='word_1_296' title='bbox 1710 2851 1867 2891; x_wconf 69' lang='grc' dir='ltr'>ἄβυσσος</span> <span class='ocrx_word' id='word_1_297' title='bbox 1886 2852 1932 2885; x_wconf 91' lang='lat' dir='ltr'>D.</span> 
     </span>
     <span class='ocr_line' id='line_1_32' title="bbox 369 2896 1933 2943; baseline 0.001 -12"><span class='ocrx_word' id='word_1_298' title='bbox 369 2907 421 2942; x_wconf 86' lang='lat'><strong>15.</strong></span> <span class='ocrx_word' id='word_1_299' title='bbox 447 2899 573 2933; x_wconf 81' lang='grc' dir='ltr'>τέθειτο</span> <span class='ocrx_word' id='word_1_300' title='bbox 593 2901 638 2934; x_wconf 91' lang='lat' dir='ltr'><strong>D.</strong></span> <span class='ocrx_word' id='word_1_301' title='bbox 885 2900 937 2934; x_wconf 80' lang='lat'><strong>16.</strong></span> <span class='ocrx_word' id='word_1_302' title='bbox 962 2899 1175 2943; x_wconf 81' lang='grc' dir='ltr'>λελυπῆσθαι</span> <span class='ocrx_word' id='word_1_303' title='bbox 1193 2898 1356 2943; x_wconf 86' lang='grc' dir='ltr'>σφόδρα</span> <span class='ocrx_word' id='word_1_304' title='bbox 1350 2910 1420 2932; x_wconf 83' lang='lat' dir='ltr'><strong>mv.</strong></span> <span class='ocrx_word' id='word_1_305' title='bbox 1438 2896 1513 2932; x_wconf 89' lang='lat' dir='ltr'><strong>ord.</strong></span> <span class='ocrx_word' id='word_1_306' title='bbox 1534 2897 1580 2931; x_wconf 90' lang='lat' dir='ltr'><strong>D.</strong></span> <span class='ocrx_word' id='word_1_307' title='bbox 1816 2909 1869 2932; x_wconf 88' lang='lat'><strong>20.</strong></span> <span class='ocrx_word' id='word_1_308' title='bbox 1897 2913 1933 2932; x_wconf 85' lang='grc' dir='ltr'>τε</span> 
     </span>
     <span class='ocr_line' id='line_1_33' title="bbox 365 2944 1930 3024; baseline 0.001 -47"><span class='ocrx_word' id='word_1_309' title='bbox 365 2956 434 3024; x_wconf 60' lang='lat' dir='ltr'><strong>gm.</strong></span> <span class='ocrx_word' id='word_1_310' title='bbox 455 2945 499 2978; x_wconf 93' lang='lat' dir='ltr'><strong>D.</strong></span> <span class='ocrx_word' id='word_1_311' title='bbox 698 2958 751 2980; x_wconf 90' lang='lat'><strong>21.</strong></span> <span class='ocrx_word' id='word_1_312' title='bbox 779 2947 831 2980; x_wconf 77' lang='grc' dir='ltr'>καὶ</span> <span class='ocrx_word' id='word_1_313' title='bbox 849 2947 905 2980; x_wconf 79' lang='lat' dir='ltr'><strong>alt.</strong></span> <span class='ocrx_word' id='word_1_314' title='bbox 925 2952 1142 2990; x_wconf 84' lang='lat' dir='ltr'>assumptum</span> <span class='ocrx_word' id='word_1_315' title='bbox 1161 2958 1201 2979; x_wconf 86' lang='lat' dir='ltr'>ex</span> <span class='ocrx_word' id='word_1_316' title='bbox 1222 2945 1266 2979; x_wconf 92' lang='lat' dir='ltr'><strong>D.</strong></span> <span class='ocrx_word' id='word_1_317' title='bbox 1468 2954 1522 2978; x_wconf 89' lang='lat'><strong>22.</strong></span> <span class='ocrx_word' id='word_1_318' title='bbox 1548 2944 1650 2978; x_wconf 86' lang='grc' dir='ltr'>πάλιν</span> <span class='ocrx_word' id='word_1_319' title='bbox 1667 2945 1811 2979; x_wconf 83' lang='lat' dir='ltr'>accessit</span> <span class='ocrx_word' id='word_1_320' title='bbox 1827 2956 1867 2979; x_wconf 82' lang='lat' dir='ltr'>ex</span> <span class='ocrx_word' id='word_1_321' title='bbox 1888 2944 1930 2979; x_wconf 91' lang='lat' dir='ltr'><strong>B.</strong></span> 
     </span>
     <span class='ocr_line' id='line_1_34' title="bbox 391 2991 577 3025; baseline 0.005 -1"><span class='ocrx_word' id='word_1_322' title='bbox 391 2997 462 3024; x_wconf 74' lang='lat' dir='ltr'><strong>eest</strong></span> <span class='ocrx_word' id='word_1_323' title='bbox 478 2991 511 3024; x_wconf 90' lang='lat' dir='ltr'>in</span> <span class='ocrx_word' id='word_1_324' title='bbox 533 2992 577 3025; x_wconf 89' lang='lat' dir='ltr'><strong>D.</strong></span> 
     </span>
    </p>
   </div>
  </div>
 </body>
</html>
