2053 3382
347 193 432 233 360
742 195 791 234 B.
832 194 1108 234 CYRILLI
1150 193 1541 234 ALEXANDR.
1751 193 1806 232 vi.
1834 191 1927 232 1-8.

345 299 460 364 ὅλης
504 303 764 364 οἰκονομίας
807 304 831 352 ὁ
874 301 1032 367 λόγος,
1078 303 1190 370 φέρε
1231 308 1326 356 τοῖς
1368 302 1722 367 εὐμαθεστέροις
1767 303 1829 354 ὡς
1866 302 1931 351 ἔνι

345 382 575 447 λε’γωμεν.
643 382 749 436 τοὺς
801 383 986 453 πυρῥοὺς
1038 382 1150 435 εἶναι
1202 384 1585 446 διεβεβαιούμεθα
1629 382 1715 447 τὴν
1763 384 1926 451 φιλαί-

345 486 494 526 ματον
532 468 626 513 τῶν
661 467 919 516 Χαλδαίων
955 466 1117 533 ἀρχὴν,
1161 466 1189 530 ἢ
1232 470 1306 516 καὶ
1345 471 1508 517 πᾶσαν
1547 463 1756 516 ἐκποδὼν
1790 464 1931 532 ᾕρηκε

345 544 429 607 τὴν
455 546 699 609 Ἰουδαῖαν,
727 549 800 597 καὶ
839 547 922 600 τὰς
961 550 1009 598 ἐν
1047 549 1164 616 αὐτῇ
1204 547 1585 614 κατεμπρήσασα
1609 545 1786 607 πόλεις,
1811 548 1927 597 ἀπε-

345 625 540 687 κόμισεν
567 631 628 680 εἷς
662 631 996 695 αἰχμαλωσίαν
1022 629 1106 681 τὸν
1131 630 1347 696 Ἰσραήλ.
1412 628 1519 682 τοὺς
1555 628 1613 679 δέ
1636 651 1691 693 γε
1724 626 1931 690 μέλανας

1950 648 1971 685 01

344 705 430 769 τὴν
470 712 675 774 Περσῶν
717 734 766 761 τε
807 714 880 762 καὶ
921 713 1079 778 Κύρου
1121 713 1373 772 βασιλείαν
1408 709 1520 762 εἶναι
1558 708 1929 778 παρεδεξάμεθα.

345 788 579 858 ἐγράφετο
631 791 678 842 δὲ
727 794 802 842 καὶ
853 795 902 843 ἐν
950 799 1046 847 τοῖς
1095 799 1276 847 λευκοῖς
1324 793 1353 857 ἡ
1395 792 1719 861 Ἀλεξάνδρου
1762 814 1812 842 τε
1855 793 1931 842 καὶ

301 871 652 924 (ΙΜακεδόνων.
726 874 870 942 ἄμφω
922 875 968 926 δὲ
1012 875 1147 926 αὗται
1198 875 1610 941 κατεστράτευσαν
1654 876 1736 937 τῆς
1783 877 1926 924 Χαλ-

347 954 489 1004 δαίων
527 957 628 1019 γῆς,
658 954 785 1006 εἶλόν
820 979 869 1006 τε
905 957 1049 1021 αὐτὴν
1087 956 1206 1008 κατὰ
1245 956 1428 1022 κράτος.
1495 960 1684 1021 πρῶτον
1721 954 1805 1019 μὲν
1837 954 1931 1021 γὰρ

349 1039 517 1102 Κῦρος,
555 1035 651 1087 εἶτα
697 1037 794 1100 μετ’
835 1041 1006 1090 ἐκεῖνον
1037 1039 1370 1108 Ἀλέξανδρος,
1407 1038 1457 1092 ὃς
1496 1041 1571 1089 καὶ
1614 1036 1754 1088 αὐτὸν
1789 1035 1930 1105 ᾕρηκε
1953 1067 2001 1092 10

345 1119 427 1169 τὸν
455 1125 656 1186 Δαρεῖον
690 1123 795 1186 περὶ
829 1119 915 1185 τὴν
951 1123 1243 1186 καλουμένην
1268 1120 1449 1172 Ἰσσόν
1493 1122 1703 1171 Κιλίκων
1735 1119 1784 1171 δὲ
1815 1122 1931 1184 αὕτη

346 1200 498 1255 πόλις·
552 1204 895 1269 ἀναριθμήτους
939 1208 1144 1270 Περσῶν
1189 1204 1416 1270 μυριάδας
1459 1203 1740 1256 ἀπεκτονώς.
1808 1204 1932 1269 φασὶ

347 1291 462 1350 γοῦν
501 1285 571 1335 ὅτι
611 1285 767 1351 σωρὸς
805 1285 891 1348 μὲν
923 1288 1081 1337 ὀστῶν
1119 1284 1468 1351 συναγήγερται
1493 1285 1640 1351 μέγας
1666 1289 1759 1335 τῶν
1784 1285 1932 1334 ἐκεῖσε

345 1367 677 1418 πεπτωκότων·
720 1367 1062 1432 ἐγκεκόλαπται
1102 1368 1151 1420 δὲ
1188 1371 1262 1419 καὶ
1302 1367 1480 1436 γραφὴ,
1514 1373 1724 1418 τοιοῦτον
1755 1366 1933 1434 ε”χουσα

347 1453 472 1498 νοῦν·
1954 1472 2001 1510 15

520 1537 655 1580 Ἰασοῦ
687 1541 748 1580 ἐπὶ
778 1543 1027 1597 προβολῇσιν
1058 1541 1154 1583 ἁλὸς
1184 1542 1289 1591 παρὰ
1321 1543 1419 1590 κῦμα
1452 1541 1645 1590 Κιλίσσης

309 1614 330 1640 Θ
573 1604 738 1658 ’Ἄγριον
771 1608 808 1645 αἱ
843 1610 1008 1658 Περσῶν
1040 1608 1198 1656 κείμεθα
1227 1606 1420 1657 μυριάδες,

516 1670 665 1723 Ἔργον
695 1670 976 1723 Ἀλεξάνδροιο
1010 1673 1251 1722 Μακηδόνος,
1285 1672 1323 1712 αἲ
1354 1671 1433 1711 τότ’
1467 1672 1603 1711 ἄνακτι

579 1738 733 1791 Δαρείῳ
766 1737 942 1788 πυμάτην
973 1737 1084 1788 οἶμον
1115 1737 1407 1789 ε’φεσπόμεθα.1

421 1835 612 1900 Ἐπειδὴ
645 1836 738 1902 γὰρ
776 1835 833 1901 ἧν
871 1836 1003 1899 εἰκὸς,
1040 1837 1093 1887 οὐ
1126 1838 1321 1902 μετρίως
1361 1839 1575 1902 ἀλγῆσαι
1614 1834 1696 1887 τὸν
1730 1834 1932 1902 Ἰσραὴλ
1952 1862 2002 1887 20

346 1918 405 1969 τὰ
439 1921 543 1984 περὶ
579 1921 661 1982 τῆς
695 1923 788 1969 τῶν
816 1920 1073 1970 Χαλδαίων
1105 1918 1333 1970 ἀκούοντα
1367 1920 1635 1981 βασιλείας,
1667 1919 1744 1987 ὑφ’
1772 1917 1825 1982 ἧς
1855 1920 1931 1969 καὶ

344 2001 649 2067 πεπόρθηται,
693 2001 910 2068 ταύτῃ-τοι
948 2003 1207 2068 χρησίμως,
1247 2004 1308 2055 ὡς
1349 1999 1407 2052 ἂν
1443 2000 1509 2065 μὴ
1549 2001 1704 2065 δοκοίη
1739 2023 1928 2066 κατερε-

346 2083 483 2150 θίζειν
522 2087 584 2136 εἷς
622 2083 792 2145 λύπας,
819 2086 893 2134 καὶ
925 2090 1063 2134 τοῦτο
1095 2085 1176 2134 οὐκ
1216 2086 1263 2134 ἐν
1301 2087 1460 2153 καιρῷ,
1486 2083 1767 2151 παρατρέχει
1797 2082 1882 2146 μὲν
1905 2083 1931 2133 ὃ

126 2174 212 2209 703
230 2173 277 2208 A·
308 2184 329 2207 a
350 2164 610 2233 Προφήτης
636 2165 718 2216 τὸν
753 2166 822 2216 ἐπ’
858 2167 1013 2219 αὐτοῖς
1051 2165 1212 2231 λόγον.
1274 2165 1328 2217 τὸ
1356 2165 1403 2217 δὲ
1434 2165 1490 2229 δὴ
1515 2165 1731 2229 μάλιστα
1761 2188 1925 2216 κατευ-

347 2252 545 2315 φραῖνον
590 2246 755 2302 αὐτοὺς
800 2248 1031 2316 ἐξηγεῖται
1078 2253 1322 2314 λαμπρῶς,
1375 2248 1434 2298 τὰ
1485 2250 1590 2314 περὶ
1639 2251 1722 2312 τῆς
1771 2248 1931 2314 Κύρου
1952 2269 2000 2306 25

346 2330 469 2397 φημὶ
507 2330 770 2391 βασιλείας,
807 2333 882 2380 καὶ
917 2331 1075 2393 μέντοι
1113 2334 1196 2394 τῆς
1230 2329 1568 2399 Ἀλεξάνδρου,
1603 2329 1646 2380 οἳ
1682 2332 1930 2398 μονονουχὶ

346 2413 421 2461 καὶ
456 2411 735 2475 ἐστάλησαν
773 2415 855 2475 τῆς
886 2416 946 2466 εἷς
977 2411 1118 2463 αὐτὸν
1142 2411 1345 2479 Ἰσραὴλ
1380 2411 1620 2477 ὠμότητος
1645 2412 1931 2481 ἐξαιτοῦντες

533 2557 541 2582 ¹
571 2559 766 2604 Antipatris
787 2559 922 2594 Sidonii
940 2561 975 2594 in
994 2561 1139 2595 Anthol.
1161 2560 1282 2596 Graec.
1301 2567 1325 2595 t.
1344 2562 1365 2595 i.
1384 2573 1418 2606 p.
1436 2561 1516 2606 378,
1534 2560 1588 2595 ed.
1607 2559 1751 2595 Jacobs.

398 2649 426 2671 l.
454 2638 535 2681 ὅλης
552 2650 621 2672 om.
643 2639 683 2673 C.
702 2639 808 2673 habet
827 2641 873 2673 D.
1095 2652 1128 2685 3.
1154 2638 1272 2685 ᾕρηκε]
1293 2639 1373 2684 ἧρκε
1392 2639 1432 2674 C.
1646 2651 1679 2681 4.
1705 2637 1869 2672 Ἰουδαῖαν
1887 2638 1929 2672 C.

346 2683 516 2718 Ἰουδαίων
534 2685 625 2719 Edd.
675 2686 944 2731 κατεμπρὴσασα
963 2685 1003 2721 C.
1022 2691 1288 2730 κατεμπιπρῶσα
1308 2686 1398 2721 Edd.
1597 2696 1630 2730 9.
1658 2685 1870 2728 κατακράτως
1888 2685 1929 2719 C.

347 2734 413 2775 γὰρ
431 2743 501 2765 om.
521 2732 562 2765 C.
874 2745 926 2768 10.
949 2732 1069 2779 ᾕρηκε]
1090 2732 1169 2779 ἧρκε
1188 2733 1228 2768 C.
1542 2742 1595 2776 13.
1621 2730 1869 2776 συναγὴγερται
1888 2731 1928 2766 C.

737 2788 749 2803 Ε

349 2810 582 2856 συναγὴγερτο
602 2811 648 2846 D.
669 2812 916 2858 συναγὴγερται
931 2812 972 2847 Β.
990 2812 1232 2858 συνεγήγερται
1251 2811 1342 2846 Edd.
1535 2821 1587 2855 15.
1613 2812 1690 2844 νοῦν
1706 2817 1928 2855 assumptum

349 2867 390 2889 ex
410 2856 450 2890 C.
660 2859 711 2892 16.
737 2862 813 2903 περὶ
834 2859 875 2894 C.
1081 2862 1133 2894 18.
1162 2860 1354 2894 Μακεδόνος
1373 2858 1414 2892 Β.
1464 2856 1497 2892 αἳ
1515 2857 1582 2892 τότ’
1603 2856 1691 2891 B.C.
1708 2855 1817 2891 alwor’
1836 2857 1929 2892 Edd-

353 2912 407 2946 19.
433 2903 654 2947 ἐφεσπόμεθα
673 2905 713 2938 C.
732 2906 928 2950 ἐφεπόμεθα
947 2906 988 2942 Β,
1008 2906 1218 2952 ἐφειπόμεθα
1237 2906 1266 2939 Β
1284 2917 1356 2950 mg.
1376 2903 1467 2939 Edd.
1679 2914 1734 2948 23.
1759 2903 1868 2950 τούτῳ
1887 2903 1928 2938 C.

350 2958 405 3005 234.
424 2951 684 3029 ἑιόἶυφραίνων
703 2951 743 2986 C.
1063 2964 1119 2995 25.
1145 2951 1202 2998 τὰ]
1222 2953 1281 2987 τὰς
1299 2952 1339 2985 C.
1686 2960 1741 2995 27.
1767 2950 1868 2985 αὐτὸν
1886 2949 1927 2985 C.

349 3008 406 3028 τον
509 3022 514 3029 .
