2070 3387
131 202 283 253 V.5—8.
510 202 582 242 IN
626 202 1043 243 ZACIIARIAM.
1105 200 1254 240 TUM.
1289 199 1349 238 ΙΙ.
1632 196 1715 233 353

129 306 194 358 ὧν
233 308 290 359 ἂν
335 311 549 379 φαίνοιτο
593 311 826 378 δεδρακὼς
870 312 952 365 τὰς
999 312 1142 364 δίκας.
1210 314 1284 360 καὶ
1327 313 1441 374 γοῦν
1492 305 1583 373 ἔφη
1625 326 1717 355 που

129 390 341 455 Χριστὸς
381 392 499 458 πρὸς
538 392 645 446 τοὺς
689 398 782 444 τῶν
822 394 1059 444 Ἰουδαίων
1099 393 1272 457 δήμους
1311 389 1551 458 ἀχαλίνοις
1591 389 1711 437 ἀπο·
1736 412 1756 437 0

1780 473 1884 503 &Mul
1894 472 1939 500 th.

130 473 271 524 νοίαις
297 474 415 538 πρὸς
447 480 542 525 πᾶν
574 477 727 526 ὁτιοῦν
754 480 848 526 τῶν
883 475 1091 526 ἐκτόπων
1121 475 1392 525 διάττοντας
1420 478 1446 500 “
1473 471 1564 520 Καὶ
1593 470 1718 531 ὑμεῖς
1781 527 1859 547 um
1898 525 1927 552 ῃ

129 561 157 583 “
183 557 562 620 ἀναπληρώσατε
613 557 667 608 τὸ
709 559 878 624 μέτρον
927 563 1020 609 τῶν
1060 557 1274 623 πατερων
1318 555 1490 618 ὑμῶν.”
1554 552 1720 602 οὐκοῦν

129 635 301 702 μέτρον
350 636 407 701 ἧν
452 639 505 689 τὸ
555 640 802 706 ὁρώμενον,
843 643 924 704 τῆς
967 644 1060 690 τῶν
1105 643 1236 689 λαῶν
1280 635 1607 700 πλημμελείας
1646 631 1717 700 ἐφ’

86 655 108 693 <51

128 720 276 788 ἑαυτῷ
323 720 529 772 δεικνύον
574 721 659 785 τὴν
701 721 1059 788 ἀναπλήρωσιν.
1121 723 1329 786 ε’νίδρυτο
1372 718 1419 769 δὲ
1466 722 1531 785 τῷ
1576 713 1719 783 μέτρῳ

129 800 246 867 γυνὴ,
283 805 364 865 τῆς
406 805 596 871 ανομίας
633 809 889 869 πληροῦσα
935 802 1017 853 τὸν
1058 803 1218 864 τύπον,
1264 803 1338 851 καὶ
1378 799 1476 851 οἷον
1514 801 1718 859 ἀναπιμ-

129 888 302 934 πλᾶσα
337 885 391 934 δι’
419 885 583 948 ἑαυτῆς
617 884 670 935 τὸ
704 884 981 953 κεχωρηκὸς,
1008 884 1131 951 τάχα
1166 907 1258 935 που
1284 885 1358 933 καὶ
1387 878 1719 948 ὑπερχεομένη,

132 968 207 1016 καὶ
256 970 323 1035 τῷ
365 971 567 1035 περιττῷ
619 967 978 1018 διεκκύπτουσα.
1046 967 1155 1017 ἀλλ’
1203 963 1292 1017 ἰδού
1334 970 1457 1033 φησι
1503 961 1721 1013 τάλαντον

65 1072 112 1096 10
131 1049 326 1116 μολίβου
371 1049 630 1118 ἑξαιρὸμενον
679 1053 756 1100 καὶ
803 1045 972 1120 ἕῤῥιψεν
1014 1046 1126 1099 αὐτὸ
1171 1053 1231 1103 εἰς
1283 1047 1327 1099 το
1374 1050 1525 1113 στόμα
1568 1042 1760 1102 αὐτῆς.ῐῑ
1789 1048 1878 1082 698
1894 1047 1945 1080 A·

133 1129 305 1199 γράφει
347 1130 394 1181 δὲ
435 1131 541 1195 ἡμῖν
581 1130 766 1185 εἰκότως
804 1154 904 1184 πως
948 1129 1033 1195 τὴν
1077 1132 1262 1197 ἀνομίαν
1298 1130 1325 1193 ἡ
1365 1128 1530 1194 ὅρασις
1569 1129 1630 1178 εὶς
1669 1124 1723 1175 τὸ

133 1216 217 1264 τοῦ
242 1214 429 1278 γυναίου
453 1216 635 1279 σχῆμα.
702 1213 847 1266 τύπος
879 1211 962 1274 μὲν
992 1211 1085 1278 γὰρ
1118 1213 1286 1275 ἡδονῆς
1320 1211 1347 1275 ἡ
1378 1208 1511 1275 γυνὴ,
1540 1210 1613 1258 καὶ
1641 1206 1725 1269 μέν

133 1316 205 1344 τοι
243 1296 318 1344 καὶ
364 1293 623 1348 ἀσθενείας·
664 1297 826 1362 οἰνομιά
866 1293 914 1344 δὲ
954 1298 1092 1344 πᾶσα
1130 1295 1283 1362 δρειδτο
1323 1292 1379 1342 ἂν
1418 1291 1506 1358 οὐχ
1545 1288 1724 1354 ἑτέρως,

134 1374 264 1440 πλὴν
291 1376 360 1426 ὅτι
387 1375 463 1426 διά
488 1399 612 1430 τινος
639 1377 807 1440 ἡδονῆς
835 1373 1147 1441 δελεαζούσης
1179 1376 1253 1426 ἐπὶ
1287 1373 1341 1424 τὸ
1373 1377 1576 1442 φαῦλον,
1603 1394 1727 1434 συμ-

68 1479 113 1518 15
135 1457 395 1522 βαινούσης
432 1457 549 1524 πρὸς
588 1456 738 1527 τούτῳ
779 1460 854 1508 καὶ
886 1460 969 1521 τῆς
1003 1461 1066 1511 εἷς
1100 1462 1209 1508 νοῦν
1248 1455 1505 1508 ἀσθενείας.
1573 1457 1610 1504 εὶ
1644 1451 1728 1516 μὲν

135 1539 229 1606 γὰρ
273 1539 340 1604 ε’ίη
383 1540 600 1604 βεβηκὼς
645 1540 718 1608 ἐφ’
765 1540 914 1609 ἑαυτῷ
952 1541 1028 1589 καὶ
1067 1541 1274 1605 ἀνδρεῖος
1314 1539 1338 1588 ὁ
1378 1543 1500 1598 νοῦς,
1549 1536 1631 1586 οὐκ
1670 1532 1729 1584 ἂν

134 1621 294 1673 ἕλοιτο
338 1625 504 1673 παθεῖν
547 1620 632 1686 τὴν
671 1624 731 1675 εἷς
777 1620 837 1672 τὰ
879 1624 1045 1690 φαῦλα
1082 1620 1250 1688 ῥοπήν·
1303 1623 1340 1670 εἰ
1379 1618 1427 1670 δὲ
1467 1618 1523 1682 δὴ
1561 1624 1721 1681 μαλα-

135 1705 317 1768 κισθειή
348 1727 397 1755 τε
430 1705 506 1754 καὶ
539 1703 810 1769 γοητευθείη
844 1703 963 1769 πρὸς
1001 1702 1185 1767 ἡδονὴν,
1213 1703 1425 1754 πείσεται
1450 1699 1504 1752 τὸ
1529 1702 1725 1751 λυποῦν.
1745 1709 1772 1749 b

135 1785 368 1854 γράφεται
395 1785 451 1849 δὴ
479 1786 572 1848 οὖν,
598 1790 672 1836 καὶ
708 1784 842 1849 μάλα
880 1786 1044 1851 ὀρθῶς,
1073 1788 1134 1838 εἰς
1172 1786 1363 1851 ἀνομίαν
1401 1783 1428 1846 ἡ
1467 1784 1582 1848 γυνή.
1645 1805 1727 1848 μο-

70 1895 118 1920 20
138 1869 270 1928 λίβου
308 1866 356 1918 δὲ
394 1868 612 1918 τάλαντον
647 1865 700 1917 τὸ
736 1868 1012 1937 ἑξαιρόμενον,
1040 1869 1114 1917 καὶ
1147 1865 1242 1930 μὴν
1274 1869 1349 1916 καὶ
1376 1863 1647 1932 ἐμφράττον
1674 1861 1728 1912 τὸ

138 1948 298 2011 στόμα
347 1950 500 2012 αὐτῆς,
554 1949 736 2012 νοηθείη
783 1948 839 1999 ἂν
883 1949 971 2016 οὐχ
1015 1948 1172 2014 ἕτερον
1213 1946 1342 2012 οἶμαί
1387 1970 1431 1997 τι
1472 1944 1602 2012 παρὰ
1645 1944 1729 1995 τὸν

143 2029 318 2097 Κύριον
349 2031 479 2094 ἡμῶν
501 2032 691 2094 Ἰησοῦν
724 2029 806 2080 τὸν
834 2029 1064 2096 Χριστὸν,
1091 2029 1142 2084 ὃς
1168 2030 1341 2098 ὑψώθη
1369 2028 1444 2079 διὰ
1469 2033 1551 2078 τοῦ
1576 2026 1731 2088 τιμίου

139 2118 363 2178 σταυροῦ,
392 2114 467 2162 καὶ
495 2119 521 2141 “
542 2111 625 2165 τὰς
664 2112 857 2175 ἀνομίας
895 2113 1027 2176 ἡμῶν
1066 2111 1317 2177 ἀνήνεγκεν
1348 2113 1396 2161 ἐν
1434 2113 1500 2179 τῷ
1541 2108 1730 2171 σώματι
1793 2110 1948 2192 {is-250⁶·

141 2201 169 2223 ιι
195 2195 338 2244 αὐτοῦ
386 2195 460 2244 ἐπὶ
511 2192 564 2244 τὸ
616 2193 808 2262 ξύλον,”
863 2193 1200 2260 τεθριάμβευκέ
1243 2216 1292 2243 τε
1342 2192 1396 2243 τὸ
1447 2192 1554 2242 καθ’
1598 2191 1731 2254 ἡμῶν
1793 2197 1911 2278 340111.

75 2301 122 2339 25
141 2275 473 2344 χειρόγραφον·
515 2275 602 2338 ἵνα,
631 2274 753 2326 καθά
784 2282 936 2343 φησιν
962 2277 986 2326 ὁ
1013 2274 1267 2329 θεσπέσιος
1297 2272 1508 2343 μελῳδός
1535 2279 1562 2302 “
1581 2276 1731 2323 Πᾶσα
1795 2285 1849 2314 ῑέ-
1869 2283 1932 2314 cvi·

144 2364 171 2386 ‘⁶
197 2358 366 2420 ἀνομία
399 2356 620 2426 ἐμφράξῃ
655 2356 710 2407 τὸ
745 2357 904 2420 στόμα
942 2357 1129 2421 αὐτῆς.”
1193 2358 1377 2425 μολίβῳ
1404 2355 1452 2406 δὲ
1485 2357 1559 2405 καὶ
1594 2354 1731 2408 αὐτὸς

142 2438 479 2505 παρεικάζεται·
521 2437 946 2504 παραλαμβάνεται
978 2437 1042 2497 δὲ,
1072 2441 1134 2492 ὡς
1169 2438 1300 2507 ἔφην,
1328 2439 1353 2488 ὁ
1384 2436 1577 2506 μόλιβος
1602 2434 1731 2502 παρὰ
1751 2462 1772 2487 ο

1795 2339 1815 2367 4*
1796 2311 1812 2314 ι

144 2525 239 2572 τῶν
281 2522 586 2588 ἀργυροχοεῖν
627 2521 870 2581 εἰωθότων,
916 2522 978 2572 εἰς
1023 2519 1351 2585 ἀποκάθαρσιν
1389 2523 1484 2570 τῶν
1525 2540 1729 2585 χωνευό-

194 2738 227 2772 3.
253 2729 366 2762 ὁτιοῦν
383 2733 606 2773 assumptum
625 2738 665 2761 ex
686 2726 727 2760 C.
1098 2738 1130 2767 4.
1157 2726 1424 2770 ἀναπληρώσατε
1445 2724 1484 2758 C.
1503 2724 1621 2757 ἀνεπλ.
1642 2723 1732 2758 Edd.

147 2774 182 2808 6.
207 2773 363 2808 δεικνύων
382 2774 422 2808 C.
622 2784 654 2819 7.
678 2773 784 2808 τύπον
803 2772 882 2807 C.b.
900 2773 1004 2806 τόπον
1022 2771 1114 2806 Edd.
1320 2784 1353 2816 9.
1381 2770 1625 2805 διεκκύπτουσα
1645 2770 1733 2805 B.C.

148 2820 235 2854 διακ.
254 2820 346 2854 Edd.
681 2832 693 2854 1
705 2831 733 2854 1.
762 2819 858 2853 Haec
877 2819 1012 2853 εἰκότως
1027 2833 1098 2854 πως
1115 2825 1335 2852 accesserunt
1352 2829 1394 2851 ex
1414 2817 1454 2851 C.
1504 2817 1551 2852 εἷς
1567 2819 1606 2850 τὸ
1623 2819 1682 2850 τοῦ
1699 2831 1733 2861 γ.

150 2868 267 2910 σχῆμα
285 2867 332 2900 D.
352 2866 444 2900 Edd.
464 2867 501 2901 τὸ
520 2866 610 2912 (sic)
628 2869 688 2901 τοῦ
705 2866 843 2912 γυναίου
862 2865 1011 2910 σχήματι
1031 2864 1071 2899 C.
1490 2874 1541 2897 12.
1560 2864 1620 2906 μὲν
1638 2864 1735 2908 prius

150 2919 374 2957 assumptum
392 2925 433 2946 ex
453 2913 493 2947 C.
650 2925 702 2956 14.
731 2911 856 2957 ‹svp-[3]
878 2911 1123 2955 σημαινομένης
1140 2911 1187 2945 D.
1343 2920 1396 2955 15.
1422 2911 1506 2954 πρὸς
1523 2909 1630 2956 τούτῳ
1650 2910 1734 2944 D.b.

151 2958 244 2992 Edd.
263 2960 347 3003 πρὸς
363 2962 462 2993 τοῦτο
482 2959 522 2994 C.
786 2969 839 3004 17.
866 2960 907 2993 τὰ
924 2961 1043 3003 φαῦλα
1061 2958 1152 2992 C-D.
1171 2959 1212 2992 τὰ
1230 2958 1266 2991 in
1286 2956 1326 2992 C.
1345 2969 1455 2991 manu
1471 2958 1600 2990 recenti
1618 2969 1659 2990 ex
1677 2957 1736 3000 τὴν

152 3011 192 3039 ut
208 3005 279 3039 vid.
299 3009 384 3040 cast.
401 3007 439 3040 τὸ
457 3007 593 3052 φαῦλον
612 3005 704 3040 Edd.
898 3016 952 3046 21,
975 3016 1030 3039 22.
1057 3020 1088 3040 τι
1107 3011 1140 3040 et
1156 3006 1215 3039 τὸν
1233 3005 1289 3038 alt.
1309 3010 1491 3049 assumpta
1508 3015 1549 3038 ex
1569 3003 1610 3038 C.

210 3074 304 3104 VOL.
328 3075 377 3103 ΙΙ.
929 3078 949 3103 Ζ
973 3079 993 3103 Ζ
