<?xml version="1.0" encoding="UTF-8"?>
<!DOCTYPE html PUBLIC "-//W3C//DTD XHTML 1.0 Transitional//EN"
    "http://www.w3.org/TR/xhtml1/DTD/xhtml1-transitional.dtd">
<html xmlns="http://www.w3.org/1999/xhtml" xml:lang="en" lang="en">
 <head>
  <title>
</title>
<meta http-equiv="Content-Type" content="text/html;charset=utf-8" />
  <meta name='ocr-system' content='tesseract 3.04.00' />
  <meta name='ocr-capabilities' content='ocr_page ocr_carea ocr_par ocr_line ocrx_word'/>
</head>
<body>
  <div class='ocr_page' id='page_1' title='image "./operacyrilli02cyriuoft/operacyrilli02cyriuoft_0166.png"; bbox 0 0 2033 3381; ppageno 0'>
   <div class='ocr_carea' id='block_1_1' title="bbox 362 172 1928 226">
    <p class='ocr_par' dir='ltr' id='par_1_1' title="bbox 362 172 1928 226">
     <span class='ocr_line' id='line_1_1' title="bbox 362 172 1928 226; baseline 0.003 -15"><span class='ocrx_word' id='word_1_1' title='bbox 362 172 444 212; x_wconf 89' lang='lat'>158</span> <span class='ocrx_word' id='word_1_2' title='bbox 752 176 802 217; x_wconf 89' lang='lat' dir='ltr'>B.</span> <span class='ocrx_word' id='word_1_3' title='bbox 846 176 1126 218; x_wconf 89' lang='lat' dir='ltr'>CYRILLI</span> <span class='ocrx_word' id='word_1_4' title='bbox 1166 176 1548 219; x_wconf 86' lang='lat' dir='ltr'>ALEXANDR.</span> <span class='ocrx_word' id='word_1_5' title='bbox 1780 176 1837 217; x_wconf 88' lang='lat' dir='ltr'>iii.</span> <span class='ocrx_word' id='word_1_6' title='bbox 1864 187 1928 226; x_wconf 85' lang='lat'>14.</span> 
     </span>
    </p>
   </div>
   <div class='ocr_carea' id='block_1_2' title="bbox 131 281 2005 2497">
    <p class='ocr_par' dir='ltr' id='par_1_2' title="bbox 131 281 2005 2497">
     <span class='ocr_line' id='line_1_2' title="bbox 131 281 1929 375; baseline 0.002 -44"><span class='ocrx_word' id='word_1_7' title='bbox 131 290 221 375; x_wconf 46' lang='grc' dir='ltr'>ἓξὲξ</span> <span class='ocrx_word' id='word_1_8' title='bbox 233 290 291 365; x_wconf 57' lang='grc' dir='ltr'>ῗὸ-</span> <span class='ocrx_word' id='word_1_9' title='bbox 352 281 655 350; x_wconf 76' lang='grc' dir='ltr'>ἐμαστίζοντο</span> <span class='ocrx_word' id='word_1_10' title='bbox 683 283 775 350; x_wconf 80' lang='grc' dir='ltr'>γὰρ</span> <span class='ocrx_word' id='word_1_11' title='bbox 810 286 859 335; x_wconf 85' lang='grc' dir='ltr'>ἐν</span> <span class='ocrx_word' id='word_1_12' title='bbox 901 286 1170 352; x_wconf 80' lang='grc' dir='ltr'>συνεδρίοις,</span> <span class='ocrx_word' id='word_1_13' title='bbox 1214 288 1290 337; x_wconf 82' lang='grc' dir='ltr'>καὶ</span> <span class='ocrx_word' id='word_1_14' title='bbox 1329 285 1723 353; x_wconf 77' lang='grc' dir='ltr'>παρηγγέλλοντο</span> <span class='ocrx_word' id='word_1_15' title='bbox 1764 285 1929 346; x_wconf 81' lang='grc' dir='ltr'>μηδενὶ</span> 
     </span>
     <span class='ocr_line' id='line_1_3' title="bbox 132 359 1932 435; baseline 0.001 -18"><span class='ocrx_word' id='word_1_16' title='bbox 132 388 184 417; x_wconf 89' lang='lat'>40-</span> <span class='ocrx_word' id='word_1_17' title='bbox 215 359 222 366; x_wconf 49' lang='grc'><strong>’</strong></span> <span class='ocrx_word' id='word_1_18' title='bbox 261 360 268 366; x_wconf 62' lang='grc'><strong>’</strong></span> <span class='ocrx_word' id='word_1_19' title='bbox 315 387 336 414; x_wconf 83' lang='lat' dir='ltr'><strong>e</strong></span> <span class='ocrx_word' id='word_1_20' title='bbox 354 369 520 415; x_wconf 83' lang='grc' dir='ltr'>λαλεῖν</span> <span class='ocrx_word' id='word_1_21' title='bbox 543 366 616 416; x_wconf 79' lang='grc' dir='ltr'>ἐπὶ</span> <span class='ocrx_word' id='word_1_22' title='bbox 641 369 707 435; x_wconf 75' lang='grc' dir='ltr'>τῷ</span> <span class='ocrx_word' id='word_1_23' title='bbox 732 366 924 430; x_wconf 87' lang='grc' dir='ltr'>ὀνόματι</span> <span class='ocrx_word' id='word_1_24' title='bbox 946 372 1029 418; x_wconf 88' lang='grc' dir='ltr'>τοῦ</span> <span class='ocrx_word' id='word_1_25' title='bbox 1054 371 1287 434; x_wconf 83' lang='grc' dir='ltr'>Χριστοῦ·</span> <span class='ocrx_word' id='word_1_26' title='bbox 1324 367 1561 421; x_wconf 88' lang='grc' dir='ltr'>συνιόντες</span> <span class='ocrx_word' id='word_1_27' title='bbox 1587 365 1635 418; x_wconf 77' lang='grc' dir='ltr'>δὲ</span> <span class='ocrx_word' id='word_1_28' title='bbox 1662 364 1932 430; x_wconf 79' lang='grc' dir='ltr'>λεληθότως</span> 
     </span>
     <span class='ocr_line' id='line_1_4' title="bbox 132 445 1932 537; baseline 0.002 -41"><span class='ocrx_word' id='word_1_29' title='bbox 132 453 186 537; x_wconf 41' lang='grc' dir='ltr'>ἐξ.</span> <span class='ocrx_word' id='word_1_30' title='bbox 204 453 247 485; x_wconf 84' lang='lat' dir='ltr'>iv.</span> <span class='ocrx_word' id='word_1_31' title='bbox 355 445 439 499; x_wconf 81' lang='grc' dir='ltr'>τὰς</span> <span class='ocrx_word' id='word_1_32' title='bbox 471 446 588 513; x_wconf 82' lang='grc' dir='ltr'>πρὸς</span> <span class='ocrx_word' id='word_1_33' title='bbox 623 447 747 499; x_wconf 79' lang='grc' dir='ltr'>Θεὸν</span> <span class='ocrx_word' id='word_1_34' title='bbox 786 450 975 503; x_wconf 76' lang='grc' dir='ltr'>ἱκετείας</span> <span class='ocrx_word' id='word_1_35' title='bbox 1008 450 1248 501; x_wconf 87' lang='grc' dir='ltr'>ἐποιοῦντο</span> <span class='ocrx_word' id='word_1_36' title='bbox 1285 450 1501 516; x_wconf 80' lang='grc' dir='ltr'>λέγοντες</span> <span class='ocrx_word' id='word_1_37' title='bbox 1533 456 1560 479; x_wconf 90' lang='lat'><strong>“</strong></span> <span class='ocrx_word' id='word_1_38' title='bbox 1578 447 1684 500; x_wconf 89' lang='grc' dir='ltr'>Ἐπ’</span> <span class='ocrx_word' id='word_1_39' title='bbox 1713 446 1932 511; x_wconf 84' lang='grc' dir='ltr'>ἀληθείας</span> 
     </span>
     <span class='ocr_line' id='line_1_5' title="bbox 357 527 1933 603; baseline 0.001 -24"><span class='ocrx_word' id='word_1_40' title='bbox 357 535 384 557; x_wconf 85' lang='grc'><strong>“</strong></span> <span class='ocrx_word' id='word_1_41' title='bbox 412 527 504 594; x_wconf 79' lang='grc' dir='ltr'>γὰρ</span> <span class='ocrx_word' id='word_1_42' title='bbox 532 529 843 598; x_wconf 81' lang='grc' dir='ltr'>συνήχθησαν</span> <span class='ocrx_word' id='word_1_43' title='bbox 880 533 929 583; x_wconf 84' lang='grc' dir='ltr'>ἐν</span> <span class='ocrx_word' id='word_1_44' title='bbox 965 536 1023 601; x_wconf 82' lang='grc' dir='ltr'>τῇ</span> <span class='ocrx_word' id='word_1_45' title='bbox 1055 533 1194 584; x_wconf 88' lang='grc' dir='ltr'>πόλει</span> <span class='ocrx_word' id='word_1_46' title='bbox 1231 534 1375 603; x_wconf 87' lang='grc' dir='ltr'>ταύτῃ</span> <span class='ocrx_word' id='word_1_47' title='bbox 1409 536 1484 586; x_wconf 81' lang='grc' dir='ltr'>ἐπὶ</span> <span class='ocrx_word' id='word_1_48' title='bbox 1513 533 1595 585; x_wconf 80' lang='grc' dir='ltr'>τὸν</span> <span class='ocrx_word' id='word_1_49' title='bbox 1629 531 1763 599; x_wconf 77' lang='grc' dir='ltr'>ἅγιον</span> <span class='ocrx_word' id='word_1_50' title='bbox 1787 530 1933 583; x_wconf 81' lang='grc' dir='ltr'>παῖδά</span> 
     </span>
     <span class='ocr_line' id='line_1_6' title="bbox 356 611 1975 682; baseline 0.002 -22"><span class='ocrx_word' id='word_1_51' title='bbox 356 617 383 640; x_wconf 83' lang='grc'><strong>“</strong></span> <span class='ocrx_word' id='word_1_52' title='bbox 409 633 500 662; x_wconf 87' lang='grc' dir='ltr'>σου</span> <span class='ocrx_word' id='word_1_53' title='bbox 523 611 726 675; x_wconf 85' lang='grc' dir='ltr'>Ἰησοῦν,</span> <span class='ocrx_word' id='word_1_54' title='bbox 753 612 806 664; x_wconf 76' lang='grc' dir='ltr'>ὃν</span> <span class='ocrx_word' id='word_1_55' title='bbox 832 614 1037 681; x_wconf 75' lang='grc' dir='ltr'>ἔχρισας,</span> <span class='ocrx_word' id='word_1_56' title='bbox 1063 616 1283 682; x_wconf 66' lang='grc' dir='ltr'>“Ηρώδης</span> <span class='ocrx_word' id='word_1_57' title='bbox 1308 640 1358 668; x_wconf 93' lang='grc' dir='ltr'>τε</span> <span class='ocrx_word' id='word_1_58' title='bbox 1392 619 1466 667; x_wconf 81' lang='grc' dir='ltr'>καὶ</span> <span class='ocrx_word' id='word_1_59' title='bbox 1495 616 1693 669; x_wconf 84' lang='grc' dir='ltr'>Πόντιος</span> <span class='ocrx_word' id='word_1_60' title='bbox 1721 613 1932 666; x_wconf 76' lang='grc' dir='ltr'>Πιλάτος</span> <span class='ocrx_word' id='word_1_61' title='bbox 1954 625 1975 664; x_wconf 90' lang='grc'><strong>5</strong></span> 
     </span>
     <span class='ocr_line' id='line_1_7' title="bbox 133 691 1932 764; baseline 0.003 -23"><span class='ocrx_word' id='word_1_62' title='bbox 133 700 256 741; x_wconf 71' lang='lat'>1¹³·29·</span> <span class='ocrx_word' id='word_1_63' title='bbox 355 700 383 721; x_wconf 91' lang='lat'><strong>“</strong></span> <span class='ocrx_word' id='word_1_64' title='bbox 409 691 502 743; x_wconf 79' lang='grc' dir='ltr'>σὺν</span> <span class='ocrx_word' id='word_1_65' title='bbox 532 692 687 745; x_wconf 79' lang='grc' dir='ltr'>ε”θνεσι</span> <span class='ocrx_word' id='word_1_66' title='bbox 724 698 800 746; x_wconf 80' lang='grc' dir='ltr'>καὶ</span> <span class='ocrx_word' id='word_1_67' title='bbox 837 702 970 751; x_wconf 82' lang='grc' dir='ltr'>λαοῖς</span> <span class='ocrx_word' id='word_1_68' title='bbox 1001 697 1215 764; x_wconf 89' lang='grc' dir='ltr'>Ἰσραήλ.</span> <span class='ocrx_word' id='word_1_69' title='bbox 1280 701 1355 749; x_wconf 77' lang='grc' dir='ltr'>καὶ</span> <span class='ocrx_word' id='word_1_70' title='bbox 1395 697 1455 749; x_wconf 82' lang='grc' dir='ltr'>τὰ</span> <span class='ocrx_word' id='word_1_71' title='bbox 1494 704 1588 761; x_wconf 89' lang='grc' dir='ltr'>νῦν,</span> <span class='ocrx_word' id='word_1_72' title='bbox 1622 697 1779 762; x_wconf 83' lang='grc' dir='ltr'>Κύριε,</span> <span class='ocrx_word' id='word_1_73' title='bbox 1806 696 1932 747; x_wconf 74' lang='grc' dir='ltr'>ἔπιδε</span> 
     </span>
     <span class='ocr_line' id='line_1_8' title="bbox 356 774 1930 844; baseline 0.003 -19"><span class='ocrx_word' id='word_1_74' title='bbox 356 781 383 804; x_wconf 84' lang='grc'><strong>“</strong></span> <span class='ocrx_word' id='word_1_75' title='bbox 408 776 483 826; x_wconf 79' lang='grc' dir='ltr'>ἐπὶ</span> <span class='ocrx_word' id='word_1_76' title='bbox 510 774 594 830; x_wconf 80' lang='grc' dir='ltr'>τὰς</span> <span class='ocrx_word' id='word_1_77' title='bbox 620 777 817 832; x_wconf 80' lang='grc' dir='ltr'>ἀπειλὰς</span> <span class='ocrx_word' id='word_1_78' title='bbox 840 779 1034 830; x_wconf 79' lang='grc' dir='ltr'>αὑτῶν·”</span> <span class='ocrx_word' id='word_1_79' title='bbox 1078 783 1225 844; x_wconf 84' lang='grc' dir='ltr'>δῆλον</span> <span class='ocrx_word' id='word_1_80' title='bbox 1250 781 1298 832; x_wconf 82' lang='grc' dir='ltr'>δὲ</span> <span class='ocrx_word' id='word_1_81' title='bbox 1337 780 1406 831; x_wconf 80' lang='grc' dir='ltr'>ὅτι</span> <span class='ocrx_word' id='word_1_82' title='bbox 1443 779 1527 834; x_wconf 77' lang='grc' dir='ltr'>τὰς</span> <span class='ocrx_word' id='word_1_83' title='bbox 1564 784 1658 830; x_wconf 81' lang='grc' dir='ltr'>τῶν</span> <span class='ocrx_word' id='word_1_84' title='bbox 1681 779 1930 830; x_wconf 83' lang='grc' dir='ltr'>Ἰουδαίων·</span> 
     </span>
     <span class='ocr_line' id='line_1_9' title="bbox 355 857 1933 931; baseline 0.003 -24"><span class='ocrx_word' id='word_1_85' title='bbox 355 864 383 887; x_wconf 91' lang='lat'><strong>“</strong></span> <span class='ocrx_word' id='word_1_86' title='bbox 410 859 485 908; x_wconf 82' lang='grc' dir='ltr'>καὶ</span> <span class='ocrx_word' id='word_1_87' title='bbox 509 857 588 913; x_wconf 82' lang='grc' dir='ltr'>δὸς</span> <span class='ocrx_word' id='word_1_88' title='bbox 612 865 707 914; x_wconf 88' lang='grc' dir='ltr'>τοῖς</span> <span class='ocrx_word' id='word_1_89' title='bbox 733 861 918 915; x_wconf 84' lang='grc' dir='ltr'>δούλοις</span> <span class='ocrx_word' id='word_1_90' title='bbox 944 885 1034 913; x_wconf 88' lang='grc' dir='ltr'>σου</span> <span class='ocrx_word' id='word_1_91' title='bbox 1059 861 1176 925; x_wconf 77' lang='grc' dir='ltr'>μετὰ</span> <span class='ocrx_word' id='word_1_92' title='bbox 1201 864 1467 931; x_wconf 86' lang='grc' dir='ltr'>παῤῥησιάς</span> <span class='ocrx_word' id='word_1_93' title='bbox 1493 867 1658 913; x_wconf 81' lang='grc' dir='ltr'>λαλεῖν</span> <span class='ocrx_word' id='word_1_94' title='bbox 1683 860 1765 912; x_wconf 81' lang='grc' dir='ltr'>τὸν</span> <span class='ocrx_word' id='word_1_95' title='bbox 1786 860 1933 925; x_wconf 90' lang='grc' dir='ltr'>λόγον</span> 
     </span>
     <span class='ocr_line' id='line_1_10' title="bbox 355 941 1934 1014; baseline 0.002 -24"><span class='ocrx_word' id='word_1_96' title='bbox 355 946 382 969; x_wconf 86' lang='grc'><strong>“</strong></span> <span class='ocrx_word' id='word_1_97' title='bbox 408 941 539 992; x_wconf 87' lang='grc' dir='ltr'>σου.”</span> <span class='ocrx_word' id='word_1_98' title='bbox 581 943 746 994; x_wconf 82' lang='grc' dir='ltr'>οὐκοῦν</span> <span class='ocrx_word' id='word_1_99' title='bbox 784 947 826 994; x_wconf 80' lang='grc' dir='ltr'>οἱ</span> <span class='ocrx_word' id='word_1_100' title='bbox 859 946 1107 1012; x_wconf 78' lang='grc' dir='ltr'>μονονουχὶ</span> <span class='ocrx_word' id='word_1_101' title='bbox 1146 948 1394 1012; x_wconf 83' lang='grc' dir='ltr'>καθαπερεὶ</span> <span class='ocrx_word' id='word_1_102' title='bbox 1433 948 1612 1014; x_wconf 74' lang='grc' dir='ltr'>χαλινῷ</span> <span class='ocrx_word' id='word_1_103' title='bbox 1637 967 1725 995; x_wconf 90' lang='grc' dir='ltr'>τινι</span> <span class='ocrx_word' id='word_1_104' title='bbox 1758 947 1823 1013; x_wconf 76' lang='grc' dir='ltr'>τῷ</span> <span class='ocrx_word' id='word_1_105' title='bbox 1849 943 1934 994; x_wconf 86' lang='grc' dir='ltr'>δεέι</span> 
     </span>
     <span class='ocr_line' id='line_1_11' title="bbox 357 1024 2005 1094; baseline 0.002 -22"><span class='ocrx_word' id='word_1_106' title='bbox 357 1024 724 1091; x_wconf 79' lang='grc' dir='ltr'>κατεσφιγμένοι</span> <span class='ocrx_word' id='word_1_107' title='bbox 771 1027 845 1076; x_wconf 77' lang='grc' dir='ltr'>καὶ</span> <span class='ocrx_word' id='word_1_108' title='bbox 890 1031 1076 1077; x_wconf 82' lang='grc' dir='ltr'>σιωπᾶν</span> <span class='ocrx_word' id='word_1_109' title='bbox 1115 1027 1486 1094; x_wconf 77' lang='grc' dir='ltr'>ἀναγκαζόμενοι,</span> <span class='ocrx_word' id='word_1_110' title='bbox 1526 1031 1567 1078; x_wconf 82' lang='grc' dir='ltr'>οἱ</span> <span class='ocrx_word' id='word_1_111' title='bbox 1605 1025 1933 1091; x_wconf 76' lang='grc' dir='ltr'>μαστιζόμενοι</span> <span class='ocrx_word' id='word_1_112' title='bbox 1957 1044 2005 1069; x_wconf 82' lang='grc'>10</span> 
     </span>
     <span class='ocr_line' id='line_1_12' title="bbox 309 1106 1934 1178; baseline 0.002 -24"><span class='ocrx_word' id='word_1_113' title='bbox 309 1107 337 1148; x_wconf 80' lang='lat' dir='ltr'><strong>d</strong></span> <span class='ocrx_word' id='word_1_114' title='bbox 358 1106 433 1155; x_wconf 79' lang='grc' dir='ltr'>καὶ</span> <span class='ocrx_word' id='word_1_115' title='bbox 458 1106 770 1170; x_wconf 81' lang='grc' dir='ltr'>τεθλιμμένοι,</span> <span class='ocrx_word' id='word_1_116' title='bbox 798 1106 943 1178; x_wconf 66' lang='grc' dir='ltr'>λάθρα</span> <span class='ocrx_word' id='word_1_117' title='bbox 968 1131 1018 1159; x_wconf 90' lang='grc' dir='ltr'>τε</span> <span class='ocrx_word' id='word_1_118' title='bbox 1044 1111 1118 1160; x_wconf 78' lang='grc' dir='ltr'>καὶ</span> <span class='ocrx_word' id='word_1_119' title='bbox 1144 1108 1281 1173; x_wconf 85' lang='grc' dir='ltr'>μόλις</span> <span class='ocrx_word' id='word_1_120' title='bbox 1305 1108 1694 1176; x_wconf 79' lang='grc' dir='ltr'>προσλαλοῦντές</span> <span class='ocrx_word' id='word_1_121' title='bbox 1719 1130 1830 1171; x_wconf 86' lang='grc' dir='ltr'>τισι,</span> <span class='ocrx_word' id='word_1_122' title='bbox 1859 1109 1934 1158; x_wconf 79' lang='grc' dir='ltr'>καὶ</span> 
     </span>
     <span class='ocr_line' id='line_1_13' title="bbox 357 1185 1926 1262; baseline 0.002 -25"><span class='ocrx_word' id='word_1_123' title='bbox 357 1185 454 1238; x_wconf 77' lang='grc' dir='ltr'>οἷον</span> <span class='ocrx_word' id='word_1_124' title='bbox 486 1187 656 1240; x_wconf 77' lang='grc' dir='ltr'>ἐσθίοντι</span> <span class='ocrx_word' id='word_1_125' title='bbox 688 1196 861 1260; x_wconf 74' lang='grc' dir='ltr'>πτωχῷ</span> <span class='ocrx_word' id='word_1_126' title='bbox 892 1190 1229 1257; x_wconf 89' lang='grc' dir='ltr'>προσεοικότες,</span> <span class='ocrx_word' id='word_1_127' title='bbox 1257 1189 1510 1262; x_wconf 47' lang='lat' dir='ltr'>&amp;modiove-a</span> <span class='ocrx_word' id='word_1_128' title='bbox 1537 1189 1746 1255; x_wconf 57' lang='grc' dir='ltr'>χαλινοὺς</span> <span class='ocrx_word' id='word_1_129' title='bbox 1774 1189 1926 1242; x_wconf 59' lang='grc' dir='ltr'>αὐτῶν.</span> 
     </span>
     <span class='ocr_line' id='line_1_14' title="bbox 355 1268 1932 1340; baseline 0.004 -20"><span class='ocrx_word' id='word_1_130' title='bbox 355 1268 515 1331; x_wconf 78' lang='grc' dir='ltr'>ὅμοιον</span> <span class='ocrx_word' id='word_1_131' title='bbox 541 1273 602 1325; x_wconf 86' lang='grc' dir='ltr'>ὡς</span> <span class='ocrx_word' id='word_1_132' title='bbox 636 1275 673 1322; x_wconf 80' lang='grc' dir='ltr'>εἰ</span> <span class='ocrx_word' id='word_1_133' title='bbox 709 1272 858 1338; x_wconf 79' lang='grc' dir='ltr'>λε’γοι,</span> <span class='ocrx_word' id='word_1_134' title='bbox 888 1273 1338 1340; x_wconf 90' lang='grc' dir='ltr'>κατευρυνθήσονται</span> <span class='ocrx_word' id='word_1_135' title='bbox 1372 1274 1560 1328; x_wconf 83' lang='grc' dir='ltr'>πάντως</span> <span class='ocrx_word' id='word_1_136' title='bbox 1585 1278 1644 1328; x_wconf 80' lang='grc' dir='ltr'>εἷς</span> <span class='ocrx_word' id='word_1_137' title='bbox 1670 1272 1754 1337; x_wconf 84' lang='grc' dir='ltr'>τὴν</span> <span class='ocrx_word' id='word_1_138' title='bbox 1779 1273 1932 1326; x_wconf 83' lang='grc' dir='ltr'>αὐτοῖς</span> 
     </span>
     <span class='ocr_line' id='line_1_15' title="bbox 356 1351 1931 1423; baseline 0.001 -20"><span class='ocrx_word' id='word_1_139' title='bbox 356 1351 428 1403; x_wconf 77' lang='grc' dir='ltr'>ὅτι</span> <span class='ocrx_word' id='word_1_140' title='bbox 489 1352 704 1417; x_wconf 79' lang='grc' dir='ltr'>μάλιστα</span> <span class='ocrx_word' id='word_1_141' title='bbox 764 1354 1048 1423; x_wconf 82' lang='grc' dir='ltr'>φιλαιτάτην</span> <span class='ocrx_word' id='word_1_142' title='bbox 1097 1379 1146 1407; x_wconf 94' lang='grc' dir='ltr'>τε</span> <span class='ocrx_word' id='word_1_143' title='bbox 1198 1359 1272 1407; x_wconf 82' lang='grc' dir='ltr'>καὶ</span> <span class='ocrx_word' id='word_1_144' title='bbox 1322 1356 1596 1422; x_wconf 76' lang='grc' dir='ltr'>πρέπουσαν</span> <span class='ocrx_word' id='word_1_145' title='bbox 1649 1355 1931 1423; x_wconf 84' lang='grc' dir='ltr'>παῤῥησίαν,</span> 
     </span>
     <span class='ocr_line' id='line_1_16' title="bbox 357 1435 2000 1503; baseline 0.002 -18"><span class='ocrx_word' id='word_1_146' title='bbox 357 1438 635 1501; x_wconf 86' lang='grc' dir='ltr'>φροντιοῦσι</span> <span class='ocrx_word' id='word_1_147' title='bbox 679 1435 763 1499; x_wconf 74' lang='grc' dir='ltr'>μὲν</span> <span class='ocrx_word' id='word_1_148' title='bbox 811 1436 904 1503; x_wconf 81' lang='grc' dir='ltr'>γὰρ</span> <span class='ocrx_word' id='word_1_149' title='bbox 956 1438 1167 1500; x_wconf 80' lang='grc' dir='ltr'>οὐδαμῶς</span> <span class='ocrx_word' id='word_1_150' title='bbox 1215 1441 1297 1502; x_wconf 83' lang='grc' dir='ltr'>τῆς</span> <span class='ocrx_word' id='word_1_151' title='bbox 1344 1439 1580 1490; x_wconf 87' lang='grc' dir='ltr'>Ἰουδαίων</span> <span class='ocrx_word' id='word_1_152' title='bbox 1625 1440 1927 1503; x_wconf 80' lang='grc' dir='ltr'>Συναγωγῆς·</span> <span class='ocrx_word' id='word_1_153' title='bbox 1955 1450 2000 1488; x_wconf 87' lang='lat'>15</span> 
     </span>
     <span class='ocr_line' id='line_1_17' title="bbox 356 1518 1932 1589; baseline 0.004 -21"><span class='ocrx_word' id='word_1_154' title='bbox 356 1518 695 1572; x_wconf 85' lang='grc' dir='ltr'>διαπτύσαντες</span> <span class='ocrx_word' id='word_1_155' title='bbox 741 1519 790 1570; x_wconf 80' lang='grc' dir='ltr'>δὲ</span> <span class='ocrx_word' id='word_1_156' title='bbox 829 1518 911 1574; x_wconf 74' lang='grc' dir='ltr'>τὰς</span> <span class='ocrx_word' id='word_1_157' title='bbox 956 1519 1166 1583; x_wconf 77' lang='grc' dir='ltr'>ἀπειλὰς,</span> <span class='ocrx_word' id='word_1_158' title='bbox 1203 1523 1276 1571; x_wconf 73' lang='grc' dir='ltr'>καὶ</span> <span class='ocrx_word' id='word_1_159' title='bbox 1317 1524 1564 1589; x_wconf 81' lang='grc' dir='ltr'>μονονουχὶ</span> <span class='ocrx_word' id='word_1_160' title='bbox 1602 1520 1932 1589; x_wconf 75' lang='grc' dir='ltr'>διαρρήξαντες</span> 
     </span>
     <span class='ocr_line' id='line_1_18' title="bbox 354 1600 1932 1669; baseline 0.001 -18"><span class='ocrx_word' id='word_1_161' title='bbox 354 1600 437 1651; x_wconf 83' lang='grc' dir='ltr'>τὸν</span> <span class='ocrx_word' id='word_1_162' title='bbox 460 1601 758 1669; x_wconf 80' lang='grc' dir='ltr'>ἐπιῤῥιφέντα</span> <span class='ocrx_word' id='word_1_163' title='bbox 795 1603 950 1656; x_wconf 85' lang='grc' dir='ltr'>αὐτοῖς</span> <span class='ocrx_word' id='word_1_164' title='bbox 989 1603 1183 1666; x_wconf 63' lang='grc' dir='ltr'>χαλινὶν,</span> <span class='ocrx_word' id='word_1_165' title='bbox 1211 1602 1307 1654; x_wconf 78' lang='grc' dir='ltr'>οῖον</span> <span class='ocrx_word' id='word_1_166' title='bbox 1333 1604 1466 1654; x_wconf 85' lang='grc' dir='ltr'>ἵπποι</span> <span class='ocrx_word' id='word_1_167' title='bbox 1502 1602 1618 1657; x_wconf 74' lang='grc' dir='ltr'>τινὲς</span> <span class='ocrx_word' id='word_1_168' title='bbox 1658 1604 1821 1668; x_wconf 81' lang='grc' dir='ltr'>ἀγαυοὶ</span> <span class='ocrx_word' id='word_1_169' title='bbox 1857 1604 1932 1653; x_wconf 79' lang='grc' dir='ltr'>καὶ</span> 
     </span>
     <span class='ocr_line' id='line_1_19' title="bbox 356 1683 1932 1752; baseline 0.004 -19"><span class='ocrx_word' id='word_1_170' title='bbox 356 1683 598 1751; x_wconf 76' lang='grc' dir='ltr'>ἀγέρωχοι,</span> <span class='ocrx_word' id='word_1_171' title='bbox 637 1690 1050 1752; x_wconf 85' lang='grc' dir='ltr'>καταχρεμετιοῦσι</span> <span class='ocrx_word' id='word_1_172' title='bbox 1095 1685 1275 1749; x_wconf 81' lang='grc' dir='ltr'>λοιπὸν,</span> <span class='ocrx_word' id='word_1_173' title='bbox 1321 1685 1686 1750; x_wconf 84' lang='grc' dir='ltr'>ἐπιπλήττοντος</span> <span class='ocrx_word' id='word_1_174' title='bbox 1736 1684 1932 1749; x_wconf 82' lang='grc' dir='ltr'>οὐδενὸς,</span> 
     </span>
     <span class='ocr_line' id='line_1_20' title="bbox 319 1766 1927 1836; baseline 0.002 -21"><span class='ocrx_word' id='word_1_175' title='bbox 319 1767 432 1816; x_wconf 59' lang='lat' dir='ltr'>exal</span> <span class='ocrx_word' id='word_1_176' title='bbox 475 1769 558 1830; x_wconf 81' lang='grc' dir='ltr'>τῆς</span> <span class='ocrx_word' id='word_1_177' title='bbox 607 1768 780 1818; x_wconf 84' lang='grc' dir='ltr'>ἑαυτῶν</span> <span class='ocrx_word' id='word_1_178' title='bbox 824 1770 984 1836; x_wconf 83' lang='grc' dir='ltr'>φωνῆς</span> <span class='ocrx_word' id='word_1_179' title='bbox 1027 1768 1420 1833; x_wconf 87' lang='grc' dir='ltr'>κατεμπλήσουσι</span> <span class='ocrx_word' id='word_1_180' title='bbox 1468 1768 1553 1832; x_wconf 89' lang='grc' dir='ltr'>τὴν</span> <span class='ocrx_word' id='word_1_181' title='bbox 1598 1769 1670 1820; x_wconf 84' lang='grc' dir='ltr'>ὑπ’</span> <span class='ocrx_word' id='word_1_182' title='bbox 1715 1766 1927 1834; x_wconf 81' lang='grc' dir='ltr'>οὐρανόν.</span> 
     </span>
     <span class='ocr_line' id='line_1_21' title="bbox 355 1848 2001 1918; baseline 0.001 -20"><span class='ocrx_word' id='word_1_183' title='bbox 355 1848 565 1899; x_wconf 90' lang='grc' dir='ltr'>τοιοῦτόν</span> <span class='ocrx_word' id='word_1_184' title='bbox 604 1872 649 1899; x_wconf 91' lang='grc' dir='ltr'>τι</span> <span class='ocrx_word' id='word_1_185' title='bbox 692 1852 814 1918; x_wconf 91' lang='grc' dir='ltr'>φησι</span> <span class='ocrx_word' id='word_1_186' title='bbox 854 1851 928 1901; x_wconf 82' lang='grc' dir='ltr'>καὶ</span> <span class='ocrx_word' id='word_1_187' title='bbox 967 1851 991 1901; x_wconf 87' lang='grc' dir='ltr'>ὁ</span> <span class='ocrx_word' id='word_1_188' title='bbox 1032 1851 1283 1905; x_wconf 91' lang='grc' dir='ltr'>θεσπεσιος</span> <span class='ocrx_word' id='word_1_189' title='bbox 1317 1851 1525 1905; x_wconf 74' lang='grc' dir='ltr'>Ησαΐας</span> <span class='ocrx_word' id='word_1_190' title='bbox 1563 1855 1658 1904; x_wconf 87' lang='grc' dir='ltr'>τοῖς</span> <span class='ocrx_word' id='word_1_191' title='bbox 1695 1850 1749 1901; x_wconf 83' lang='grc' dir='ltr'>τὸ</span> <span class='ocrx_word' id='word_1_192' title='bbox 1788 1851 1924 1916; x_wconf 82' lang='grc' dir='ltr'>εὐαγ-</span> <span class='ocrx_word' id='word_1_193' title='bbox 1952 1867 2001 1892; x_wconf 89' lang='lat'>20</span> 
     </span>
     <span class='ocr_line' id='line_1_22' title="bbox 136 1929 1932 2031; baseline 0.001 -49"><span class='ocrx_word' id='word_1_194' title='bbox 136 1941 190 2016; x_wconf 54' lang='lat' dir='ltr'>so</span> <span class='ocrx_word' id='word_1_195' title='bbox 208 1942 291 1982; x_wconf 70' lang='grc' dir='ltr'>Χ1·9</span> <span class='ocrx_word' id='word_1_196' title='bbox 355 1929 545 1995; x_wconf 84' lang='grc' dir='ltr'>γελικὸν</span> <span class='ocrx_word' id='word_1_197' title='bbox 583 1933 875 1998; x_wconf 82' lang='grc' dir='ltr'>ἱερουργοῦσι</span> <span class='ocrx_word' id='word_1_198' title='bbox 914 1931 1130 1998; x_wconf 87' lang='grc' dir='ltr'>κήρυγμα</span> <span class='ocrx_word' id='word_1_199' title='bbox 1165 1940 1192 1962; x_wconf 85' lang='grc'><strong>“</strong></span> <span class='ocrx_word' id='word_1_200' title='bbox 1210 1934 1315 1984; x_wconf 85' lang='grc' dir='ltr'>”Επ</span> <span class='ocrx_word' id='word_1_201' title='bbox 1357 1932 1462 2000; x_wconf 81' lang='grc' dir='ltr'>ὅρος</span> <span class='ocrx_word' id='word_1_202' title='bbox 1491 1932 1692 2031; x_wconf 78' lang='grc' dir='ltr'>ὑψηλὸν</span> <span class='ocrx_word' id='word_1_203' title='bbox 1731 1931 1932 1998; x_wconf 73' lang='grc' dir='ltr'>ἀνάβηθι</span> 
     </span>
     <span class='ocr_line' id='line_1_23' title="bbox 180 2010 1933 2084; baseline 0.002 -21"><span class='ocrx_word' id='word_1_204' title='bbox 180 2010 188 2018; x_wconf 65' lang='grc'><strong><em>’</em></strong></span> <span class='ocrx_word' id='word_1_205' title='bbox 355 2013 433 2063; x_wconf 82' lang='grc' dir='ltr'>“ὀ</span> <span class='ocrx_word' id='word_1_206' title='bbox 460 2013 871 2080; x_wconf 75' lang='grc' dir='ltr'>εὐαγγελιζόμενος</span> <span class='ocrx_word' id='word_1_207' title='bbox 898 2013 1034 2076; x_wconf 82' lang='grc' dir='ltr'>Σιὼν,</span> <span class='ocrx_word' id='word_1_208' title='bbox 1063 2016 1264 2083; x_wconf 81' lang='grc' dir='ltr'>ὕψωσον</span> <span class='ocrx_word' id='word_1_209' title='bbox 1299 2020 1356 2084; x_wconf 86' lang='grc' dir='ltr'>τῇ</span> <span class='ocrx_word' id='word_1_210' title='bbox 1389 2015 1523 2083; x_wconf 73' lang='grc' dir='ltr'>ἰσχύι</span> <span class='ocrx_word' id='word_1_211' title='bbox 1543 2015 1628 2080; x_wconf 84' lang='grc' dir='ltr'>τὴν</span> <span class='ocrx_word' id='word_1_212' title='bbox 1654 2014 1817 2083; x_wconf 90' lang='grc' dir='ltr'>φωνήν</span> <span class='ocrx_word' id='word_1_213' title='bbox 1841 2038 1933 2067; x_wconf 95' lang='grc' dir='ltr'>σου</span> 
     </span>
     <span class='ocr_line' id='line_1_24' title="bbox 370 2095 1928 2167; baseline 0.001 -21.052"><span class='ocrx_word' id='word_1_214' title='bbox 370 2096 434 2146; x_wconf 56' lang='grc' dir='ltr'>(ὁ</span> <span class='ocrx_word' id='word_1_215' title='bbox 476 2095 884 2162; x_wconf 76' lang='grc' dir='ltr'>εὐαγγελιζόμενος</span> <span class='ocrx_word' id='word_1_216' title='bbox 917 2097 1244 2163; x_wconf 86' lang='grc' dir='ltr'>Ιερουσαλήμ·</span> <span class='ocrx_word' id='word_1_217' title='bbox 1292 2098 1540 2166; x_wconf 83' lang='grc' dir='ltr'>ὑψώσατε,</span> <span class='ocrx_word' id='word_1_218' title='bbox 1581 2097 1646 2162; x_wconf 87' lang='grc' dir='ltr'>μὴ</span> <span class='ocrx_word' id='word_1_219' title='bbox 1681 2101 1928 2167; x_wconf 82' lang='grc' dir='ltr'>φοβεῖσθε·</span> 
     </span>
     <span class='ocr_line' id='line_1_25' title="bbox 356 2177 1932 2249; baseline 0.002 -21"><span class='ocrx_word' id='word_1_220' title='bbox 356 2185 382 2208; x_wconf 86' lang='grc'><strong>“</strong></span> <span class='ocrx_word' id='word_1_221' title='bbox 410 2177 507 2229; x_wconf 80' lang='grc' dir='ltr'>ἰδοὺ</span> <span class='ocrx_word' id='word_1_222' title='bbox 543 2179 567 2228; x_wconf 88' lang='grc' dir='ltr'>ὁ</span> <span class='ocrx_word' id='word_1_223' title='bbox 601 2177 722 2232; x_wconf 80' lang='grc' dir='ltr'>Θεὸς</span> <span class='ocrx_word' id='word_1_224' title='bbox 750 2179 894 2242; x_wconf 83' lang='grc' dir='ltr'>ἡμῶν,</span> <span class='ocrx_word' id='word_1_225' title='bbox 921 2179 1019 2230; x_wconf 77' lang='grc' dir='ltr'>ἰδοὺ</span> <span class='ocrx_word' id='word_1_226' title='bbox 1049 2179 1220 2246; x_wconf 80' lang='grc' dir='ltr'>Κύριος</span> <span class='ocrx_word' id='word_1_227' title='bbox 1246 2180 1363 2245; x_wconf 81' lang='grc' dir='ltr'>μετὰ</span> <span class='ocrx_word' id='word_1_228' title='bbox 1394 2179 1558 2248; x_wconf 78' lang='grc' dir='ltr'>ἰσχύος</span> <span class='ocrx_word' id='word_1_229' title='bbox 1584 2181 1779 2249; x_wconf 74' lang='grc' dir='ltr'>ἔρχεται,</span> <span class='ocrx_word' id='word_1_230' title='bbox 1805 2182 1880 2231; x_wconf 81' lang='grc' dir='ltr'>καὶ</span> <span class='ocrx_word' id='word_1_231' title='bbox 1907 2181 1932 2231; x_wconf 85' lang='grc' dir='ltr'>ὁ</span> 
     </span>
     <span class='ocr_line' id='line_1_26' title="bbox 357 2260 1999 2332; baseline 0.002 -21"><span class='ocrx_word' id='word_1_232' title='bbox 357 2266 384 2289; x_wconf 85' lang='grc'><strong>“</strong></span> <span class='ocrx_word' id='word_1_233' title='bbox 408 2260 621 2328; x_wconf 81' lang='grc' dir='ltr'>βραχίων</span> <span class='ocrx_word' id='word_1_234' title='bbox 638 2262 778 2312; x_wconf 84' lang='grc' dir='ltr'>αὑτοῦ</span> <span class='ocrx_word' id='word_1_235' title='bbox 797 2260 914 2325; x_wconf 78' lang='grc' dir='ltr'>μετὰ</span> <span class='ocrx_word' id='word_1_236' title='bbox 932 2263 1156 2328; x_wconf 84' lang='grc' dir='ltr'>κυρειάς.”</span> <span class='ocrx_word' id='word_1_237' title='bbox 1198 2263 1362 2314; x_wconf 80' lang='grc' dir='ltr'>οὐκοῦν</span> <span class='ocrx_word' id='word_1_238' title='bbox 1383 2266 1425 2314; x_wconf 84' lang='grc' dir='ltr'>οἱ</span> <span class='ocrx_word' id='word_1_239' title='bbox 1443 2262 1605 2326; x_wconf 80' lang='grc' dir='ltr'>πάλαι,</span> <span class='ocrx_word' id='word_1_240' title='bbox 1624 2264 1787 2332; x_wconf 84' lang='grc' dir='ltr'>φησὶν,</span> <span class='ocrx_word' id='word_1_241' title='bbox 1804 2262 1931 2318; x_wconf 83' lang='grc' dir='ltr'>ὅντες</span> <span class='ocrx_word' id='word_1_242' title='bbox 1951 2280 1999 2318; x_wconf 88' lang='lat'>25</span> 
     </span>
     <span class='ocr_line' id='line_1_27' title="bbox 356 2342 1929 2413; baseline 0.003 -20"><span class='ocrx_word' id='word_1_243' title='bbox 356 2344 419 2396; x_wconf 86' lang='grc' dir='ltr'>ὡς</span> <span class='ocrx_word' id='word_1_244' title='bbox 444 2342 585 2394; x_wconf 78' lang='grc' dir='ltr'>ἐσθίων</span> <span class='ocrx_word' id='word_1_245' title='bbox 612 2343 796 2407; x_wconf 62' lang='grc' dir='ltr'>πτωχὶς</span> <span class='ocrx_word' id='word_1_246' title='bbox 823 2342 980 2413; x_wconf 69' lang='grc' dir='ltr'>λάθρα,</span> <span class='ocrx_word' id='word_1_247' title='bbox 1001 2345 1258 2408; x_wconf 78' lang='grc' dir='ltr'>τουτέστιν,</span> <span class='ocrx_word' id='word_1_248' title='bbox 1282 2349 1323 2396; x_wconf 82' lang='grc' dir='ltr'>οἱ</span> <span class='ocrx_word' id='word_1_249' title='bbox 1348 2346 1618 2412; x_wconf 86' lang='grc' dir='ltr'>παῤῥησίαν</span> <span class='ocrx_word' id='word_1_250' title='bbox 1638 2346 1719 2396; x_wconf 83' lang='grc' dir='ltr'>οὐκ</span> <span class='ocrx_word' id='word_1_251' title='bbox 1735 2344 1929 2413; x_wconf 73' lang='grc' dir='ltr'>ἔχοντες,</span> 
     </span>
     <span class='ocr_line' id='line_1_28' title="bbox 137 2424 1932 2497; baseline 0.003 -23"><span class='ocrx_word' id='word_1_252' title='bbox 137 2441 219 2475; x_wconf 87' lang='grc'>573</span> <span class='ocrx_word' id='word_1_253' title='bbox 241 2439 291 2474; x_wconf 88' lang='grc' dir='ltr'>Α.</span> <span class='ocrx_word' id='word_1_254' title='bbox 317 2428 397 2476; x_wconf 74' lang='lat' dir='ltr'>aoz</span> <span class='ocrx_word' id='word_1_255' title='bbox 440 2424 708 2490; x_wconf 88' lang='grc' dir='ltr'>λεληθότως</span> <span class='ocrx_word' id='word_1_256' title='bbox 758 2427 833 2477; x_wconf 80' lang='grc' dir='ltr'>καὶ</span> <span class='ocrx_word' id='word_1_257' title='bbox 876 2426 1014 2490; x_wconf 88' lang='grc' dir='ltr'>μόλις</span> <span class='ocrx_word' id='word_1_258' title='bbox 1056 2431 1113 2494; x_wconf 85' lang='grc' dir='ltr'>τῇ</span> <span class='ocrx_word' id='word_1_259' title='bbox 1159 2432 1253 2478; x_wconf 82' lang='grc' dir='ltr'>τῶν</span> <span class='ocrx_word' id='word_1_260' title='bbox 1296 2427 1615 2479; x_wconf 87' lang='grc' dir='ltr'>πιστευόντων</span> <span class='ocrx_word' id='word_1_261' title='bbox 1655 2426 1932 2497; x_wconf 86' lang='grc' dir='ltr'>τρεφόμενοι</span> 
     </span>
    </p>
   </div>
   <div class='ocr_carea' id='block_1_3' title="bbox 357 2562 1932 2942">
    <p class='ocr_par' dir='ltr' id='par_1_3' title="bbox 357 2562 1932 2942">
     <span class='ocr_line' id='line_1_29' title="bbox 404 2562 1931 2629; baseline 0.002 -27"><span class='ocrx_word' id='word_1_262' title='bbox 404 2570 591 2627; x_wconf 39' lang='lat' dir='ltr'>&amp;suffosus</span> <span class='ocrx_word' id='word_1_263' title='bbox 607 2562 648 2605; x_wconf 56' lang='lat' dir='ltr'>b.</span> <span class='ocrx_word' id='word_1_264' title='bbox 689 2570 829 2615; x_wconf 77' lang='grc' dir='ltr'>ἀληθείᾳ</span> <span class='ocrx_word' id='word_1_265' title='bbox 847 2569 939 2604; x_wconf 86' lang='lat' dir='ltr'>Edd.</span> <span class='ocrx_word' id='word_1_266' title='bbox 1078 2617 1086 2629; x_wconf 60' lang='lat' dir='ltr'>x</span> <span class='ocrx_word' id='word_1_267' title='bbox 1129 2583 1162 2614; x_wconf 88' lang='lat'>4.</span> <span class='ocrx_word' id='word_1_268' title='bbox 1186 2570 1320 2615; x_wconf 80' lang='grc' dir='ltr'>Ἰησοῦν</span> <span class='ocrx_word' id='word_1_269' title='bbox 1335 2571 1393 2605; x_wconf 83' lang='grc' dir='ltr'>τὸν</span> <span class='ocrx_word' id='word_1_270' title='bbox 1408 2570 1512 2629; x_wconf 72' lang='grc' dir='ltr'>παῖδα</span> <span class='ocrx_word' id='word_1_271' title='bbox 1529 2584 1593 2605; x_wconf 88' lang='grc' dir='ltr'>σου</span> <span class='ocrx_word' id='word_1_272' title='bbox 1610 2581 1672 2614; x_wconf 83' lang='lat' dir='ltr'>pro</span> <span class='ocrx_word' id='word_1_273' title='bbox 1688 2585 1724 2604; x_wconf 89' lang='grc' dir='ltr'>π.</span> <span class='ocrx_word' id='word_1_274' title='bbox 1743 2585 1808 2604; x_wconf 92' lang='grc' dir='ltr'>σου</span> <span class='ocrx_word' id='word_1_275' title='bbox 1824 2569 1863 2604; x_wconf 88' lang='lat'>’1.</span> <span class='ocrx_word' id='word_1_276' title='bbox 1882 2570 1931 2605; x_wconf 92' lang='lat' dir='ltr'>D.</span> 
     </span>
     <span class='ocr_line' id='line_1_30' title="bbox 357 2617 1931 2709; baseline 0.001 -12"><span class='ocrx_word' id='word_1_277' title='bbox 357 2617 541 2698; x_wconf 52' lang='grc' dir='ltr'>ἧᾶῐῗεξῐῖιῐῃ</span> <span class='ocrx_word' id='word_1_278' title='bbox 561 2618 625 2698; x_wconf 56' lang='lat' dir='ltr'>Bm</span> <span class='ocrx_word' id='word_1_279' title='bbox 643 2629 870 2709; x_wconf 63' lang='lat' dir='ltr'><strong>assumptun?</strong></span> <span class='ocrx_word' id='word_1_280' title='bbox 877 2617 1330 2699; x_wconf 44' lang='grc' dir='ltr'>ἐζαέῖτῖίεέεεειῐὸἰῗιςιῧῖὲἓῖω</span> <span class='ocrx_word' id='word_1_281' title='bbox 1346 2629 1388 2652; x_wconf 70' lang='lat' dir='ltr'>ex</span> <span class='ocrx_word' id='word_1_282' title='bbox 1408 2617 1510 2698; x_wconf 40' lang='lat'>13⁸1?</span> <span class='ocrx_word' id='word_1_283' title='bbox 1526 2617 1806 2708; x_wconf 44' lang='lat' dir='ltr'>Effle&#39;gffllyffssvff</span> <span class='ocrx_word' id='word_1_284' title='bbox 1810 2624 1931 2699; x_wconf 55' lang='lat' dir='ltr'>[31:11er</span> 
     </span>
     <span class='ocr_line' id='line_1_31' title="bbox 358 2709 1930 2756; baseline 0.001 -13"><span class='ocrx_word' id='word_1_285' title='bbox 358 2711 596 2756; x_wconf 83' lang='grc' dir='ltr'>κατισχημένοι</span> <span class='ocrx_word' id='word_1_286' title='bbox 609 2711 651 2745; x_wconf 87' lang='grc' dir='ltr'>Β.</span> <span class='ocrx_word' id='word_1_287' title='bbox 666 2711 998 2756; x_wconf 68' lang='grc' dir='ltr'>κατεσφραγισμένα</span> <span class='ocrx_word' id='word_1_288' title='bbox 1013 2711 1105 2745; x_wconf 86' lang='lat' dir='ltr'>Edd.</span> <span class='ocrx_word' id='word_1_289' title='bbox 1154 2712 1185 2744; x_wconf 85' lang='grc' dir='ltr'>οἷ</span> <span class='ocrx_word' id='word_1_290' title='bbox 1202 2711 1436 2754; x_wconf 78' lang='grc' dir='ltr'>μαστιζόμενοι</span> <span class='ocrx_word' id='word_1_291' title='bbox 1450 2710 1575 2744; x_wconf 88' lang='lat' dir='ltr'>B.D.a.</span> <span class='ocrx_word' id='word_1_292' title='bbox 1588 2724 1624 2743; x_wconf 87' lang='grc' dir='ltr'>τε</span> <span class='ocrx_word' id='word_1_293' title='bbox 1639 2709 1729 2743; x_wconf 83' lang='lat' dir='ltr'>Edd.</span> <span class='ocrx_word' id='word_1_294' title='bbox 1787 2721 1800 2744; x_wconf 96' lang='lat'>1</span> <span class='ocrx_word' id='word_1_295' title='bbox 1811 2722 1839 2744; x_wconf 88' lang='grc' dir='ltr'>Ι.</span> <span class='ocrx_word' id='word_1_296' title='bbox 1856 2711 1930 2745; x_wconf 89' lang='grc' dir='ltr'>θλι-</span> 
     </span>
     <span class='ocr_line' id='line_1_32' title="bbox 357 2757 1932 2800; baseline 0.003 -12"><span class='ocrx_word' id='word_1_297' title='bbox 357 2758 391 2796; x_wconf 81' lang='grc' dir='ltr'>β</span> <span class='ocrx_word' id='word_1_298' title='bbox 395 2758 496 2800; x_wconf 71' lang='grc' dir='ltr'>ἱμενοι</span> <span class='ocrx_word' id='word_1_299' title='bbox 516 2758 561 2791; x_wconf 92' lang='lat' dir='ltr'>D.</span> <span class='ocrx_word' id='word_1_300' title='bbox 707 2769 760 2792; x_wconf 82' lang='lat'>12.</span> <span class='ocrx_word' id='word_1_301' title='bbox 787 2758 935 2792; x_wconf 82' lang='grc' dir='ltr'>ἐσθίοντι</span> <span class='ocrx_word' id='word_1_302' title='bbox 954 2758 1000 2792; x_wconf 91' lang='lat' dir='ltr'>D.</span> <span class='ocrx_word' id='word_1_303' title='bbox 1020 2758 1112 2793; x_wconf 87' lang='lat' dir='ltr'>Edd.</span> <span class='ocrx_word' id='word_1_304' title='bbox 1131 2758 1265 2793; x_wconf 77' lang='grc' dir='ltr'>ἕσθοντι</span> <span class='ocrx_word' id='word_1_305' title='bbox 1285 2757 1325 2791; x_wconf 87' lang='grc' dir='ltr'>Β.</span> <span class='ocrx_word' id='word_1_306' title='bbox 1329 2769 1358 2790; x_wconf 88' lang='lat' dir='ltr'>a.</span> <span class='ocrx_word' id='word_1_307' title='bbox 1361 2757 1394 2791; x_wconf 86' lang='lat' dir='ltr'>b.</span> <span class='ocrx_word' id='word_1_308' title='bbox 1540 2768 1592 2799; x_wconf 86' lang='lat'>14.</span> <span class='ocrx_word' id='word_1_309' title='bbox 1618 2757 1787 2800; x_wconf 81' lang='grc' dir='ltr'>φιλτάτην</span> <span class='ocrx_word' id='word_1_310' title='bbox 1806 2757 1851 2791; x_wconf 91' lang='lat' dir='ltr'>D.</span> <span class='ocrx_word' id='word_1_311' title='bbox 1894 2771 1932 2792; x_wconf 83' lang='grc' dir='ltr'>τε</span> 
     </span>
     <span class='ocr_line' id='line_1_33' title="bbox 359 2802 1930 2849; baseline 0.001 -14"><span class='ocrx_word' id='word_1_312' title='bbox 359 2807 581 2848; x_wconf 78' lang='lat' dir='ltr'><strong>assumptum</strong></span> <span class='ocrx_word' id='word_1_313' title='bbox 599 2816 640 2838; x_wconf 80' lang='lat' dir='ltr'>ex</span> <span class='ocrx_word' id='word_1_314' title='bbox 660 2804 705 2838; x_wconf 94' lang='lat' dir='ltr'>D.</span> <span class='ocrx_word' id='word_1_315' title='bbox 710 2817 738 2838; x_wconf 89' lang='lat' dir='ltr'>a.</span> <span class='ocrx_word' id='word_1_316' title='bbox 742 2804 776 2838; x_wconf 90' lang='lat' dir='ltr'>b.</span> <span class='ocrx_word' id='word_1_317' title='bbox 1221 2814 1271 2849; x_wconf 88' lang='lat'>15.</span> <span class='ocrx_word' id='word_1_318' title='bbox 1298 2805 1494 2848; x_wconf 82' lang='grc' dir='ltr'>Συναγωγῆς</span> <span class='ocrx_word' id='word_1_319' title='bbox 1512 2803 1553 2837; x_wconf 94' lang='lat' dir='ltr'>B.</span> <span class='ocrx_word' id='word_1_320' title='bbox 1573 2802 1662 2837; x_wconf 90' lang='lat' dir='ltr'>Edd.</span> <span class='ocrx_word' id='word_1_321' title='bbox 1682 2804 1866 2848; x_wconf 79' lang='grc' dir='ltr'>ἐπιβουλῆς</span> <span class='ocrx_word' id='word_1_322' title='bbox 1883 2804 1930 2838; x_wconf 94' lang='lat' dir='ltr'>D.</span> 
     </span>
     <span class='ocr_line' id='line_1_34' title="bbox 361 2850 1929 2898; baseline 0.002 -17"><span class='ocrx_word' id='word_1_323' title='bbox 361 2857 415 2893; x_wconf 80' lang='lat'>17.</span> <span class='ocrx_word' id='word_1_324' title='bbox 429 2850 647 2896; x_wconf 76' lang='grc' dir='ltr'>ἐπιριφθέντα</span> <span class='ocrx_word' id='word_1_325' title='bbox 660 2852 706 2885; x_wconf 91' lang='lat' dir='ltr'>D.</span> <span class='ocrx_word' id='word_1_326' title='bbox 747 2851 866 2895; x_wconf 78' lang='grc' dir='ltr'>ἀγαυοὶ</span> <span class='ocrx_word' id='word_1_327' title='bbox 880 2851 921 2886; x_wconf 89' lang='grc' dir='ltr'>Β.</span> <span class='ocrx_word' id='word_1_328' title='bbox 933 2851 1054 2897; x_wconf 82' lang='grc' dir='ltr'>ἇγαθοι</span> <span class='ocrx_word' id='word_1_329' title='bbox 1066 2851 1113 2886; x_wconf 93' lang='lat' dir='ltr'>D.</span> <span class='ocrx_word' id='word_1_330' title='bbox 1105 2853 1253 2898; x_wconf 82' lang='grc' dir='ltr'>.γαῦροι,</span> <span class='ocrx_word' id='word_1_331' title='bbox 1265 2850 1384 2895; x_wconf 82' lang='grc' dir='ltr'>ἀγαθοὶ</span> <span class='ocrx_word' id='word_1_332' title='bbox 1396 2850 1486 2884; x_wconf 83' lang='lat' dir='ltr'>Edd.</span> <span class='ocrx_word' id='word_1_333' title='bbox 1587 2861 1638 2895; x_wconf 89' lang='lat'>19.</span> <span class='ocrx_word' id='word_1_334' title='bbox 1653 2850 1870 2893; x_wconf 78' lang='grc' dir='ltr'>ἐμπλήσουσι</span> <span class='ocrx_word' id='word_1_335' title='bbox 1884 2851 1929 2885; x_wconf 93' lang='lat' dir='ltr'>D.</span> 
     </span>
     <span class='ocr_line' id='line_1_35' title="bbox 360 2896 1929 2942; baseline 0.002 -14"><span class='ocrx_word' id='word_1_336' title='bbox 360 2905 414 2928; x_wconf 85' lang='lat'>20.</span> <span class='ocrx_word' id='word_1_337' title='bbox 442 2898 459 2928; x_wconf 86' lang='grc' dir='ltr'>ὁ</span> <span class='ocrx_word' id='word_1_338' title='bbox 476 2908 531 2930; x_wconf 81' lang='lat' dir='ltr'>as</span> <span class='ocrx_word' id='word_1_339' title='bbox 525 2904 697 2942; x_wconf 84' lang='lat' dir='ltr'><strong>urnptum</strong></span> <span class='ocrx_word' id='word_1_340' title='bbox 715 2910 755 2932; x_wconf 81' lang='lat' dir='ltr'>ex</span> <span class='ocrx_word' id='word_1_341' title='bbox 776 2898 816 2932; x_wconf 85' lang='lat' dir='ltr'>B.</span> <span class='ocrx_word' id='word_1_342' title='bbox 824 2898 868 2932; x_wconf 94' lang='lat' dir='ltr'>D.</span> <span class='ocrx_word' id='word_1_343' title='bbox 1172 2909 1227 2932; x_wconf 87' lang='lat'>22.</span> <span class='ocrx_word' id='word_1_344' title='bbox 1253 2896 1347 2942; x_wconf 85' lang='grc' dir='ltr'>τῇ]’</span> <span class='ocrx_word' id='word_1_345' title='bbox 1331 2912 1365 2930; x_wconf 81' lang='grc' dir='ltr'>εν</span> <span class='ocrx_word' id='word_1_346' title='bbox 1383 2897 1428 2931; x_wconf 89' lang='lat' dir='ltr'>D.</span> <span class='ocrx_word' id='word_1_347' title='bbox 1449 2896 1567 2940; x_wconf 87' lang='lat' dir='ltr'>(XII.)</span> <span class='ocrx_word' id='word_1_348' title='bbox 1631 2898 1688 2940; x_wconf 84' lang='grc' dir='ltr'>τῆς</span> <span class='ocrx_word' id='word_1_349' title='bbox 1704 2899 1820 2942; x_wconf 83' lang='grc' dir='ltr'>φωνῆς</span> <span class='ocrx_word' id='word_1_350' title='bbox 1838 2896 1929 2931; x_wconf 91' lang='lat' dir='ltr'>Edd.</span> 
     </span>
    </p>
   </div>
   <div class='ocr_carea' id='block_1_4' title="bbox 360 2941 1929 3035">
    <p class='ocr_par' dir='ltr' id='par_1_4' title="bbox 360 2941 1929 3035">
     <span class='ocr_line' id='line_1_36' title="bbox 360 2941 1929 2989; baseline 0.001 -13"><span class='ocrx_word' id='word_1_351' title='bbox 360 2951 414 2982; x_wconf 85' lang='lat'>24.</span> <span class='ocrx_word' id='word_1_352' title='bbox 440 2941 530 2984; x_wconf 82' lang='grc' dir='ltr'>ἡμῶν</span> <span class='ocrx_word' id='word_1_353' title='bbox 546 2944 580 2977; x_wconf 75' lang='lat' dir='ltr'>hz</span> <span class='ocrx_word' id='word_1_354' title='bbox 582 2945 677 2978; x_wconf 75' lang='lat' dir='ltr'><strong>1bent</strong></span> <span class='ocrx_word' id='word_1_355' title='bbox 697 2945 737 2978; x_wconf 87' lang='lat' dir='ltr'>B.</span> <span class='ocrx_word' id='word_1_356' title='bbox 744 2945 790 2978; x_wconf 88' lang='lat' dir='ltr'>D.</span> <span class='ocrx_word' id='word_1_357' title='bbox 809 2945 851 2978; x_wconf 90' lang='lat' dir='ltr'>cf.</span> <span class='ocrx_word' id='word_1_358' title='bbox 870 2944 960 2978; x_wconf 88' lang='lat' dir='ltr'>infra</span> <span class='ocrx_word' id='word_1_359' title='bbox 974 2945 1039 2989; x_wconf 82' lang='lat'>832</span> <span class='ocrx_word' id='word_1_360' title='bbox 1058 2956 1089 2978; x_wconf 89' lang='lat' dir='ltr'>c.</span> <span class='ocrx_word' id='word_1_361' title='bbox 1232 2955 1286 2987; x_wconf 86' lang='lat'>25.</span> <span class='ocrx_word' id='word_1_362' title='bbox 1311 2944 1411 2978; x_wconf 84' lang='grc' dir='ltr'>αὐτοῦ</span> <span class='ocrx_word' id='word_1_363' title='bbox 1428 2950 1648 2989; x_wconf 82' lang='lat' dir='ltr'><strong>assumptum</strong></span> <span class='ocrx_word' id='word_1_364' title='bbox 1666 2956 1706 2978; x_wconf 82' lang='lat' dir='ltr'>ex</span> <span class='ocrx_word' id='word_1_365' title='bbox 1728 2945 1771 2978; x_wconf 88' lang='lat' dir='ltr'>D.</span> <span class='ocrx_word' id='word_1_366' title='bbox 1787 2943 1929 2988; x_wconf 79' lang='lat' dir='ltr'>(Alex.)</span> 
     </span>
     <span class='ocr_line' id='line_1_37' title="bbox 361 2987 1152 3035; baseline 0.008 -15"><span class='ocrx_word' id='word_1_367' title='bbox 361 2987 415 3021; x_wconf 84' lang='lat'>26.</span> <span class='ocrx_word' id='word_1_368' title='bbox 440 2988 564 3025; x_wconf 85' lang='grc' dir='ltr'>εσθίων</span> <span class='ocrx_word' id='word_1_369' title='bbox 582 2990 628 3024; x_wconf 91' lang='lat' dir='ltr'>D.</span> <span class='ocrx_word' id='word_1_370' title='bbox 647 2991 738 3025; x_wconf 82' lang='lat' dir='ltr'>Edd.</span> <span class='ocrx_word' id='word_1_371' title='bbox 758 2991 812 3034; x_wconf 90' lang='lat' dir='ltr'>(F</span> <span class='ocrx_word' id='word_1_372' title='bbox 831 3003 945 3035; x_wconf 84' lang='lat' dir='ltr'>Supra.</span> <span class='ocrx_word' id='word_1_373' title='bbox 951 2991 964 3035; x_wconf 86' lang='lat'>)</span> <span class='ocrx_word' id='word_1_374' title='bbox 980 2991 1092 3026; x_wconf 74' lang='grc' dir='ltr'>ἔσθων</span> <span class='ocrx_word' id='word_1_375' title='bbox 1110 2990 1152 3025; x_wconf 89' lang='grc' dir='ltr'>Β.</span> 
     </span>
    </p>
   </div>
  </div>
 </body>
</html>
