2053 3382
286 196 361 231 656

339 326 452 362 quare
487 314 580 350 duas
618 319 704 361 post
743 314 1046 352 Incarnationem

338 378 475 425 Virgas
495 377 630 413 habeat
652 379 724 414 761
746 391 764 414 c
779 378 816 415 d.
858 378 1047 420 Christus,

338 442 374 477 in
436 454 511 477 una
576 442 686 478 caula
751 443 844 479 duas
910 455 1048 492 greges

337 506 455 553 pascit
491 507 567 542 762
603 505 638 542 b.
700 505 887 549 Christus,
920 508 1046 544 Incar-

337 575 462 612 natus,
505 570 614 618 virga
651 571 820 613 Decor-is,
859 572 1046 620 praefigu-

335 639 440 669 ratus
491 636 566 670 766
615 635 652 671 b.
731 635 919 678 Christus,
959 636 1049 684 quid

338 697 562 734 Incarnatus
610 712 678 747 pro
725 700 835 736 nobis
882 701 1048 737 effecerit

337 764 414 798 766
436 775 464 799 c.
504 762 690 806 Christus,
709 777 821 812 quam
836 765 1046 801 mercedem

335 839 356 862 a
391 827 480 869 suis,
514 840 625 875 quam
661 841 682 864 a
714 829 827 870 Juda,
861 831 1049 877 acceperit

338 893 413 927 766
445 891 515 928 de.
575 891 764 935 Christus,
788 894 891 929 Deus
922 906 1044 937 verus,

335 968 381 991 ex
415 968 504 992 vero
541 957 646 1003 Deo‚·
693 964 731 994 et
769 958 814 994 de
853 958 970 1006 Lege,
1011 966 1048 996 et

336 1020 558 1069 Evangelio,
581 1034 669 1058 suos
699 1022 879 1059 instruxit
903 1025 980 1060 769
1011 1037 1044 1060 a.

335 1084 523 1127 Christus,
542 1099 654 1122 verus
674 1087 836 1130 Lucifer,
853 1088 1048 1125 immunda

335 1150 461 1186 omnia
481 1151 674 1199 dissipavit
697 1155 772 1189 788
790 1165 823 1188 e.
856 1151 1045 1196 Christus,

336 1216 526 1262 quomodo
596 1216 710 1253 fuerit
775 1222 1005 1266 ‘generatus
1017 1219 1045 1264 ;’

335 1292 430 1327 quae
472 1280 698 1317 Incarnatus
744 1281 844 1318 bona
882 1283 1046 1320 effecerit

337 1347 409 1380 791
442 1345 510 1382 bc.
567 1345 756 1388 Christus,
789 1360 884 1395 quae
914 1360 1046 1395 passus

334 1409 447 1445 fuerit
475 1423 543 1457 pro
573 1411 681 1446 nobis
710 1412 830 1447 libens
862 1415 934 1448 791
976 1413 1043 1448 cd.

336 1472 521 1518 Christus,
557 1475 688 1511 Bonus
724 1476 856 1512 Pastor
891 1477 1045 1512 demon-

336 1544 478 1574 stratur
537 1541 613 1576 792
672 1540 695 1575 b
720 1552 762 1582 c;

336 1603 404 1638 (lus
438 1609 564 1639 tamen
606 1606 681 1641 792
721 1605 795 1640 de.

831 1541 1043 1588 percutien-

855 1603 1043 1651 Christus,

335 1668 382 1703 ad
410 1668 659 1714 judicandum
693 1669 925 1706 descendens
964 1671 1046 1706 des-

335 1732 490 1768 cribitur
540 1735 616 1769 799
664 1733 701 1769 b.
785 1733 974 1776 Christus,
1023 1748 1043 1771 a

335 1797 476 1832 Davide
514 1797 641 1833 Judcx
678 1803 862 1834 venturus
900 1799 1045 1846 praedi-

334 1862 431 1897 citur
460 1864 534 1898 799
567 1862 603 1898 d.
653 1861 838 1905 Christus,
860 1863 937 1911 ipse
968 1864 1044 1900 suis

334 1926 372 1961 iu
419 1926 522 1962 caelo
574 1927 641 1962 lux
697 1927 850 1975 diesque
906 1928 1044 1964 durans

334 1990 486 2026 futurus
523 1996 581 2027 est
629 1993 706 2029 800
754 2005 783 2028 c.

335 2061 520 2102 quatenus
536 2056 650 2092 homo
667 2062 736 2098 est,
753 2062 903 2105 ternpus
914 2058 1044 2106 judicii

335 2119 454 2156 nescit
482 2122 560 2157 800
588 2121 623 2156 d.

335 2185 383 2220 sit
421 2197 507 2221 vere
554 2191 781 2233 regnaturus
833 2188 910 2224 803
961 2200 980 2223 c
1007 2187 1043 2224 d.

857 1991 1043 2036 Christus,

683 2120 871 2165 Christus,
894 2123 1044 2170 quando

336 2247 522 2291 Christus,
558 2250 636 2297 ipse
670 2250 778 2286 nobis
812 2257 869 2287 est
905 2251 1042 2287 Resur-

334 2314 462 2360 rectio,
497 2314 575 2362 ipse
610 2315 711 2356 Vita,
745 2327 827 2357 nos,
862 2322 1042 2363 tanquam

335 2379 358 2414 ii
403 2379 463 2426 qui
506 2384 627 2415 terrae
669 2379 799 2427 fruges
846 2380 1041 2428 colligunt,

335 2444 373 2478 in
408 2443 542 2479 horreo
577 2443 728 2480 coelesti
762 2444 889 2492 colligi
922 2450 1041 2492 parat,

336 2508 490 2544 Fluvius
509 2508 610 2556 pacis
638 2510 715 2545 810
738 2508 819 2554 de3
845 2509 1042 2557 justificati

335 2572 372 2607 in
426 2573 483 2608 Eo
530 2572 793 2621 scenopegiam
844 2573 1042 2610 observant

337 2639 410 2672 811
435 2649 468 2672 a.
514 2636 699 2679 Christus,
721 2637 908 2674 Gentibus
928 2651 1040 2674 excu-

336 2701 518 2737 sationem
536 2701 675 2737 ademit
696 2704 772 2739 812
790 2715 821 2739 a.
855 2702 1040 2745 Christus,

336 2765 486 2802 nomine
532 2766 715 2814 Angelus,
760 2772 894 2803 natura
939 2767 1042 2803 Deus

336 2831 412 2866 817
440 2829 510 2867 bc.
558 2830 744 2874 Christus,
766 2843 787 2867 a
815 2836 1041 2868 testamento

337 2893 550 2930 Levitarum
585 2895 768 2943 figuratus
800 2898 877 2934 836
911 2897 955 2942 d;
996 2897 1040 2932 ab

337 2970 435 3004 agno
466 2959 632 2996 Paschali
658 2962 734 2997 836
763 2973 793 2997 e.

829 196 1043 232 INDEX
1101 197 1347 233 RERUM.

854 2961 1039 3002 Christus,
1074 2971 1076 3003 ι

1674 209 1878 234 CHRISTUS.

1171 316 1365 352 incarnata
1377 316 1514 353 veritas
1531 318 1606 354 837
1622 317 1656 352 d.
1693 315 1878 358 Christus,

1171 379 1287 428 Legis
1353 381 1627 417 consummatio
1701 383 1777 417 837
1847 393 1878 416 e.

1171 442 1359 486 Christus,
1398 451 1537 492 quanta
1574 445 1681 481 nobis
1721 445 1877 492 praesti-

1169 509 1258 544 terit
1283 509 1465 545 beneficia
1493 511 1570 546 849
1600 510 1635 545 b.
1693 508 1878 551 Christus,

1170 585 1243 620 quo
1265 585 1377 609 sensu
1398 573 1446 609 sit
1460 574 1692 610 Testamenti
1707 574 1880 622 Angelus

1170 639 1246 674 850
1269 651 1298 674 c.
1338 637 1523 679 Christus,
1540 644 1682 683 natura,
1704 643 1745 674 ut
1765 639 1878 684 Deus,

1168 703 1458 750 inaspectabilis,
1475 703 1630 738 visibilis
1646 715 1712 751 per
1727 715 1878 739 carnem

1168 766 1289 802 factus
1319 773 1376 803 est
1406 769 1480 803 851
1505 767 1541 803 b.
1590 766 1777 808 Christus,
1799 767 1879 815 igni

1169 831 1390 867 conflatorio
1438 837 1677 878 comparatus
1717 833 1792 867 852
1841 831 1876 867 b.

1169 893 1356 941 Christus,
1395 895 1480 944 Ipse
1527 901 1585 932 est
1632 895 1878 932 clarissimum

1170 972 1324 996 suorum
1373 960 1634 996 indumentum
1673 962 1750 997 853
1799 960 1876 997 ab.

1169 1024 1355 1068 Christus,
1387 1024 1444 1060 sol
1473 1024 1643 1072 justitiae
1676 1031 1714 1060 et
1742 1024 1876 1060 illumi-

1167 1089 1331 1124 nationis
1352 1090 1429 1125 866
1451 1089 1519 1125 de.
1559 1088 1744 1131 Christus,
1766 1089 1878 1124 radiis

1169 1153 1315 1189 divinae
1360 1153 1538 1190 scientiae
1584 1159 1735 1189 sanctos
1773 1153 1875 1188 illus-

1167 1218 1282 1254 trabit
1334 1220 1410 1254 867
1453 1218 1485 1254 d.

1168 1283 1281 1319 modo
1333 1282 1532 1319 sanitatem
1589 1283 1626 1318 in
1684 1282 1753 1318 alis
1809 1282 1875 1318 ha-

1168 1348 1271 1384 bebit
1302 1350 1379 1385 867
1408 1361 1440 1385 e.
1500 1347 1686 1390 Christus,
1715 1361 1736 1384 a
1766 1348 1877 1384 Mose

1168 1413 1382 1461 praedictus
1446 1415 1523 1450 869
1582 1425 1613 1449 e.
1688 1412 1874 1455 Christus,

1167 1478 1360 1524 plenitudo
1395 1483 1432 1514 et
1469 1478 1581 1525 Legis
1617 1484 1654 1514 et
1692 1478 1874 1525 Prophet-

1166 1554 1272 1578 arum
1322 1544 1399 1578 870
1448 1542 1482 1577 b.
1563 1541 1749 1585 Christus,
1797 1543 1876 1578 vide

1166 1606 1285 1649 Deus,
1307 1606 1534 1648 Incarnafio,
1555 1610 1622 1643 &c.

1554 1217 1742 1259 Christus,
1783 1230 1876 1265 quo-

1112 1670 1304 1708 Christum
1357 1671 1403 1706 ad
1452 1670 1784 1706 sanctificationem
1836 1676 1875 1707 et

1167 1735 1489 1783 participationem
1499 1735 1595 1771 vitae
1608 1741 1873 1783 proponentes,

1167 1812 1324 1848 operum
1355 1800 1562 1848 thymiama
1594 1799 1780 1835 bonorum
1816 1800 1874 1836 llli

1167 1864 1358 1900 offerimus
1379 1866 1456 1900 854
1478 1877 1510 1900 a.

1113 1928 1298 1971 Cilicium,
1334 1928 1548 1965 vestimenti
1581 1941 1713 1978 genuS,
1747 1929 1874 1976 poeni-

1166 1994 1305 2030 tentiae
1363 1994 1587 2042 symbolum,
1644 1994 1873 2041 pseudopro-

1166 2058 1288 2106 phetis
1309 2058 1486 2094 usitatum
1510 2061 1585 2095 790
1606 2058 1643 2094 b.

1113 2123 1366 2165 Circumcisio,
1380 2128 1550 2158 naturam
1567 2122 1754 2158 carnalem
1769 2122 1873 2158 humi

1166 2187 1388 2234 deprimens,
1406 2199 1490 2223 cum
1506 2187 1733 2223 sublimitate
1750 2187 1871 2222 Evan-

1165 2251 1252 2300 gelii
1273 2257 1508 2299 comparatur
1533 2253 1608 2287 424
1635 2251 1680 2292 d;
1713 2263 1806 2299 quae
1825 2251 1874 2287 sit

1165 2329 1252 2352 vera
1266 2318 1342 2352 469
1357 2328 1395 2358 e;
1420 2318 1494 2353 772
1513 2328 1548 2361 ος
1571 2328 1652 2352 eam
1669 2327 1872 2364 agnoscere

1166 2380 1254 2428 quid
1274 2380 1321 2416 sit
1342 2383 1419 2417 470
1440 2381 1486 2421 b;
1517 2393 1600 2416 cum
1621 2380 1815 2427 praeputio
1834 2379 1872 2414 in

1166 2444 1340 2481 unionem
1362 2445 1590 2492 spiritualem
1613 2444 1809 2480 commista
1833 2443 1871 2478 in

1166 2508 1318 2546 Christo
1348 2513 1424 2546 473
1460 2509 1509 2556 b;
1545 2509 1745 2557 spiritualis
1779 2520 1871 2556 quae

1165 2573 1213 2610 sit
1240 2576 1316 2610 494
1345 2586 1386 2616 e;
1418 2587 1440 2610 a
1464 2573 1645 2621 Sephora„
1667 2579 1704 2609 et
1730 2585 1751 2608 a
1776 2572 1871 2609 Jesu

1164 2644 1249 2685 post
1268 2638 1403 2674 Mosen
1429 2637 1539 2680 facta,
1561 2643 1667 2685 petra
1693 2637 1869 2678 adhibita,

1164 2709 1274 2750 typus
1304 2701 1455 2743 Christi,
1482 2704 1558 2738 559
1583 2714 1627 2743 a;
1658 2700 1869 2748 spiritualis,

1165 2767 1404 2803 circumcisos
1441 2766 1581 2803 Christi
1614 2764 1869 2813 possessiones

1163 2831 1251 2867 facit
1273 2833 1350 2868 672
1372 2843 1402 2867 c.

1111 2896 1228 2932 Civile
1250 2896 1398 2941 bellum,
1419 2895 1456 2930 in
1477 2893 1694 2941 supplicium
1721 2893 1869 2930 Israelis

1164 2959 1386 3008 praedicitur
1408 2961 1482 2995 452
1505 2959 1538 2994 b.
