2070 3387
128 218 162 243 v.
189 217 314 257 9-11,
504 203 575 243 IN
619 200 1041 242 ZACHARIAM.
1102 197 1255 238 TOM.
1290 196 1350 237 II.
1631 193 1708 231 35Γ

124 311 210 375 μὲν
243 312 336 379 γὰρ
371 311 428 377 ἦν
460 314 508 362 ἐν
544 314 710 379 ἀρχαῖς
743 312 769 374 ἡ
805 315 898 360 τῶν
924 309 1162 360 Ἰουδαίων
1190 303 1471 371 Συναγωγή·
1514 300 1635 352 κατὰ
1667 304 1714 351 δε

125 417 179 460 γε
223 394 307 445 τὸν
346 393 505 460 καιρὸν
551 397 633 457 τῆς
676 399 759 444 τοῦ
803 391 1017 454 “Ροβοάμ
1062 390 1328 451 βασιλείας,
1374 384 1714 452 α’περῥάγησαν

126 481 220 526 τῶν
254 476 419 526 ἄλλων
453 479 498 526 αἱ
534 475 643 526 δέκα
679 476 828 542 φυλαῖ
861 476 934 524 καὶ
975 471 1275 542 κατῳκήκασι
1311 469 1395 533 τὴν
1432 465 1712 532 Σαμάρειαν,

125 559 219 608 ἐκεῖ
262 558 635 623 πεπορνεύκασιν
685 558 757 608 ἐπὶ
809 561 907 609 ταῖς
960 555 1195 618 δαμάλεσι
1249 558 1349 605 ταῖς
1400 553 1614 617 χρυσαῖς,
1661 544 1715 599 ἂς

85 639 471 695 5κατεσκεύασεν
514 638 762 704 Ἱεροβοὰμ
804 638 899 691 υἱὸς
942 636 1130 696 Ναβάτ.
1201 634 1331 697 πλὴν
1377 634 1458 682 οὐκ
1503 630 1593 698 ἔξω
1633 632 1715 691 τῆς

126 721 274 775 αἰτίας
306 723 333 785 ἡ
368 722 500 786 ἑτέρα
534 721 717 786 γέγονε,
746 719 987 770 τουτέστιν
1013 715 1344 783 Ἰερουσαλὴμ,
1383 713 1715 778 ε’κπεπόρνευκε

126 803 220 870 γὰρ
248 807 322 854 καὶ
349 804 465 866 αὕτη
487 803 605 854 κατὰ
631 801 843 855 πολλοὺς
863 800 969 854 τοὺς
995 799 1210 865 τρόπους·
1246 804 1384 848 τοῦτο
1402 796 1486 859 μὲν
1507 795 1714 846 εἰδώλοις
1734 805 1760 845 b

126 884 577 952 προσκεκυνηκότων
603 889 741 935 τινῶν
773 885 847 933 καὶ
880 881 1086 933 θυόντων
1110 884 1168 946 τῇ
1197 876 1348 941 Βαὰλ,
1372 883 1429 945 τῇ
1454 875 1716 942 Ἀστάρτῃ,

126 973 222 1021 τοῖς
247 972 445 1030 βουνοῖς,
471 970 538 1037 τῷ
564 967 683 1036 ἡλίῳ
712 968 785 1017 καὶ
813 963 996 1032 σελήνῃ
1024 966 1098 1014 καὶ
1131 963 1324 1028 ἄστροις
1360 962 1542 1026 ἑτέροις·
1580 963 1720 1008 τοῦτο

63 1049 176 1102 ιοδέ
210 1049 329 1116 πρὸς
362 1054 526 1101 πᾶσαν
557 1050 750 1110 ἑτοίμως
790 1047 954 1098 ἰόντων
989 1046 1298 1110 ἀκαθαρσίαν,
1332 1046 1405 1093 καὶ
1444 1042 1553 1107 παρ’
1589 1038 1720 1090 οὐδὲν

127 1131 187 1182 τὰ
213 1131 289 1182 διὰ
315 1137 397 1182 τοῦ
423 1131 680 1199 πανσόφου
709 1129 958 1183 Μωυσέως
983 1127 1333 1190 τεθεσπισμένα
1359 1125 1591 1176 τιθέντων.

203 1213 304 1266 Τὰς
331 1214 412 1264 δύο
440 1213 495 1277 δὴ
523 1213 604 1263 οὖν
630 1216 724 1262 τῶν
750 1212 806 1279 ἐξ
827 1208 1028 1276 Ἰσραὴλ
1065 1207 1351 1273 συναγωγὰς
1379 1203 1481 1257 δυσὶ
1510 1204 1720 1272 ’γυναιξὶν

128 1296 356 1362 ἀφομοιοῖ
375 1294 524 1346 πάλιν
549 1295 577 1357 ἡ
605 1293 784 1359 ὅρασις,
810 1291 862 1344 ἃς
898 1293 972 1341 καὶ
1009 1290 1235 1356 πτέρυγας
1271 1289 1437 1342 ἔποπος
1473 1287 1721 1353 ἐσχηκέναι

130 1378 295 1445 φησιν,
334 1377 409 1427 ἵνα
446 1376 532 1440 τὴν
572 1377 773 1426 ἐνοῦσαν
818 1374 972 1427 αὐτοῖς
1011 1371 1277 1437 ἀκάθαρτον
1314 1370 1508 1436 γνώμην
1547 1371 1622 1419 καὶ
1667 1367 1721 1418 τὸ

63 1483 110 1522 15
129 1458 245 1525 πρὸς
286 1463 381 1510 πᾶν
426 1459 579 1509 ὁτιοῦν
622 1461 716 1508 τῶν
761 1454 970 1506 ἐκτόπων
1014 1453 1293 1517 εὐπετὲς-εὖ
1336 1450 1468 1514 μάλα
1513 1472 1761 1513 καταση-ο

129 1540 325 1606 μήνειεν.
392 1541 416 1591 ὁ
443 1539 527 1605 μὲν
553 1539 646 1606 γὰρ
680 1535 812 1609 ἔποψ
849 1538 1102 1603 στρουθίον
1135 1537 1264 1586 ἐστὶν
1299 1535 1382 1585 οὐκ
1415 1533 1616 1597 ἄσημον,
1645 1536 1724 1599 φι-

129 1623 429 1690 λοβόρβορον
465 1622 512 1673 δὲ
544 1624 618 1673 καὶ
653 1610 964 1686 κοπροβόρον,
1001 1620 1076 1670 καὶ
1108 1623 1208 1671 ταῖς
1235 1616 1502 1679 σκωλήκων
1530 1613 1725 1680 ἀγέλαις

130 1706 304 1771 ἀγρίως
344 1703 716 1768 ε’πιμαινόμενον,
756 1705 830 1753 καὶ
872 1700 1058 1768 τρυφὴν
1096 1702 1165 1751 ἀεὶ
1203 1702 1441 1750 ποιεῖσθαι
1483 1700 1722 1747 κατειθισ-

131 1786 268 1850 μένον
305 1787 390 1851 τὴν
426 1785 634 1853 ἐσχάτην
668 1785 982 1850 ἀκαθαρσίαν.
1049 1784 1286 1833 τοιουτοσὶ
1312 1781 1366 1831 δέ
1390 1803 1490 1832 πως
1517 1780 1592 1829 καὶ
1630 1782 1725 1831 τοῖς

65 1892 114 1917 20
133 1871 563 1935 εἶδωλολατροῦσιν
606 1866 768 1918 ἔπεστι
815 1871 933 1920 νοῦς.
1000 1866 1053 1915 οὐ
1097 1863 1188 1930 γὰρ
1232 1863 1351 1914 ἰἐταί
1390 1885 1482 1913 που
1528 1858 1725 1911 κατευθὺ

131 1957 215 2002 τοῦ
241 1951 516 2017 πρέποντος·
560 1950 669 2000 ἀλλ’
700 1949 791 2017 ἔξω
827 1947 1014 2016 φέρεται
1051 1952 1134 1997 τοῦ
1171 1945 1358 2007 εἰκότος,
1385 1943 1467 1994 τὸν
1494 1947 1616 1994 θεῖον
1643 1943 1726 1992 οὐκ

133 2031 227 2109 οἶδε
261 2033 420 2096 νόμον,
462 2032 565 2082 ἔστι
602 2031 650 2081 δὲ
689 2030 881 2094 ἁπάσης
920 2027 1213 2094 ἀκαθαρσίας
1253 2027 1480 2089 ἐζαπλεως,
1517 2026 1592 2076 καὶ
1630 2028 1727 2075 πᾶν

133 2114 251 2169 εἶδος
291 2113 590 2184 φαυλότητος
635 2114 813 2178 ἡγεῖται
856 2110 1057 2180 τρυφήν.
1125 2110 1344 2177 ταύτῃτοι
1385 2110 1460 2159 καὶ
1499 2107 1725 2176 πτέρυγας

136 2197 302 2252 ἔποπος
340 2195 628 2260 ἐνηρμόσθαι
665 2200 762 2249 τοῖς
796 2196 997 2260 ’γυναίοις
1029 2195 1053 2244 ὁ
1091 2195 1172 2255 τῆς
1205 2191 1415 2258 ὁράσεως
1441 2190 1532 2256 ἔφη
1560 2189 1722 2254 λόγος,
1744 2208 1771 2248 (1

69 2302 117 2340 25
137 2278 221 2344 τὴν
258 2279 369 2342 ἴσην
403 2279 558 2347 ἐκείνῳ
591 2277 784 2343 γνώμην
820 2278 894 2327 καὶ
932 2276 1091 2329 αὐταῖς
1125 2276 1288 2324 ἐνεῖναι
1320 2272 1571 2323 διδάσκων.
1616 2275 1727 2321 ἀνοι-

138 2359 451 2426 λοιμβάνουσι
478 2359 526 2410 δὲ
551 2359 597 2411 το
624 2360 774 2427 μέτρον
800 2362 857 2426 τῇ
883 2357 1053 2425 ἀνομίᾳ
1081 2354 1460 2420 μεμεστωμένον.

191 2550 220 2573 1.
246 2539 312 2584 γὰρ
329 2549 400 2572 om.
419 2537 461 2572 C.
512 2537 547 2572 ἐν
563 2549 635 2571 om.
654 2537 749 2571 Aub.
1130 2546 1161 2569 2.
1187 2548 1227 2579 γε
1244 2545 1313 2567 om.
1335 2532 1375 2567 C.
1425 2530 1668 2576 ἀπεῤῥάγησαν
1686 2530 1726 2564 C.

139 2585 387 2631 ἀποῤῥαγεῖσαι
408 2584 500 2619 Edd.
867 2593 900 2626 3.
926 2581 979 2615 καὶ
997 2588 1220 2625 assumptum
1238 2592 1279 2614 ex
1299 2580 1339 2613 C.
1390 2579 1449 2621 τὴν
1467 2578 1563 2612 deest
1580 2579 1616 2611 in
1635 2577 1727 2611 Edd.

140 2646 174 2675 4.
200 2633 266 2666 ἐκεῖ
285 2631 372 2666 B.C.
391 2632 443 2665 καὶ
462 2630 554 2665 Edd.
708 2629 740 2664 6.
766 2629 784 2673 ἡ
803 2629 901 2673 ἑτέρα
916 2628 1036 2673 γέγονε
1056 2628 1097 2661 C.
1115 2627 1234 2672 γέγονε
1254 2626 1346 2660 B.D.
1364 2625 1494 2670 (vacuo
1517 2636 1557 2658 10
1574 2624 1644 2657 fere
1661 2625 1727 2657 litt.

141 2687 307 2724 sequente
323 2679 360 2712 in
380 2678 421 2718 B,
440 2689 543 2723 quem
564 2677 672 2711 secuti
691 2683 774 2710 sunt
792 2675 906 2719 Edd.)
1038 2683 1069 2719 7.
1096 2689 1177 2718 αυτη
1198 2674 1237 2707 C.
1288 2674 1365 2707 τοὺς
1383 2674 1606 2715 assumptum
1623 2682 1666 2704 ex
1686 2670 1726 2703 C.

142 2737 175 2771 9.
200 2728 246 2771 τῷ
265 2732 298 2759 et
315 2726 368 2759 καὶ
385 2725 481 2770 prius
499 2730 681 2769 assumpta
698 2735 738 2757 ex
759 2722 800 2757 C.
850 2721 957 2767 τούτῳ
976 2721 1056 2764 (sic)
1076 2720 1117 2755 C.
1290 2730 1343 2753 11.
1369 2717 1620 2760 τεθεσπισμένα
1639 2716 1728 2750 BC.

142 2771 416 2815 τεθεσπισμένων
435 2771 528 2805 Edd.
753 2781 806 2811 14.
833 2770 946 2803 αὐταῖς
964 2767 997 2801 b.
1217 2776 1269 2811 15.
1297 2763 1559 2808 κατασημήνειεν
1578 2763 1618 2797 C.
1635 2763 1728 2796 Edd.

144 2819 417 2862 κατασημαίνειεν
436 2818 482 2852 D.
502 2816 780 2860 κατησημαίνοιεν
798 2815 832 2850 b.
1196 2813 1248 2846 18.
1274 2812 1406 2855 τρυφὴν
1425 2810 1466 2844 C.
1485 2810 1617 2854 τροφὴν
1635 2809 1728 2843 Edd.

149 2876 201 2909 19.
227 2867 399 2899 τοιουτοσὶ
419 2865 498 2898 Bb.
516 2866 667 2899 τοιοῦτος
686 2863 727 2897 C.
748 2861 840 2897 Edd.
1087 2870 1142 2893 20.
1169 2859 1288 2893 ἔπεστι
1308 2858 1387 2892 C.b.
1407 2857 1529 2891 ὕπεστι
1549 2856 1640 2890 Edd.
1691 2857 1729 2889 οὐ

144 2912 210 2955 γὰρ
226 2910 310 2945 ἵεται
326 2926 391 2946 που
411 2911 451 2945 C.
469 2911 528 2944 οὐκ
546 2911 684 2955 ἔρχεται
704 2910 749 2943 D.
771 2908 861 2942 Edd.
1441 2915 1495 2938 22.
1521 2904 1669 2947 ἕμπλεος
1688 2902 1729 2936 C.

147 2969 202 3002 23.
229 2957 361 3038 τρυᾷέἡᾶ
382 2958 466 2992 B.C.
485 2957 616 3002 τροφήν
634 2956 726 2990 Edd.
990 2962 1045 2996 25.
1072 2953 1184 2998 ἐκείνῳ
1203 2951 1244 2987 C.
1263 2951 1394 2986 ἐκείνων
1412 2950 1505 2985 Edd.
1555 2950 1670 2986 αὐτοῖς
1689 2950 1730 2984 C.

146 3005 258 3039 αὐτοῖς
277 3005 305 3038 Ε
361 3031 367 3037 .

852 3068 962 3096 ΖΖ2
