2053 3382
244 377 289 413 16

265 1113 291 1154 d

92 2347 176 2383 847
194 2346 244 2381 A.
271 2356 294 2380 a

310 180 395 221 590
710 181 759 222 B.
804 179 1084 220 CYRILLI
1126 178 1511 220 ALEXANDR.
1676 179 1717 220 ii.
1741 190 1804 232 15,
1832 177 1895 217 16.

312 290 387 333 Καὶ
432 292 702 348 φυλάσσεσθε
747 292 792 333 ὲν
838 295 900 346 τῷ
938 291 1147 340 Πνεύματι
1189 291 1321 342 ὑμῶν,
1365 290 1433 332 καὶ
1477 286 1651 337 Γυναῖκα
1695 290 1897 333 νεὸτιιτόε

377 389 452 416 σου
495 375 550 423 μή
591 374 896 432 ὲΓκαταλίΠῌε·
952 375 1042 415 ἀλλ’
1086 374 1163 416 ἐὰν
1201 376 1382 423 μισήσας
1426 372 1750 430 ὲΕαΠοστείλῌε,
1787 373 1900 419 λεΤει

380 456 527 513 Κύριος
568 457 891 519 Παντοκράτωρ
935 457 957 500 ὁ
1004 456 1116 499 Θεὸς
1158 460 1232 499 τοῦ
1266 457 1457 514 Ἰσραὴλ,
1499 456 1682 506 καλύψει
1725 454 1900 504 ἀσέβεια

375 541 445 582 ὲΠὶ
488 539 538 581 τὰ
583 540 858 589 ἐνθυμήματα
903 540 1035 592 ὑμῶν,
1078 541 1192 588 λὲΓει
1239 540 1398 598 Κύριος·
1458 540 1526 581 καί
1571 540 1813 595 φυλάξεσθε
1856 539 1900 579 ὲν

376 626 437 678 τῷ
470 624 677 673 Πνεύματι
716 624 834 672 ὑμῶν
874 623 942 665 καὶ
980 625 1028 665 οὐ
1066 625 1123 673 μή
1163 623 1476 671 ζει-καταλίπητε
1514 623 1591 665 τὴν
1629 623 1855 666 συνθήκι-ιν.

383 777 484 825 Τοῦ
520 774 665 838 νόμου
701 779 875 843 σαφῶς
912 778 987 827 καὶ
1024 775 1298 845 ἀναφανδὸν
1334 773 1698 842 διαγορεύοντος,
1731 773 1899 842 ἐξεῖναι

308 860 405 910 τοῖς
455 856 676 908 ἐθέλουσι
727 858 1039 923 προσρίπτειν
1089 862 1190 911 ταῖς
1241 856 1653 922 συνηρμοσμέναις
1705 855 1900 916 βιβλίον

310 939 626 1001 ἀποστασίου,
679 941 753 990 καὶ
806 939 1105 1005 ἀνεγκλήτως
1157 938 1555 991 ἀπαλλάττεσθαι
1605 940 1688 1002 τῆς
1737 960 1896 1007 συνῳ-

310 1021 548 1085 κισμένης,
590 1020 734 1072 ἐδόκει
780 1044 881 1074 πως
927 1020 1260 1090 ἀντιφέρεσθαι
1301 1026 1397 1075 τοῖς
1440 1020 1592 1072 πάλαι
1637 1024 1894 1071 τεθεσπισ-

310 1102 463 1166 μένοις
489 1102 548 1153 τὰ
583 1103 658 1154 διὰ
685 1106 767 1168 τῆς
793 1109 876 1155 τοῦ
907 1104 1168 1172 Προφήτου
1195 1106 1370 1172 φωνῆς,
1397 1103 1595 1169 ἄγοντος
1629 1101 1719 1154 ὑπὸ
1754 1102 1897 1165 δίκην,

311 1187 387 1236 καὶ
435 1186 730 1251 παρανομίας
780 1185 996 1251 ἔγκλημα
1055 1184 1446 1252 καταγράφοντος
1496 1190 1578 1236 τοῦ
1628 1187 1899 1246 τολμῶντος

310 1265 497 1336 ἐξάγειν
532 1270 608 1318 καὶ
639 1267 1048 1335 ἀπονοσφίζεσθαι
1076 1266 1310 1333 γυναικός.
1365 1265 1762 1329 οἶκονομικώτατα
1795 1265 1895 1315 τοί-

312 1372 394 1400 νυν
440 1350 515 1400 διὰ
564 1354 659 1401 τῶν
703 1350 1017 1416 προκειμένων
1067 1351 1169 1400 οὕτε
1221 1349 1463 1414 ἄπρακτον
1513 1348 1764 1416 ἀποφαίνει
1812 1345 1899 1410 τὴν

312 1431 512 1498 ἀρχαίαν
558 1430 767 1495 ἐντολὴν,
819 1432 923 1482 οὕτε
973 1430 1067 1495 μὴν
1113 1431 1318 1481 ἀνοσίων
1361 1430 1711 1498 ἐγχειρημάτων
1754 1428 1899 1492 αὐτὴν

311 1517 546 1564 ποιεῖσθαι
598 1514 847 1581 πρόφασιν
896 1513 1127 1579 ἐπιτρέπει
1176 1513 1315 1563 τισίν.
1398 1513 1451 1563 οὐ
1501 1511 1594 1577 γὰρ
1652 1509 1897 1575 ἐπειδήπερ

313 1596 485 1662 ἐφῆκεν
513 1596 537 1646 ὁ
565 1594 704 1657 νόμος
730 1596 946 1646 δίδοσθαι
972 1595 1026 1645 τὸ
1051 1594 1259 1656 βιβλίον,
1285 1592 1360 1644 διὰ
1386 1599 1524 1644 τοῦτο
1557 1594 1632 1644 καὶ
1659 1592 1898 1643 ἀνεύθυνοι

313 1677 517 1731 διδόντες
556 1679 696 1739 ὑμεῖς,
735 1678 810 1728 ἵνα
843 1682 943 1730 ταῖς
982 1678 1281 1745 ἀλλοφύλοις
1318 1677 1636 1744 προσκέοισθε
1669 1677 1896 1745 γυναιξίν.

312 1759 422 1810 ἀλλ’
452 1763 488 1810 εὶ
527 1762 602 1810 καὶ
642 1759 828 1828 ἔξεστιν
859 1761 1125 1823 ἀποστῆναι
1156 1760 1364 1826 γυναίου,
1404 1761 1480 1810 καὶ
1520 1763 1726 1823 νομικαΐς
1760 1764 1899 1810 τοῦτο

310 1841 605 1907 πράττεσθαι
631 1842 831 1910 ψήφοις,
863 1842 1087 1910 φυλάξαι-
1061 1841 1184 1893 θε
1168 1866 1206 1893 εν
1232 1843 1452 1909 πνεύματι
1489 1841 1604 1909 ὑμῶν
1632 1846 1714 1891 τοῦ
1749 1863 1894 1891 κατα-

311 1929 478 1991 λεῖψαι
512 1947 711 1990 ’γυναικοι
748 1947 834 1988 την
868 1925 917 1973 ἐκ
958 1927 1155 1984 νεότητος.
1213 1929 1352 1975 τοῦτο
1386 1923 1480 1989 γὰρ
1515 1923 1715 1986 ἄμεινον,
1752 1944 1789 1972 ει
1824 1945 1898 1972 και

312 2007 482 2073 ἐφῆκεν
531 2007 556 2056 ὁ
608 2005 749 2069 νόμος
798 2010 894 2059 τοῖς
945 2006 1162 2057 ἐθέλουσι
1213 2005 1298 2070 τὴν
1347 2004 1635 2057 ἀπόστασιν.
1702 2003 1806 2056 'Edu
1851 2003 1900 2055 δὲ

311 2090 514 2155 μισήσας
535 2089 867 2161 ἐξαποστείλῃς,
895 2088 1020 2154 λέγει
1051 2089 1200 2157 Κύριος
1227 2095 1245 2140 ὁ
1275 2087 1388 2143 Θεὶς
1411 2090 1603 2158 Ἰσραήλ·
1644 2086 1899 2148 τουτέστιν,

312 2172 348 2220 εἱ
392 2169 595 2233 πιθανὴν
638 2172 712 2220 καὶ
758 2169 1027 2238 εὐάφορμον
1072 2169 1345 2234 ποιούμενος
1383 2169 1470 2233 τὴν
1507 2168 1797 2232 ἀποπομπὴν
1835 2172 1902 2237 τῷ

312 2253 488 2320 βιβλίῳ
509 2251 1004 2320 προσγράψειας”Ὀτι
1031 2252 1271 2316 μεμίσηκά
1296 2275 1358 2314 τε,
1385 2254 1460 2302 καὶ
1485 2253 1752 2302 ἀποστελῶ·
1788 2248 1899 2312 εἶτα,

317 2333 554 2403 καλόψειέ
579 2357 648 2387 τις
674 2336 869 2393 ἀσέβεια
895 2333 954 2385 τὸ,
982 2332 1265 2402 ἐνθυμήματα,
1289 2356 1394 2395 σου,
1419 2332 1680 2396 τουτέστιν,
1710 2336 1747 2383 εὶ
1772 2355 1898 2398 περι-

364 2479 440 2510 1-4.
463 2468 656 2510 καὶ-ὑμῶν
672 2468 765 2514 λέγει
785 2468 924 2514 Κύριος]
943 2469 1163 2503 Omittebant
1182 2475 1215 2503 et
1233 2469 1423 2514 pergebant
1440 2472 1610 2514 tanquam
1629 2468 1785 2503 scholion
1805 2468 1900 2512 prius

314 2514 545 2559 producentes
566 2514 657 2548 Edd.
838 2527 871 2559 3.
898 2518 958 2549 τοῦ
976 2527 1046 2550 om.
1068 2516 1103 2550 F.
1124 2515 1216 2550 Edd.
1236 2517 1370 2558 (Alex.)
1389 2516 1433 2550 cf.
1452 2516 1554 2550 infra.
1729 2528 1762 2557 4.
1787 2516 1900 2559 φυλά-

312 2561 417 2604 ξεσθε
438 2561 522 2596 B.F.
543 2561 661 2606 (106.)
679 2562 884 2606 φυλάξασθε
906 2562 997 2596 Edd.
1242 2572 1275 2605 5.
1306 2562 1401 2596 Haec
1419 2562 1479 2602 τὴν
1497 2561 1664 2605 συνθήκην
1681 2568 1902 2595 accesserunt

313 2619 353 2641 ex
376 2607 417 2641 B.
437 2608 513 2652 (22.
533 2610 575 2642 al.
582 2608 598 2653 )
836 2608 869 2642 6.
896 2608 1016 2654 νόμον]
1042 2613 1077 2649 -Q-
1099 2609 1135 2642 δὲ
1155 2608 1247 2644 Edd.
1313 2609 1365 2642 καὶ
1383 2608 1577 2653 ἀναφανδὸν
1594 2619 1662 2642 om.
1683 2607 1724 2641 Β.
1776 2607 1902 2641 Statim

313 2654 571 2699 διηγορευκότος
591 2653 682 2689 Edd.
856 2666 908 2690 10.
934 2656 976 2689 τὰ
993 2667 1063 2689 om.
1082 2655 1177 2689 Aub.
1353 2666 1406 2689 12.
1434 2654 1582 2700 ἐξάγειν]
1601 2654 1790 2699 προσάγειν
1809 2653 1900 2688 Edd.

318 2710 370 2745 15.
399 2700 597 2746 ἐπειδήπερ]
621 2705 657 2741 -Ι-
679 2702 789 2746 φησιν
806 2701 866 2736 ὶίᾶ.
1006 2711 1058 2747 17.
1086 2701 1177 2744 ἡμεῖς
1196 2701 1299 2735 Pont.
1433 2713 1487 2746 19.
1512 2700 1719 2756 φυλάξασθε
1737 2700 1840 2734 habet
1860 2700 1901 2734 Β.

313 2745 390 2791 τοῦ]
411 2748 448 2780 τὸ
467 2747 529 2781 iid.
639 2758 694 2787 21,
714 2759 769 2782 22.
793 2747 875 2782 Ἐὰν
892 2747 1172 2793 δὲ-τουτέστιν]
1191 2747 1289 2781 ’‘AM
1308 2748 1411 2782 ἐὰν-
1412 2746 1529 2792 ’ήΙσρα
1532 2750 1565 2781 λ.
1599 2746 1782 2781 Τουτεστιν
1800 2746 1902 2780 scho-

313 2793 384 2826 lion
402 2793 458 2827 hic
477 2793 672 2827 dividentes
685 2774 750 2828 ’iid.
919 2805 973 2837 24.
998 2795 1235 2839 προσγράψας
1254 2794 1389 2838 Migne.
1452 2794 1639 2838 μεμίσηκάς
1656 2807 1691 2826 τε
1709 2792 1901 2826 Aubertus.

316 2849 372 2881 24,
400 2849 455 2884 25.
491 2840 683 2874 ἀποστελῶ·
722 2855 805 2880 ειτα,
836 2841 1006 2886 καλύψειέ
1033 2856 1082 2876 τις
1111 2841 1253 2881 ἀσέβεια
1282 2842 1324 2874 τὰ
1353 2840 1565 2884 ενθυμήματά
1600 2854 1676 2879 σου,
1706 2837 1900 2894 τουτεστιν]

313 2884 507 2920 ἀποστελῶ·
530 2885 739 2931 [ἀπεστειλω
758 2886 897 2932 Migne]
921 2889 984 2921 Καὶ
1005 2887 1154 2932 καλύψει
1177 2886 1320 2927 ἀσέβεια
1340 2887 1393 2921 ε’πι
1414 2888 1455 2921 τὰ
1479 2885 1690 2930 ε’νθυμήματά
1711 2900 1786 2927 σου,
1807 2884 1901 2928 λέγει

316 2930 438 2974 Κύριος
454 2934 693 2977 παντοκράτωρ
711 2947 764 2967 και
781 2935 830 2978 φι
833 2934 1013 2979 λάξεσθε’
997 2949 1031 2969 εν
1044 2936 1090 2980 τῷ
1105 2948 1161 2969 πν.
1179 2932 1272 2977 υμῶν
1288 2935 1341 2968 καὶ
1358 2948 1398 2967 ου
1413 2933 1458 2977 μὴ
1476 2933 1734 2978 εγκαταλιπητε.
1750 2933 1901 2975 (textum

316 2981 565 3021 proponentes)
583 2979 768 3014 Τουτέστιν
788 2979 879 3015 Edd.

1920 634 1943 672 5

1924 1121 1971 1146 10

1921 1947 1970 1971 20
