2018 3387
741 701 863 738 Tow
915 703 1116 741 Αγτογ

583 849 1270 933 ΕΞΗΓΗΣΙΣ

133 1048 277 1103 ΕΙΣ
347 1052 530 1106 TON
602 1057 1129 1113 ΠΡΟΦΗΤΗΝ
1202 1062 1716 1120 ΜΑΛΑΧΙΑΝ.

525 1285 845 1340 ΤΟΜΟΣ
915 1290 1317 1347 ΠΡΩΤΟΣ.

87 1487 108 1524 5
206 1470 323 1519 ΚΑΙ
350 1472 455 1537 περὶ
481 1475 564 1536 τῆς
588 1479 672 1525 τοῦ
702 1477 963 1544 Μαλαχίου
988 1482 1279 1548 προφητείας
1311 1482 1452 1548 ὀλίγα
1484 1490 1722 1550 προειπεῖν
1740 1512 1760 1535 a
1797 1503 1875 1536 816
1893 1502 1943 1536 A.

127 1549 394 1615 ἀναγκαῖον,
431 1553 507 1604 διὰ
545 1554 599 1605 τὸ
638 1561 731 1608 τῶν
768 1558 1110 1628 ἐντευξομένων
1145 1563 1352 1627 εὐμαθὲς,
1385 1567 1460 1616 καὶ
1500 1566 1627 1621 ὅπως
1666 1567 1723 1619 ἂν

126 1631 283 1682 εἰδεῖεν
308 1632 488 1685 ἕκαστα
514 1641 608 1687 τῶν
633 1639 742 1705 παρ’
771 1641 897 1709 αὐτῷ
923 1643 1159 1706 κειμένων.

203 1717 585 1781 Πεπερασμένων
618 1727 868 1787 τοιγαροῦν
902 1727 995 1774 τῶν
1032 1728 1115 1789 τῆς
1153 1728 1485 1794 αἰχμαλωσίας
1523 1736 1716 1797 καιρῶν,

126 1794 422 1867 ἀνεκομίζετο
471 1800 556 1864 μὲν
600 1803 648 1853 ἐκ
695 1806 779 1867 τῆς
830 1808 1121 1866 Βαβυλῶνος
1172 1813 1234 1862 εἷς
1283 1808 1368 1874 τὴν
1411 1812 1643 1864 Ἰουδαίαν
1695 1816 1720 1865 ὀ

61 1876 339 1942 ιοἸσραὴλ,
380 1882 456 1931 καὶ
494 1885 556 1936 εἷς
594 1882 680 1947 τὴν
719 1886 859 1951 ἁγίαν
898 1887 1030 1941 αὖθις
1073 1890 1268 1957 ἀφίκετο
1312 1890 1469 1954 πόλιν,
1512 1894 1595 1945 τὸν
1636 1899 1720 1961 τῆς

125 1959 338 2014 δουλείας
377 1961 516 2028 ζυγὸν
554 1965 1011 2034 ἀποφορτισάμενος·
1055 1972 1130 2021 καὶ
1171 1970 1227 2035 δὴ
1263 1975 1338 2023 καὶ
1378 1976 1403 2024 ὁ
1444 1979 1563 2030 θεῖος
1601 1978 1713 2043 ἐγή-

125 2061 265 2105 γερτο
313 2041 433 2106 ναὸς,
479 2047 811 2113 ἐφεστηκότων
856 2054 952 2104 τοῖς
1000 2050 1151 2118 ε”ργοις
1200 2055 1485 2120 Ζοροβάβελ
1535 2081 1584 2109 τε
1634 2067 1717 2112 τοῦ
1735 2074 1760 2114 b

126 2123 392 2188 Σαλαθιὴλ,
424 2124 473 2180 ὃς
512 2126 570 2192 ἧν
601 2129 650 2180 ἐκ
690 2133 846 2198 φυλῆς
877 2131 1045 2195 Ἰούδα,
1073 2137 1147 2185 καὶ
1181 2136 1343 2200 Ἰησοῦ
1381 2144 1464 2189 τοῦ
1497 2138 1717 2194 Ἰωσεδὲκ

124 2209 207 2255 τοῦ
248 2206 401 2272 ἱερέως
442 2214 525 2260 τοῦ
568 2210 794 2276 μεγάλου.
852 2214 1175 2281 προεφήτευον
1217 2216 1264 2268 δὲ
1306 2218 1405 2270 κατ’
1450 2221 1593 2272 ἐκεῖνο
1633 2229 1717 2274 τοῦ

60 2306 105 2345 15
125 2292 285 2351 καιροῦ
311 2293 407 2342 τοῖς
441 2291 490 2340 ἐκ
526 2294 608 2355 τῆς
643 2296 975 2361 αἰχμαλωσίας
1011 2299 1381 2365 λελυτρωμένοις
1412 2301 1640 2367 Ἀγγαῖός
1667 2328 1716 2356 τε

123 2368 200 2418 καὶ
228 2369 480 2437 Ζαχαρίας,
502 2370 694 2440 ”Έσδρα
729 2398 778 2426 τε
815 2379 891 2427 καὶ
928 2379 1129 2441 Νεεμίου
1163 2380 1406 2432 συνόντων
1432 2385 1586 2438 αὐτοῖς
1621 2391 1714 2438 τῶν

123 2451 392 2517 ἱερουργῶν.
447 2453 713 2521 σύγχρονος
740 2455 790 2507 δὲ
817 2463 910 2511 τοῖς
935 2466 1324 2524 μνημονευθεῖσιν
1349 2464 1497 2529 ἁγίοις
1524 2468 1713 2536 προφή-

122 2552 236 2595 ταις,
263 2530 292 2596 ἣ
318 2533 468 2604 ὀλίγῳ
495 2539 569 2586 καὶ
594 2535 754 2605 βραχὺ
778 2539 875 2602 μετ’
898 2541 1095 2595 ἐκείνους
1120 2545 1196 2594 καὶ
1223 2545 1247 2594 ὁ
1275 2546 1529 2601 θεσπέσιος
1548 2548 1712 2615 γέγονε

171 2673 291 2709 Codex
311 2675 353 2711 B.
375 2675 439 2722 [D.
462 2677 529 2712 fine
554 2680 713 2719 mutilus,
731 2692 803 2715 non
828 2681 934 2716 habet
959 2683 1027 2717 nisi
1050 2683 1134 2718 folia
1159 2686 1249 2720 circa
1276 2686 1358 2728 duo,
1379 2700 1466 2734 quae
1492 2702 1554 2734 pro
1578 2691 1712 2727 viribus

122 2720 284 2767 contuli]
493 2736 569 2770 1—3.
598 2725 655 2760 Sic
674 2726 717 2761 B.
736 2727 783 2763 εἷς
800 2729 858 2762 τὸν
874 2729 1056 2774 προφήτην
1072 2733 1244 2777 μαλαχίαν
1263 2733 1310 2768 D.
1329 2737 1389 2768 τοῦ
1407 2735 1442 2769 ἐν
1458 2735 1566 2781 ἁγίοις
1582 2741 1712 2783 πατρὸς

121 2765 214 2810 ἡμῶν
230 2768 393 2812 κυρίλλου
415 2770 686 2815 ἅρχιεπισκόπου
708 2773 947 2820 ἀλεξανδρείας
968 2776 1129 2821 ἐξήγησις
1148 2779 1400 2824 ὑπομνηματικὴ
1422 2782 1469 2817 εἷς
1491 2784 1550 2817 τὸν
1571 2786 1710 2830 προφή-

121 2827 182 2856 την
199 2816 382 2859 Μαλαχίαν
400 2817 493 2851 Edd.
628 2831 661 2861 4.
691 2818 749 2854 Sic
768 2820 815 2855 D.
951 2821 983 2857 6.
1009 2823 1099 2859 ὅπως
1119 2824 1160 2859 Β.
1179 2829 1250 2861 πῶς
1268 2826 1315 2860 D.
1336 2827 1427 2861 Edd.
1573 2841 1604 2875 7.
1629 2832 1708 2876 παρ’

121 2859 210 2904 αὐτῷ
230 2860 323 2895 B.D.
341 2862 419 2905 παρ’
438 2864 540 2898 αὐτοῦ
559 2864 650 2899 Edd.
760 2877 813 2901 10.
839 2866 914 2912 τὸν]
934 2869 972 2903 τὸ
990 2870 1070 2913 (Sic)
1089 2870 1147 2906 iid.
1256 2883 1309 2907 11.
1337 2875 1389 2907 καὶ
1408 2875 1465 2908 alt.
1485 2884 1708 2922 assumptum

121 2916 162 2938 ex
184 2906 276 2940 BD.
336 2908 498 2954 ἐγήγερτο
520 2911 561 2945 Β.
580 2911 758 2957 ἐγήγερται
777 2913 824 2947 D.
843 2913 935 2948 Edd.
1083 2928 1136 2951 12.
1162 2917 1215 2963 τε]
1240 2922 1276 2959 ÷
1298 2921 1352 2954 καὶ
1371 2920 1462 2955 Edd.
1480 2922 1596 2957 invitis
1616 2924 1709 2961 B.D.

121 2951 178 3031 (116.
206 2953 337 3033 pre'ssv
356 2955 402 2989 D.
550 2958 603 2992 18.
630 2958 737 3006 ὀλίγῳ
758 2959 849 2995 B.D.
867 2960 986 3006 ὀλίγον
1004 2962 1095 2998 Edd.
1148 2963 1273 2999 Statim
1291 2967 1345 3000 καὶ
1363 2975 1586 3015 assumptum
1604 2983 1644 3005 ex
1664 2972 1707 3007 B.

146 3004 217 3032 eest
235 3010 270 3032 m
329 3026 336 3033 .

178 3064 268 3094 vot..
292 3066 339 3094 11.
887 3076 915 3113 4
936 3076 962 3101 A
