2053 3382
349 140 433 180 526
744 142 793 182 Β.
835 141 1117 182 CYRILLI
1160 143 1545 184 ALEXANDR.
1704 144 1787 185 xiv.
1811 155 1935 198 9-11.

125 318 133 319 ἶ
347 253 502 310 τοῦτο,
544 247 684 310 οἶμαι,
724 254 890 316 σοφῶς
938 251 1253 314 διοικουμένου
1293 255 1432 313 Θεοῦ,
1472 252 1546 302 ἵνα
1591 250 1655 315 μὴ
1693 253 1939 318 προκεόιτο

121 318 282 393 ?{?1z61}th.
346 328 405 379 τὰ
430 327 542 394 ἅγια
569 334 663 382 τοῖς
691 331 816 380 κυσί·
859 330 975 394 μήτε
1002 330 1095 395 μὴν
1121 331 1252 396 παρὰ
1277 336 1374 386 τοῖς
1402 334 1494 383 ὑῶν
1519 334 1667 384 ποσὶν
1694 335 1940 397 ἀτημελῶς

123 420 214 454 804
230 421 281 456 A.
304 431 325 455 a
345 410 628 476 ἐῤῥιμμένος,
654 412 678 461 ὁ
702 414 1023 476 πολυτίμητος
1049 415 1240 478 ἀληθῶς
1265 414 1606 481 περιυβρίζοιτο
1633 414 1939 481 μαργαρίτης.

343 490 473 554 πλὴν
519 493 844 544 ἀποκαλύπτει
887 493 1103 559 Χριστὸς
1149 498 1197 545 ἐν
1239 496 1480 558 Πνεύματι
1524 501 1621 550 τοῖς
1663 496 1809 564 ἀξίοις
1855 495 1941 560 τὴν

342 577 536 637 γνῶσιν,
564 574 750 628 καὶτὰς
786 581 869 626 τοῦ
903 576 1167 640 μέλλοντος
1203 581 1368 631 αἰῶνος
1405 578 1618 642 δυνάμεις
1655 579 1982 642 καθίστησιν5

341 656 560 720 ἐναργεῖς.
615 658 930 709 ἀνατυποῦται
965 658 1012 709 δὲ
1045 661 1107 712 ὡς
1132 660 1304 710 ἐπίπαν
1330 662 1392 713 ὡς
1420 660 1468 711 ε”ν
1493 682 1547 725 γε
1575 664 1670 714 τοῖς
1697 664 1942 724 αἰσθητοῖς

341 736 399 786 τὰ
427 738 718 802 κεκρυμμένα
746 741 820 789 καὶ
857 739 1015 804 νοητὰ,
1043 743 1119 791 καὶ
1150 742 1286 792 οἱονεὶ
1312 745 1456 804 σῶμα
1481 746 1576 792 τῶν
1602 742 1940 810 ἀφανεστέρων

339 817 398 868 τὰ
433 820 618 887 ἐμφανῆ
648 822 837 885 γίνεται.
895 821 987 889 ἔφη
1022 823 1191 885 τοίνυν,
1228 823 1299 874 ὅτι
1335 822 1433 873 κατ’
1461 824 1627 887 ἐκείνην
1653 823 1737 886 τὴν
1763 823 1938 894 ἡμέραν,

338 901 484 965 ἤγουν
510 901 592 951 τὸν
626 902 801 968 καιρὸν,
836 905 1232 967 μετατεθειμένων
1258 909 1352 956 τῶν
1388 905 1497 955 καθ’
1527 905 1648 968 ἡμᾶς
1683 907 1744 958 εἷς
1779 903 1934 956 καινό-

337 1005 455 1045 τητα
492 983 622 1048 ζωῆς,
660 986 1104 1053 ἀνεστοιχειωμένης
1144 986 1192 1038 δὲ
1231 989 1306 1038 καὶ
1346 988 1487 1048 αὐτῆς
1524 990 1605 1050 τῆς
1643 988 1839 1041 κτίσεως
1878 991 1939 1041 εἷς
1963 1008 2010 1034 10

293 1071 319 1112 b
339 1063 392 1114 τὸ
432 1064 620 1128 ἄμεινον
658 1065 685 1130 ὴ
719 1069 844 1133 πρὶν,
884 1068 1008 1119 ἔσται
1053 1068 1200 1136 Κύριος
1242 1069 1304 1125 εἷς
1344 1075 1421 1120 καὶ
1462 1070 1505 1120 τὸ
1546 1071 1680 1137 ὄνομα
1716 1070 1845 1119 αὐτοῦ
1881 1067 1936 1128 ἓν,

341 1149 526 1198 κυκλσῦν
562 1151 723 1200 πᾶσαν
760 1149 830 1209 τῆν
862 1149 955 1216 γ’ἦν.
1008 1150 1065 1215 ἧν
1097 1150 1181 1214 μὲν
1207 1150 1301 1217 γὰρ
1337 1153 1406 1201 ἀεὶ
1441 1152 1515 1201 καὶ
1554 1151 1655 1201 ε”στι
1691 1153 1766 1201 καὶ
1804 1150 1940 1202 ἔσται

343 1229 491 1297 Κύριος
539 1229 614 1293 εἷς,
661 1233 686 1281 ὁ
730 1231 873 1300 φύσει
917 1255 967 1283 τε
1012 1235 1087 1283 καὶ
1134 1235 1324 1297 ἀληθῶς
1371 1237 1465 1283 τῶν
1509 1232 1635 1283 ὅλων
1681 1231 1817 1294 Θεὸς,
1863 1235 1938 1283 καὶ

338 1311 638 1377 παρενεγκὼν
664 1317 726 1367 εἷς
751 1313 806 1364 τὸ
833 1312 947 1365 εἶναι
971 1313 1031 1365 τὰ
1059 1315 1141 1365 οὐκ
1174 1314 1288 1366 ὅντα
1313 1315 1441 1366 ποτέ.
1494 1313 1649 1378 ἐπειδὴ
1677 1313 1724 1364 δὲ
1754 1313 1938 1366 πεπλά-

341 1415 448 1455 νηκε
486 1392 571 1457 τὴν
609 1396 682 1446 ὑπ’
713 1395 911 1460 οὐρανὸν
948 1397 973 1446 ὁ
1009 1400 1091 1460 τῆς
1130 1397 1361 1463 ἁμαρτίας
1399 1396 1597 1463 εὑρετὴς,
1634 1395 1875 1447 τουτέστιν
1911 1398 1936 1447 ὁ
1961 1411 2007 1449 15

340 1480 565 1537 σατανᾶς,
599 1480 660 1530 εἷς
693 1481 846 1544 ψευδῆ
878 1480 954 1529 καὶ
988 1479 1203 1542 βέβηλον
1230 1480 1450 1545 λατρείαν
1477 1482 1518 1529 οἱ
1555 1477 1750 1528 δείλαιοι
1785 1501 1937 1543 παρα-

115 1564 279 1647 ἰχῑέξῖῑῖξῗ·
342 1557 675 1620 κεκομίσμεθα,
717 1563 791 1609 καὶ
833 1562 1127 1623 διετελοῦμεν
1160 1563 1207 1611 ἐν
1242 1560 1409 1630 κόσμῳ
1448 1562 1622 1627 τυφλοὶ
1663 1562 1737 1610 καὶ
1775 1562 1936 1626 μωροὶ,

344 1640 527 1704 κυρίους
553 1640 857 1706 ὀνομάζοντες
883 1641 990 1695 τοὺς
1016 1642 1392 1706 πεπλανηκότας,
1419 1644 1493 1693 καὶ
1521 1641 1574 1692 τὸ
1600 1645 1682 1705 τῆς
1719 1641 1938 1706 θεότητος

343 1720 490 1782 ὄνομα
524 1726 619 1775 τοῖς
655 1721 935 1789 ἀκαθάρτοις
972 1725 1193 1787 δαίμοσιν
1220 1724 1574 1792 ἐπιφημίζοντες
1600 1726 1808 1786 ἀμαθῶς.
1862 1727 1935 1775 καὶ

343 1802 609 1867 κεκλήμεθα
638 1804 722 1868 μὲν
749 1810 808 1858 εἷς
836 1806 1095 1871 ἐπίγνωσιν
1120 1807 1341 1871 ἀληθείας
1367 1808 1441 1857 καὶ
1468 1807 1515 1856 ἐν
1536 1809 1652 1875 τῷδε
1679 1811 1744 1875 τῷ
1770 1805 1936 1875 κόσμῳ
1959 1829 2008 1853 20

305 1884 419 1935 οδιὰ
458 1889 688 1953 Χριστοῦ,
725 1887 855 1952 πλὴν
893 1888 1232 1957 παρῳχηκότος
1272 1890 1348 1939 καὶ
1387 1892 1448 1942 εἷς
1486 1890 1632 1954 πέρας
1669 1888 1757 1953 ἤδη
1797 1886 1937 1939 κατά-

342 1990 513 2034 ραντος
537 1975 619 2020 τοῦ
645 1970 878 2035 παρόντος
905 1974 1084 2033 αἰῶνος,
1111 1972 1216 2022 τότε
1244 1971 1300 2034 δὴ
1328 1969 1431 2022 τότε
1459 1973 1533 2021 καὶ
1561 1971 1938 2038 φρενοβλαβείας

344 2048 536 2114 ἁπάσης
572 2052 628 2120 ἐξ
652 2052 782 2115 ἡμῶν
809 2052 1114 2120 ἀνῃρημένης,
1140 2053 1413 2115 τεθειμένων
1438 2076 1487 2104 τε
1523 2052 1610 2116 ἤδη
1637 2057 1730 2103 τῶν
1756 2053 1939 2119 ἐχθρῶν

346 2131 435 2183 ὑπὸ
473 2133 623 2186 πόδας
663 2137 891 2198 Χριστοῦ,
931 2134 1080 2203 Κύριος
1114 2134 1178 2189 εἷς
1211 2136 1335 2186 ἔσται
1371 2134 1540 2186 λοιπὸν
1573 2136 1647 2185 ε’πὶ
1681 2137 1840 2186 πῖισοιν
1872 2134 1938 2194 τὴν

343 2214 436 2280 γῆν,
463 2214 647 2269 οὐδενὸς
679 2217 746 2267 ἐπ’
775 2217 900 2285 αὐτῷ
929 2217 1014 2279 τὴν
1041 2220 1123 2281 τῆς
1150 2217 1418 2283 κυριότητος
1450 2215 1738 2283 ἁρπάζοντος
1773 2215 1934 2285 δόξαν.
1959 2234 2006 2271 25

348 2296 497 2366 Κύριος
524 2296 572 2348 δὲ
605 2300 679 2348 καὶ
707 2297 870 2364 ἑτέρως
898 2297 956 2353 εἷς
983 2298 1107 2349 ἔσται
1136 2297 1361 2364 Χριστὸς,
1387 2298 1721 2364 ἀπρακτούσης
1748 2298 1937 2363 ἁπάσης

398 2489 427 2512 1.
453 2480 576 2523 σαφῶς
597 2478 642 2521 D,
661 2482 695 2513 et
713 2486 753 2513 ut
769 2478 910 2513 videtur
929 2479 958 2513 C
977 2480 1089 2524 prima
1112 2491 1232 2514 manu.
1289 2480 1371 2518 Quo
1389 2487 1545 2525 tempore
1563 2492 1624 2525 per
1642 2492 1798 2514 rasuram
1817 2482 1938 2525 σοφῶς

348 2524 398 2565 fit,
418 2526 547 2559 nescio.
708 2536 740 2559 2.
768 2526 833 2560 ὑῶν
852 2526 893 2560 C.
912 2530 1005 2561 συῶν
1024 2526 1117 2561 Edd.
1283 2539 1315 2571 3.
1340 2529 1568 2571 πολυτιμητος
1586 2527 1626 2561 C.
1643 2526 1828 2570 πολύτιμος
1848 2527 1937 2562 Edd.

348 2571 381 2605 6.
407 2572 451 2607 ὡς
469 2572 527 2605 alt
545 2578 768 2617 assumptum
787 2585 828 2606 ex
849 2573 889 2607 C.
1284 2584 1315 2618 7.
1342 2578 1441 2617 σῶμα
1457 2578 1523 2608 τῶν
1542 2574 1582 2608 Β.
1603 2573 1693 2608 Edd.
1713 2574 1879 2618 σωμάτων
1897 2574 1938 2608 C.

348 2630 381 2662 9.
408 2618 682 2662 μετατεθημένων
700 2619 740 2652 C.
1109 2631 1160 2654 10.
1185 2620 1505 2665 ἀνεστοιχειωμενης
1525 2621 1566 2654 Β.
1588 2619 1678 2654 Edd.
1699 2620 1876 2665 ἀναστοιχ.
1896 2620 1937 2655 C.

353 2676 476 2709 l.9-21
507 2665 602 2699 Haec
621 2681 674 2699 και
692 2665 881 2718 κεκλήμεθα
903 2666 1066 2710 μεν-δια
1085 2669 1236 2711 Χριστοῦ
1254 2674 1477 2701 accesserunt
1494 2679 1535 2700 ex
1555 2666 1595 2701 C.
1600 2666 1645 2700 D.
1667 2665 1810 2711 [panim
1829 2667 1863 2700 in
1882 2667 1917 2701 b.
1921 2666 1936 2712 ]

352 2711 393 2745 In
414 2711 443 2745 C
462 2718 578 2745 autem
598 2712 742 2746 verbum
762 2713 913 2757 primum
937 2713 1003 2746 litt.
1023 2713 1093 2747 fene
1110 2714 1229 2748 trium.
1248 2713 1385 2759 (forsan
1407 2713 1479 2759 καὶ)
1498 2725 1634 2747 erasum
1658 2719 1721 2753 est,
1740 2714 1839 2758 cujus
1862 2714 1939 2748 loco

349 2759 416 2802 γὰρ
435 2770 539 2803 supra
557 2758 603 2793 εἷς
621 2771 729 2792 manu
748 2760 877 2793 recenti
896 2760 1185 2805 suprascliptum.
1412 2772 1466 2794 21.
1492 2760 1596 2804 πέρας
1618 2759 1656 2793 Β.
1661 2759 1701 2792 C.
1720 2759 1826 2804 πέραν
1846 2759 1937 2794 Edd.

350 2819 553 2848 ΚαΤαρΠνΤΟς
573 2804 613 2839 C·
632 2820 768 2849 ηΚΟΖΙΤΟς
786 2806 845 2840 lid.
1023 2817 1078 2851 23.
1105 2807 1310 2851 ίῐνῃρημένης
1329 2806 1369 2840 C.
1373 2807 1406 2841 b.
1425 2807 1515 2850 ἐξῃρ.
1536 2805 1627 2840 Edd.
1691 2806 1878 2849 Τεθημενων
1897 2806 1937 2841 C.

351 2850 477 2884 Statlm
496 2867 531 2885 τε
551 2852 580 2885 (
585 2852 629 2885 ..b
650 2853 685 2886 δέ
705 2852 796 2887 Edd.
995 2864 1048 2895 24.
1075 2854 1163 2887 πόδα
1183 2854 1223 2887 C.
1241 2854 1349 2887 invito
1368 2854 1402 2887 b.
1599 2862 1653 2896 25.
1681 2852 1730 2886 ἐπ’
1750 2853 1838 2899 αι”τῷ
1859 2852 1898 2887 C.
1903 2853 1936 2887 b.

349 2896 404 2929 ἀπ’
423 2898 526 2931 αὐτοῦ
545 2898 604 2932 iid.
954 2900 1007 2933 26.
1034 2899 1080 2935 εἷς
1097 2900 1194 2934 ἔσται
1213 2900 1278 2933 hoc
1296 2899 1417 2933 ordine.
1434 2898 1468 2931 b.
1490 2898 1580 2932 Fdd.
1601 2899 1738 2933 imerso
1756 2888 1877 2934 ordine
1896 2900 1935 2933 (.

348 2942 482 2986 ἁπάσης
503 2945 577 2978 (Ἴ).
598 2946 657 2987 μέν
674 2947 784 2987 πάσης
808 2946 1075 2980 E(ld.St‹1tim
1095 2961 1123 2978 τ
1116 2962 1151 2989 15
1170 2946 1249 2980 add.
1272 2947 1311 2980 (.
1332 2947 1439 2979 1111110
1458 2946 1490 2979 b.
