2049 3366
146 201 289 226 AGNUS.

146 314 374 357 Aeternitas,
396 315 542 352 futurae
564 329 705 363 poenae
727 318 804 352 623
827 327 858 351 c.

147 380 366 427 Aethiopes,
425 380 655 429 spiritualem
712 380 909 427 caliginem

202 444 416 492 significant
438 447 506 481 121
528 445 573 486 b;
598 448 674 482 563
696 445 741 486 b;
766 446 843 481 602
865 457 909 484 a:

202 508 303 553 item,
325 515 476 546 sanctae
497 510 657 546 civitatis
680 509 912 546 adversarios

203 575 280 609 562
318 585 366 618 e;
409 573 497 609 item
534 574 715 610 Ethnieos
749 573 913 609 tenebris

198 637 369 685 jacentes
399 640 476 675 602
508 638 561 684 b;
603 639 681 686 pari
715 638 797 674 loco
828 650 911 673 cum

202 701 357 738 Judaeis
377 703 561 738 aestimati
586 705 661 739 348
679 703 728 749 b3
761 702 912 751 Libyae,

203 767 434 803 Judaeorum
470 768 560 804 socii
596 771 672 805 509
705 780 752 813 c;
795 767 913 815 nigris

205 838 293 868 sunt
325 833 526 878 cordibus;
570 832 793 869 draconibus
832 845 914 879 pas-

205 902 341 934 cuntur
374 899 450 934 563
482 898 528 939 b;
568 903 605 933 et
635 896 846 938 Australes,
877 902 914 933 et

206 961 432 1003 orientales,
454 962 693 998 condemnati
714 965 787 999 601
814 962 848 998 d.

149 1026 385 1063 Afflictiones
440 1026 674 1062 nobilitatem
735 1027 915 1075 praebent

207 1094 283 1128 774
317 1104 361 1137 c;
412 1090 485 1127 Dei
523 1090 750 1127 domesticos
784 1091 913 1140 cogni-

204 1162 338 1204 tosque
359 1157 523 1193 efficiunt
545 1159 621 1194 794
643 1169 675 1193 c.

150 1220 408 1258 Afflictionum
435 1221 616 1258 terminus
643 1221 743 1257 fama
766 1227 804 1258 et
824 1221 914 1258 dcli-

206 1287 284 1323 ciae
305 1289 379 1323 401
403 1299 434 1323 c.

152 1351 279 1400 Agag,
323 1352 405 1388 Rex
452 1351 757 1394 Amalecitarum,
803 1364 916 1399 quare

208 1417 406 1453 damnatus
426 1417 539 1454 fuerit
563 1419 609 1454 13
632 1418 668 1453 d.

152 1482 347 1531 Aggaeus,
365 1483 565 1530 Propheta,
581 1481 811 1518 Judaeorum
830 1486 917 1529 post

209 1547 462 1595 captivitatem
490 1547 660 1583 fortunas
679 1551 816 1582 tractat
838 1547 914 1582 232

208 1612 258 1658 d3
295 1613 372 1649 626
402 1625 448 1658 e;
483 1612 653 1648 oratione
684 1611 800 1647 utitur
832 1623 915 1658 per-

210 1688 322 1724 quam
348 1676 508 1725 mystica
532 1678 609 1712 627
632 1687 672 1721 e;
707 1675 778 1712 Dei
803 1674 918 1723 ipsius

208 1741 323 1777 verba
350 1741 484 1778 edebat
514 1744 589 1779 628
620 1754 666 1784 c;
704 1747 743 1777 et
771 1740 853 1789 regi
881 1746 919 1776 et

209 1819 358 1843 summo
375 1806 560 1843 sacerdoti
576 1806 776 1854 alloquitur
789 1807 866 1842 629
881 1818 916 1847 a;

211 1871 404 1907 socordiae
418 1870 597 1919 populum
607 1871 832 1907 condemnat
841 1872 917 1907 629

211 1949 232 1973 c
245 1950 283 1979 e;
305 1937 396 1974 item
411 1937 542 1985 templi
557 1937 773 1973 foeditatem
789 1938 866 1974 630
881 1950 917 1979 a3

211 2002 302 2038 item
337 2001 534 2038 ambitiosa
569 2002 765 2038 domorum
798 2002 918 2050 priva-

211 2072 337 2103 torum
358 2066 543 2115 sculptilia
558 2069 635 2104 630
650 2066 673 2102 b
685 2079 694 2113 ;
717 2067 806 2103 item
822 2079 919 2103 mer—

211 2138 381 2168 catorum
397 2131 590 2168 avaritiam
607 2134 681 2169 631
698 2144 718 2168 c
728 2145 738 2178 3
759 2132 919 2168 reditum

211 2197 442 2234 Judaeorum
483 2197 722 2246 spiritualiter
763 2198 809 2234 de
848 2198 922 2234 Re-

213 2262 429 2310 demptione
462 2263 731 2311 interpretatur
765 2265 839 2300 631
875 2276 920 2309 ες

216 2328 293 2364 632
314 2327 371 2363 ab
388 2339 399 2373 3
427 2327 712 2375 Redemptionis
731 2328 923 2364 abundan-

214 2396 292 2427 tem
334 2391 495 2438 gratiam
537 2391 714 2427 describit
756 2394 833 2428 632
873 2392 896 2428 d
914 2404 924 2437 3

216 2455 365 2492 Israelis
408 2455 582 2491 inertiam
625 2468 710 2492 cum
754 2456 923 2505 gentium

217 2520 409 2557 alacritate
438 2526 630 2568 comparat
658 2523 735 2558 633
757 2534 778 2557 a
793 2521 843 2567 b3
878 2521 924 2557 ad

217 2584 515 2621 aedificationem
567 2585 700 2633 templi
754 2585 927 2621 hortatur

219 2651 296 2686 634
322 2662 344 2685 a
361 2661 372 2695 3
410 2648 531 2685 zelum
562 2648 751 2685 Ecclesiae
781 2649 926 2698 placere

218 2713 303 2750 Deo
323 2714 483 2750 affirmat
499 2716 575 2750 634
592 2726 612 2749 c
625 2726 664 2759 e3
686 2714 816 2762 templi
835 2726 929 2762 neg-

218 2778 370 2822 lectum,
401 2778 553 2826 frugum
592 2778 719 2826 inopia
755 2777 927 2826 punitum

218 2842 264 2878 iri
298 2842 492 2879 minitatur
521 2844 598 2879 635
628 2842 652 2878 b
671 2855 718 2888 e3
760 2842 928 2890 Angelus

220 2907 446 2953 nominatur,
485 2907 622 2956 quippe
660 2907 730 2943 Dei
775 2907 929 2943 nuntius

222 2973 299 3008 637
334 2971 388 3017 b3
431 2971 501 3008 Dei
541 2971 723 3019 Spiritum
762 2971 928 3008 omnium

681 190 747 226 IN
766 190 798 225 D
815 189 890 225 ΕΓ(
952 190 981 224 R
1000 189 1197 225 ERUM.

1666 194 1741 227 (3:37

1035 315 1220 351 bonorum
1246 327 1400 362 operum
1427 320 1618 352 auctorem
1646 317 1742 352 affir-

1035 386 1111 415 mat
1138 382 1214 416 637
1237 393 1281 426 e3
1320 380 1549 416 Judaeorum
1580 380 1743 417 futuram

1033 445 1316 482 conversionem
1357 446 1537 494 praedicit
1577 447 1653 482 638
1695 446 1745 491 b3

1035 510 1228 546 Christum
1276 511 1527 546 Mediatorem
1581 517 1746 547 ostentat

1036 576 1112 610 638
1136 588 1180 620 e3
1215 575 1376 623 castigat
1403 575 1654 622 querimonias
1681 588 1744 611 eo-

1034 651 1128 679 rum,
1175 640 1237 687 qui
1281 640 1409 687 templi
1454 639 1540 675 novi
1587 639 1744 687 gloriam

1035 705 1254 741 minuebant
1289 708 1365 741 639
1397 718 1417 741 a
1438 705 1486 750 d3

1034 769 1297 812 comfortatur,
1339 770 1519 818 Spiritum
1560 770 1627 806 Dei
1674 783 1747 806 una

1035 834 1274 870 conditurum
1295 847 1377 871 esse
1399 834 1589 870 affirmans
1611 836 1688 870 639
1706 847 1746 880 e;

1036 905 1160 934 motus
1199 899 1368 947 gentium
1407 899 1570 935 adventu
1605 899 1747 935 Christi

1036 963 1182 999 futuros
1209 965 1389 1012 praedicit
1414 967 1492 1000 640
1514 965 1562 1008 d3
1597 970 1635 1000 et
1664 964 1747 1012 glo-

1037 1029 1129 1065 riam
1177 1030 1351 1065 Divinam
1397 1029 1562 1066 secundo
1605 1029 1749 1079 templo

1037 1094 1233 1142 pollicetur
1254 1097 1327 1130 641
1353 1094 1375 1130 d
1390 1107 1432 1139 e;
1464 1107 1619 1142 eamque
1640 1095 1751 1143 primi

1532 705 1747 741 conditores

1037 1160 1166 1207 templi
1196 1160 1315 1207 gloria
1343 1160 1522 1208 majorem
1547 1159 1626 1196 fore
1653 1160 1750 1195 affir-

1037 1230 1115 1260 mat
1132 1227 1208 1261 642
1226 1225 1272 1271 b;
1294 1225 1440 1266 Pacem,
1459 1225 1601 1261 scilicet
1621 1225 1750 1260 Chris-

1038 1294 1116 1325 tum
1139 1289 1272 1337 ipsum,
1286 1289 1334 1325 ibi
1356 1289 1484 1325 datum
1506 1289 1549 1325 iri
1569 1289 1751 1337 praedicit

1039 1356 1116 1390 643
1155 1354 1202 1398 b;

1039 1424 1118 1455 tum
1141 1418 1297 1461 Christi,
1318 1419 1364 1454 de
1385 1418 1692 1463 sanctificatione,
1715 1425 1752 1455 et

1039 1489 1172 1519 contra
1193 1484 1238 1520 de
1257 1483 1464 1532 pollutione
1482 1484 1644 1532 explicat
1662 1486 1752 1526 644,

1040 1549 1118 1584 645
1135 1560 1146 1593 3
1166 1547 1403 1584 conditorum
1424 1548 1554 1596 templi
1575 1554 1752 1597 quaestus

1247 1353 1456 1390 doctrinam
1496 1359 1576 1390 tum
1614 1354 1750 1397 Mosis‚

1039 1612 1338 1660 intempestivos,
1360 1618 1397 1649 et
1422 1613 1633 1649 socordiam
1662 1626 1751 1650 con-

1040 1676 1193 1712 demnat
1223 1679 1300 1713 646
1332 1690 1380 1723 a3
1418 1691 1440 1713 a
1468 1678 1661 1726 voluptate
1692 1678 1754 1714 de·

1040 1741 1214 1777 hortatur
1245 1744 1321 1778 646
1344 1742 1367 1778 d
1385 1755 1430 1787 e3
1470 1742 1753 1791 negligentibus

1041 1806 1277 1843 sterilitatem
1312 1807 1507 1843 minitatur
1541 1809 1619 1844 647
1655 1808 1679 1844 b
1699 1808 1752 1854 d;

1042 1872 1204 1908 strenuis
1264 1871 1495 1908 fertilitatem
1557 1872 1755 1921 pollicetur

1043 1938 1120 1973 648
1151 1950 1173 1973 a
1192 1949 1241 1984 c3
1281 1937 1440 1985 denique
1473 1943 1596 1974 terrae
1628 1944 1755 1975 motus

1043 2006 1221 2049 tanquam
1251 2007 1337 2049 post
1365 2001 1666 2038 Incarnationem
1697 2002 1755 2038 fu-

1043 2071 1148 2102 turos
1181 2066 1317 2102 iterum
1353 2066 1533 2116 praedicit
1569 2068 1645 2103 649
1667 2066 1691 2102 b
1707 2078 1754 2112 c;

1043 2129 1179 2166 iterum
1210 2135 1418 2178 potestates
1447 2129 1576 2166 mundi
1606 2142 1758 2166 eversas

1043 2195 1088 2231 iri
1109 2197 1186 2232 649
1209 2195 1322 2241 cde3
1351 2195 1563 2243 iterumque
1584 2195 1652 2230 sub
1672 2207 1757 2243 per-

1044 2271 1138 2295 sona
1168 2259 1270 2308 regis
1305 2259 1528 2304 Zorobabel,
1561 2259 1755 2296 Christum

1045 2323 1236 2360 Ecclesiae
1262 2324 1489 2373 Principem,
1512 2330 1549 2360 et
1575 2324 1757 2360 Condito—

1044 2401 1126 2424 rum
1143 2387 1356 2424 Praesidem
1372 2388 1607 2424 demonstrat
1622 2390 1699 2425 650
1715 2388 1757 2434 d;

1048 2457 1123 2493 651
1148 2468 1181 2491 a.

992 2519 1105 2569 Agni,
1127 2520 1200 2556 duo
1228 2518 1394 2567 quotidie
1421 2518 1604 2555 immolati
1628 2525 1758 2556 sancto

1046 2583 1289 2621 tabernaculo
1347 2585 1425 2620 290
1482 2583 1506 2619 b
1528 2596 1540 2630 5
1608 2584 1757 2632 spiritu-

1047 2649 1136 2691 ales,
1170 2661 1193 2684 a
1229 2648 1393 2684 Domino
1431 2648 1551 2685 curati
1591 2651 1668 2686 746
1703 2649 1727 2685 d
1745 2661 1759 2695 3

1049 2716 1125 2751 747
1147 2725 1214 2749 ae.

994 2778 1142 2826 AgnuS,
1192 2777 1394 2820 Paschalis,
1449 2777 1591 2814 Christi
1647 2782 1760 2826 typus

1051 2844 1128 2879 836
1150 2842 1187 2878 d.

997 2907 1132 2956 Agnus
1165 2907 1407 2955 spiritualiter
1439 2907 1668 2944 sacrificatur
1702 2919 1762 2944 us-

1052 2985 1123 3020 que
1143 2972 1255 3009 hodie
1276 2974 1352 3009 617
1374 2972 1412 3009 d.
