2053 3382
326 200 410 239 586
718 199 769 240 Β.
812 197 1096 238 CYRILLI
1139 198 1525 241 ALEXANDR.
1783 202 1911 257 ii.13.

287 306 532 372 ογινέσθω
570 308 742 370 μηδεὶς,
781 305 1071 371 ἐπειγώμεθα
1110 305 1158 357 δὲ
1198 311 1389 370 μᾶλλον
1423 312 1518 360 τοῖς
1557 311 1617 362 εἰς
1657 309 1912 361 εὐπείθειαν

327 387 569 455 αὐχήμασι
607 386 690 440 τὰς
729 388 906 437 ἑαυτῶν
943 389 1334 456 καταφαιδρύνειν
1373 388 1551 458 ψυχάς.
1619 390 1911 456 ἀπρακτήσει

326 469 420 535 γὰρ
456 470 576 519 οὕτω
611 468 672 520 τὰ
707 469 763 537 ἐξ
795 471 924 534 ἀρᾶς,
960 471 1035 520 καὶ
1060 474 1156 523 τοῖς
1181 470 1238 539 ἐξ
1261 471 1375 524 ἰδίας
1402 469 1685 538 ἡμερότητος
1717 474 1912 537 ἀγαθοῖς

327 553 351 602 ὁ
379 555 471 601 τῶν
497 550 622 601 ὅλων
646 550 766 614 ἡμᾶς
791 555 1068 602 καταπιανεῖ
1090 550 1359 616 Δεσπότης.

260 841 304 877 Ι3
328 834 401 876 Καὶ
434 838 565 877 ταῦτα
599 837 623 878 ὁὶ
657 836 828 885 ἐμίσουν
856 833 1055 878 ἐποιεῖτε·
1096 836 1358 878 ὲκαλύτττετε
1394 836 1571 894 δάκρυσι
1603 837 1651 879 τὸ
1685 836 1910 880 θυσιαστή-
1931 844 1953 882 5

100 1182 188 1216 844
201 1181 250 1217 A.
280 1192 302 1216 a

98 1678 205 1727 §upra

97 1732 117 1752 1.
142 1732 187 1761 ¹3-

274 1921 300 1962 b

392 934 481 975 ριον
519 919 669 976 Κυρίου
705 918 770 961 καὶ
807 923 1011 973 κλαυθμῷ
1045 919 1112 960 καὶ
1151 924 1373 974 στεναγμῷ
1402 920 1448 961 ἐκ
1485 921 1645 962 κόπων.
1695 921 1755 962 ἔτι
1789 920 1908 964 ἄξιον

388 1002 616 1053 ἐπιβλέψαι
644 1001 703 1044 εἰς
731 1002 873 1045 Θυσίαν
902 1002 925 1044 ιὶί
954 1000 1098 1053 λαβεῖν
1127 1002 1276 1047 δεκτόν
1303 1003 1350 1045 ἐκ
1376 1004 1461 1046 τῶν
1490 1004 1643 1061 χειρῶν
1671 1004 1815 1057 [sudum

397 1174 629 1223 Πλεῖστοι
656 1172 741 1235 μὲν
761 1172 886 1238 ἦσαν
913 1173 1032 1224 κατὰ
1058 1173 1141 1225 τὸν
1169 1173 1312 1238 νόμον
1337 1178 1432 1225 τῶν
1459 1178 1637 1225 θυσιῶν
1664 1177 1705 1224 οἱ
1729 1172 1907 1240 τρόποι.

320 1257 366 1304 αἱ
401 1253 486 1317 μὲν
513 1254 607 1320 γὰρ
642 1255 1041 1322 προσεκομίζοντο
1076 1257 1175 1307 κατ’
1206 1256 1346 1324 εὐχὴν
1372 1256 1600 1319 ἑκούσιον,
1629 1259 1670 1306 οἱ
1701 1255 1748 1306 δὲ
1783 1254 1910 1319 ἦσαν

319 1336 629 1404 χαριστήριοι,
664 1340 738 1387 καὶ
771 1337 865 1401 μὴν
896 1340 970 1388 καὶ
1002 1340 1107 1403 περὶ
1146 1339 1387 1404 ἁμαρτίας.
1441 1339 1627 1390 δεκαταὶ
1663 1337 1711 1389 δὲ
1740 1338 1799 1388 αὖ
1833 1339 1908 1388 καὶ

320 1420 544 1486 ἀπαρχαὶ,
597 1422 672 1469 καὶ
724 1421 748 1469 ὁ
799 1424 882 1470 τοῦ
932 1419 1191 1487 διδράχμου
1241 1419 1439 1484 δασμὸς,
1492 1423 1554 1474 ὡς
1604 1422 1654 1471 ἐκ
1707 1424 1909 1483 νομικῶν

320 1500 626 1563 ἐνταλμάτων
652 1504 748 1554 τοῖς
783 1505 877 1551 τῶν
912 1500 1067 1566 ἱερεων
1101 1503 1458 1570 προσεφεροντο
1493 1501 1669 1567 λόγοις.
1723 1501 1910 1568 προσά-

319 1604 483 1647 γοντες
516 1583 670 1633 τοίνυν
705 1584 766 1635 εἷς
802 1584 973 1633 θυσίαν
999 1587 1066 1651 τῷ
1103 1586 1212 1633 Θεῶ
1247 1583 1306 1634 τὰ
1341 1584 1546 1646 ἑκούσια,
1582 1582 1908 1649 παρεκόμιζον,

320 1666 382 1718 ὡς
423 1664 556 1731 ἔφην,
595 1663 654 1714 τὰ
700 1662 837 1731 χωλὰ
876 1686 951 1714 και
990 1634 1154 1732 τυιφλὰ
1192 1687 1267 1715 και
1313 1663 1602 1731 ἁρπάγματα
1640 1665 1699 1716 τὰ
1737 1666 1786 1715 ἐκ
1824 1667 1909 1729 τῆς

320 1746 665 1812 αἰχμαλωσίας,
718 1748 1041 1811 ἀειλογοῦντες
1093 1745 1226 1810 κακὰ,
1277 1747 1374 1798 ἄνω
1424 1770 1473 1798 τε
1524 1749 1600 1798 καὶ
1651 1745 1777 1798 κάτω
1822 1770 1907 1811 την

319 1826 500 1894 δῄωσιν
534 1826 849 1894 ὀνομάζοντες,
887 1829 962 1878 καὶ
996 1827 1082 1892 τὴν
1115 1829 1323 1879 ἐντεῦθεν
1354 1830 1508 1882 αὐτοῖς
1542 1829 1907 1894 ἐπενηνεγμένην

319 1909 568 1976 πτωχείαν,
610 1911 757 1960 καίτοι
796 1915 879 1960 τοῦ
923 1909 1079 1961 πάντα
1125 1910 1374 1978 ἰσχύοντος
1412 1914 1537 1961 Θεοῦ
1579 1909 1697 1973 μετὰ
1734 1909 1820 1974 τὴν
1856 1912 1907 1962 ἐκ

319 1994 612 2052 Βαβυλῶνος
650 1990 877 2042 ἐπάνοδον
912 1993 1184 2062 ἀσυγκρίτῳ
1223 1991 1306 2056 μὲν
1342 1991 1507 2046 αὐτοὺς
1542 1990 1789 2058 ἡμερότητι
1824 2015 1907 2044 κα-

318 2072 690 2141 τευφραίνοντος,
730 2074 1044 2138 ἀπονέμοντος
1091 2073 1139 2125 δὲ
1183 2075 1426 2129 πλουσίως
1470 2073 1543 2137 τὰ,
1582 2072 1649 2128 οἷς
1693 2072 1750 2137 ἦν
1787 2071 1906 2128 εἰκὸς

318 2155 372 2204 οὐ
417 2155 613 2220 μετρίως
658 2156 908 2223 ἐντρυφᾶν.
982 2156 1325 2223 προσεκόμιζον
1364 2156 1519 2208 τοίνυν
1562 2160 1785 2225 κατηφεῖς
1829 2157 1904 2207 καὶ

318 2235 658 2302 δεδακρυμένοι,
695 2239 945 2305 μονονουχὶ
971 2243 1067 2291 τοῖς
1093 2238 1300 2301 θύμασιν
1325 2238 1656 2305 ἐποιμώζοντες
1688 2236 1905 2303 λέγοντές

317 2339 366 2367 τε
408 2322 503 2372 τοῖς
554 2321 809 2384 ἱερουργοῖς
849 2318 1006 2370 Ταῦτά,
1052 2321 1166 2372 ἐστιν
1211 2321 1261 2372 ἐκ
1314 2322 1473 2383 κόπων,
1516 2319 1774 2378 τουτέστιν,
1821 2319 1905 2370 οὐκ

317 2401 519 2465 ἀμογητὶ
545 2402 1013 2468 προσπεπορισμένα,
1042 2401 1267 2468 εὑρημένα
1297 2401 1345 2452 δὲ
1381 2402 1519 2465 μόλις
1547 2403 1608 2455 ὡς
1634 2401 1690 2470 ἐξ
1713 2403 1905 2467 ἱδρῶτος

317 2483 393 2532 καὶ
434 2480 598 2533 πόνου.
667 2480 776 2544 εἶτα,
822 2487 922 2536 πῶς
967 2483 1028 2534 ἔτι
1074 2485 1225 2551 φησὶν
1266 2483 1386 2553 ἄξιον
1428 2479 1695 2554 ἐπιβλέψαι
1740 2504 1798 2546 με
1843 2487 1903 2537 εἰς

1933 1363 1981 1389 10

1927 2179 1976 2205 20

317 2561 478 2626 θυσίαν,
510 2563 665 2628 ἢπῶς
700 2562 758 2615 ἂν
784 2564 849 2615 ε”τι
883 2564 1133 2628 ποιήσαιμι
1167 2563 1461 2632 παραδεκτὸν
1495 2563 1548 2616 τὸ
1583 2564 1677 2615 ἀπὸ
1712 2563 1901 2630 γνώμης
1922 2588 1971 2627 ²5

280 2646 400 2696 οοὺκ
436 2647 647 2711 ἀγαθῆςς
686 2646 811 2697 θύειν
837 2644 932 2711 γὰρ
968 2645 1229 2698 ἀκόλουθον
1263 2649 1453 2713 ἱλαρῶς,
1491 2645 1790 2713 ἑορτάζοντας
1824 2647 1900 2696 καὶ

318 2726 717 2795 εὐφραινομένους.
763 2729 838 2778 καὶ
865 2733 1004 2778 τοῦτο
1030 2724 1160 2792 οἶμαί
1181 2730 1283 2780 ἐστι
1306 2727 1361 2779 τὸ
1386 2728 1460 2779 διὰ
1486 2731 1567 2792 τῆς
1593 2732 1675 2778 τοῦ
1701 2726 1900 2778 Παύλου

368 2916 395 2938 1.
423 2905 574 2945 γενεσθω
594 2905 686 2940 Edd.
852 2917 885 2951 3.
912 2906 953 2941 τὰ
971 2913 1193 2953 assumptum
1212 2919 1253 2942 ex
1275 2907 1315 2942 B.
1485 2917 1537 2941 10.
1564 2906 1785 2951 χαριστήριον
1802 2907 1898 2943 Aub.

317 2951 449 2984 δεκαταὶ
467 2952 503 2985 δε
522 2952 578 2997 nv]
600 2953 711 2987 δεκταὶ
730 2952 862 2996 δεήσεις
881 2953 923 2987 Β.
1390 2965 1442 2998 19.
1470 2951 1509 2995 ἦν
1526 2952 1612 2988 εἰκὸς
1630 2953 1695 2989 hoc
1713 2953 1834 2989 ordine
1853 2953 1895 2989 B.

319 3007 372 3041 ²3-
399 2997 559 3041 ειρημένα
578 3007 799 3045 assumptum
818 3011 859 3034 ex
879 2999 921 3034 B.
1114 3011 1168 3044 24.
1194 3016 1233 3045 με
1254 3006 1475 3046 assumptum
1494 3011 1534 3034 ex
1556 2999 1596 3035 B.
