1997 3361
268 951 377 990 ΤΟΥ
418 953 598 991 ΑΎΤΟΎ
639 956 725 993 ΕΙΣ
766 956 880 994 TON
922 957 1106 995 ΑΎΤΟΝ
1149 959 1460 998 ΠΡΟΦῘἸΤΙΙΝ

393 1116 714 1171 ΤΟΜΟΣ
794 1119 1320 1176 ΔΕΥΤΕΡΟΣ.

254 1335 327 1377 Καὶ
354 1334 471 1386 ὑμεῖς
496 1336 692 1380 Αἰθίοπες
719 1341 973 1397 τραυματίαι
1001 1342 1218 1399 ῥομφαίας
1244 1346 1324 1393 μού
1350 1345 1459 1388 ἐστε.
1674 1371 1715 1393 12

144 1457 333 1512 Παντὸς
360 1460 662 1525 διαμέμνηται
694 1461 870 1528 γένους,
897 1464 1043 1530 ἤγουν
1068 1464 1239 1529 ἔθνους,
1266 1467 1648 1534 πεπολεμηκότος

27 1560 49 1598 5
68 1542 134 1608 τῷ
152 1540 354 1606 Ἰσραὴλ
380 1545 456 1592 καὶ
482 1542 600 1593 κατὰ
626 1547 708 1607 τῆς
734 1544 858 1599 θείας
894 1545 1034 1615 δόξης
1064 1549 1466 1617 πεφλυαρηκότος.
1529 1553 1643 1615 με’τ-

68 1644 158 1672 εισι
188 1623 342 1673 τοίνυν
368 1624 424 1693 ἐξ
445 1626 718 1689 Ἰδουμαίων
745 1629 819 1678 καὶ
846 1628 1149 1692 Ἀμμανιτῶν
1179 1633 1251 1683 ε’πῖ
1285 1632 1392 1687 τοὺς
1418 1633 1642 1698 Αἰθίοπας,
1663 1650 1689 1690 d

67 1702 96 1768 ἢ
134 1704 240 1759 τοὺς
273 1705 392 1773 πρὸς
424 1708 501 1771 ἠοῖ
530 1710 604 1758 καὶ
637 1707 755 1778 νότῳ
794 1711 1039 1774 κειμένους,
1078 1715 1152 1764 καὶ
1191 1717 1272 1778 τῆς
1313 1719 1519 1781 Περσῶν
1557 1721 1645 1784 γῆς

66 1785 151 1851 τὴν
178 1789 490 1855 ἀγχιτέρμονα
525 1797 852 1845 κατοικοῦντας
881 1793 1057 1860 χώραν·
1099 1796 1245 1860 ἤγουν
1273 1800 1557 1864 Αἰγυπτίους
1583 1803 1645 1854 ὡς

66 1867 262 1935 ὁμόρους
297 1870 435 1925 ὄντας
471 1874 546 1922 καὶ
584 1874 794 1938 γείτονας
831 1880 926 1928 τοῖς
964 1876 1021 1944 ἐξ
1055 1877 1269 1943 Ἰσραήλ·
1311 1882 1558 1936 Αἰθιοπίας
1597 1882 1645 1933 δὲ

0 1977 46 2002 10
64 1955 204 2018 μοῖρα
239 1954 313 2002 καὶ
347 1956 440 2003 τῶν
466 1955 736 2019 Αἰγυπτίων
772 1955 799 2019 ἡ
834 1959 912 2021 γῆ·
956 1960 1030 2008 καὶ
1063 1966 1178 2024 γοῦν
1211 1961 1449 2025 ποταμοὺς
1477 1967 1639 2015 Αἰθιο-

64 2034 174 2087 πίας
194 2032 431 2100 ὀνομάζειν
451 2035 553 2090 ἕθος
579 2042 674 2090 τοῖς
701 2040 835 2104 ἱεροῖς
855 2039 1103 2105 γράμμασι
1129 2042 1234 2096 τοὺς
1253 2047 1335 2108 τῆς
1353 2047 1641 2111 Αἰγυπτίων.

63 2115 253 2166 πίνουσι
292 2116 386 2182 γὰρ
423 2119 499 2167 καὶ
538 2118 667 2168 αὐτοὶ
705 2117 787 2170 τὸν
819 2119 969 2184 Γηὼν,
999 2125 1103 2188 περὶ
1142 2124 1196 2174 οὗ
1234 2133 1385 2194 φησιν
1418 2128 1446 2191 ἡ
1478 2129 1642 2198 γραφή

65 2204 92 2226 “
119 2197 273 2252 Οὗτός
297 2201 426 2249 ἐστιν
453 2201 477 2250 ὁ
504 2205 690 2251 κυκλῶν
715 2206 878 2253 πᾶσαν
908 2203 993 2267 τὴν
1031 2208 1122 2270 γῆν
1148 2209 1439 2263 Αἰθιοπίας.”
1499 2210 1642 2263 ἔσεσθε
1702 2226 1783 2257 Gen·
1802 2227 1835 2258 ii·

63 2279 218 2330 τοίνυν
262 2286 338 2331 καὶ
384 2284 505 2349 ὑμεῖς
546 2281 749 2338 Αἰθίοπες
798 2283 872 2344 τῆς
918 2285 1023 2353 ἐμῆς
1073 2292 1342 2357 τραυματίαι
1388 2295 1633 2361 ῥομφαίας.
1704 2278 1751 2310 13’

0 2384 43 2422 15
64 2361 226 2412 ἑαυτοῦ
247 2363 301 2412 δέ
315 2371 438 2430 φησι
463 2366 696 2432 ῥομφαίαν
719 2363 805 2428 τὴν
825 2370 919 2417 τῶν
937 2368 1186 2433 Ἰουδαίων,
1209 2373 1270 2424 ὡς
1290 2373 1427 2428 αὐτὸς
1452 2375 1641 2441 ἐπάγων
1659 2401 1680 2428 e

65 2442 209 2507 αὐτὴν
242 2449 336 2498 τοῖς
370 2446 571 2499 ἀνοσίως
606 2448 904 2514 πεπραχόσιν
935 2449 995 2503 ε’ίς
1026 2473 1074 2501 τε
1113 2450 1198 2516 τὴν
1225 2454 1366 2506 αὐτοῦ
1392 2456 1552 2525 δόξαν,
1579 2460 1641 2513 ὡς

65 2524 196 2593 ἔφην,
223 2528 298 2576 καὶ
323 2527 479 2589 μέντοι
505 2527 586 2578 τὸν
610 2529 823 2594 Ἰσραήλ.

136 2607 328 2671 Ἐπειδὴ
355 2608 402 2660 δὲ
429 2607 550 2661 οἶδεν
575 2611 602 2673 ἡ
630 2609 940 2666 θεόπνευστος
973 2614 1136 2682 γραφὴ
1172 2618 1247 2667 καὶ
1287 2619 1476 2682 νοητοὺς
1504 2620 1641 2674 Αἰθίο-

63 2711 170 2751 πας,
199 2689 309 2757 φέρε
341 2713 384 2740 τι
420 2693 495 2741 καὶ
526 2693 594 2743 ἐπ’
623 2694 778 2747 αὐτοῖς
810 2695 1036 2759 λέγωμεν,
1063 2698 1145 2748 οὐκ
1178 2698 1269 2766 ἔξω
1294 2701 1534 2760 βαίνοντες
1559 2707 1641 2768 τῆς

114 2858 143 2881 1.
171 2846 229 2881 Sic
248 2847 289 2881 Β.
448 2859 479 2883 2.
509 2850 566 2884 Sic
585 2850 678 2884 B.D.
833 2863 866 2896 3.
893 2852 972 2887 ἐστε
991 2852 1033 2886 Β.
1052 2854 1176 2888 ἔσεσθε
1195 2855 1232 2889 F.
1252 2855 1343 2891 Edd.
1363 2857 1459 2903 (42.)
1477 2858 1521 2894 cf.
1539 2860 1641 2897 infra.

63 2902 95 2937 5.
123 2894 181 2928 τὸν
197 2906 260 2939 pro
277 2897 322 2940 τῷ
343 2894 434 2929 Edd.
685 2898 717 2932 6.
742 2897 911 2933 Ἰουδαίων
928 2911 991 2943 pro
1008 2899 1132 2944 Ἰδουμ.
1151 2901 1210 2936 iid.
1465 2916 1497 2951 7.
1523 2905 1570 2951 ἠῶ
1587 2910 1642 2943 καὶ

64 2941 160 2974 νότον
176 2940 236 2975 iid.
300 2942 358 2983 τῆς
375 2943 519 2976 accessit
537 2955 577 2977 ex
598 2944 640 2979 Β.
842 2945 874 2979 8.
901 2945 919 2988 ἢ
938 2945 987 2979 ἐπ’
1007 2959 1069 2992 pro
1087 2950 1189 2993 ἤγουν
1206 2948 1265 2982 iid.
1472 2964 1524 2988 12.
1550 2956 1641 3000 γηὼν

66 2986 156 3020 Edd.
177 2988 290 3030 (Alex.
311 2987 370 3031 X.)
388 2990 486 3033 γειὼν
506 2989 547 3024 Β.
696 2991 747 3026 16.
774 2992 893 3026 ἑαυτοῦ
912 2992 1002 3028 Edd.
1150 3004 1202 3039 17.
1229 2999 1288 3030 τοῦ
1305 3009 1367 3042 pro
1386 3000 1443 3033 τὸν
1460 2999 1518 3036 iid.
