2053 3382
76 781 107 808 S.
124 778 201 808 Luc.

76 832 118 851 Χι.
136 834 187 859 44.

78 947 117 976 Π)
148 956 200 987 45,

83 1934 165 1961 (lun.

84 1976 164 2006 xlix.
188 1984 235 2005 ιο.

294 172 379 210 460
691 169 738 208 B.
785 167 1058 206 CYRILLI
1099 166 1482 206 ALEXANDR.
1696 166 1751 205 xi.
1778 166 1816 213 8,
1840 178 1879 218 9.

296 286 321 308 “
347 279 642 346 ἀνεφέροσαν
673 276 789 341 πρὸς
828 277 1062 336 Μωυσῆν,
1091 278 1185 324 πᾶν
1217 274 1264 323 δὲ
1299 275 1423 339 ῥῆμα
1459 271 1671 341 ἐλαφρὸν
1706 272 1882 337 ἔκρινον

296 370 322 391 “
348 360 518 411 αὐτοί.”
594 362 714 423 τρεῖς
762 356 842 406 οὖν
893 356 985 421 ἄρα
1035 355 1264 418 ποιμένες,
1318 358 1448 419 ἱερεῖς
1500 377 1550 404 τε
1605 355 1678 404 καὶ
1734 355 1884 417 κριταὶ

296 445 372 493 καὶ
421 445 514 491 τῶν
572 442 773 502 νομικῶν
822 436 1115 503 γραμμάτων
1165 436 1494 500 ἐπιστήμονες,
1549 434 1792 486 τουτέστιν
1844 437 1884 483 οἱ

298 523 491 586 νομικοί.

372 602 654 668 Εὑρήσομεν
696 601 742 652 δὲ
782 604 857 652 καὶ
896 600 1037 651 αὑτὸν
1075 600 1157 651 τὸν
1199 601 1375 666 Κύριον
1413 601 1546 664 ἡμῶν
1576 600 1767 663 Ἰησοῦν
1805 596 1928 650 τὸνὸ

297 683 514 751 Χριστὸν
549 683 858 749 ταλανίζοντα
893 682 1176 750 διῃρημένως
1213 683 1502 748 Φαρισαίους
1535 703 1585 731 τε
1621 683 1696 731 καὶ
1731 702 1884 745 γραμ-

271 768 469 830 ςματεάς
505 769 579 816 καὶ
619 765 849 828 νομικούς.
913 765 1094 832 ἔφασκε
1130 765 1223 829 γάρ
1253 771 1278 793 “
1297 765 1419 815 Οὐαὶ
1459 765 1564 826 ὑμῖν
1599 765 1888 828 γραμματεῖς

298 856 325 878 “
352 850 426 899 καὶ
462 848 759 914 Φαρισαῖοι.”
810 853 958 898 ταῦτα
995 846 1042 896 δὲ
1082 848 1273 911 λε’γοντι
1312 845 1626 912 προσυπήντα
1664 866 1733 897 τις
1766 844 1891 912 αὐτῷ

297 935 391 981 τῶν
433 935 650 993 νομικῶν,
696 929 849 994 λέγων
889 936 916 957 “
935 928 1229 989 Διδάσκαλε,
1273 933 1420 978 ταῦτα
1461 927 1615 992 λέγων
1656 927 1730 976 καὶ
1771 924 1891 988 ἡμᾶς

299 1021 326 1042 “
353 1012 563 1079 ὑβρίζεις.
641 1013 666 1062 ὁ
709 1011 755 1062 δὲ
798 1008 900 1061 εἶπέ
936 1015 1060 1077 φησι
1105 1013 1197 1060 Καὶ
1240 1011 1347 1073 ὑμῖν
1388 1014 1483 1062 τοῖς
1530 1011 1732 1069 νομικοῖς
1773 1007 1888 1064 οὐαὶ,

299 1102 326 1124 “
353 1093 422 1145 ὅτι
462 1094 699 1162 φορτίζετε
739 1092 846 1145 τοὺς
885 1091 1160 1157 ἀνθρώπους
1203 1092 1377 1159 φορτία
1417 1089 1776 1151 δυσβάστακτα,
1818 1090 1892 1137 καὶ

300 1183 327 1205 “
355 1177 484 1226 αὐτοὶ
525 1177 589 1225 ἑνὶ
628 1180 721 1225 τῶν
756 1173 1003 1225 δακτύλων
1038 1175 1165 1235 ὑμῶν
1201 1174 1254 1223 οὐ
1288 1172 1597 1240 προσψαύετε
1631 1175 1726 1224 τοῖς
1766 1175 1889 1235 φορ-

301 1265 328 1287 “
354 1259 508 1310 τίοις.”
563 1255 665 1307 οῖδα
696 1256 781 1320 μὲν
807 1257 887 1306 οὖν
915 1255 984 1306 ὅτι
1017 1257 1091 1305 καὶ
1125 1257 1165 1305 οἱ
1197 1254 1533 1315 βασιλεύοντες
1559 1252 1676 1302 κατὰ
1710 1249 1894 1315 καιροὺς

301 1341 348 1389 ἐν
374 1344 470 1393 τοῖς
496 1338 847 1404 Ἱεροσολύμοις
879 1339 926 1387 ἐκ
954 1340 1036 1401 τῆς
1062 1336 1217 1387 Ἰούδα
1243 1339 1400 1403 φυλῆς
1428 1335 1563 1403 τάξιν
1590 1332 1895 1397 ἀπεπλήρουν

301 1421 534 1484 ποιμένων
583 1425 677 1473 τοῖς
732 1420 821 1470 ὑπὸ
872 1423 1004 1485 χεῖρα
1062 1423 1210 1471 λαοῖς.
1291 1416 1446 1480 ἐπειδὴ
1499 1417 1546 1467 δὲ
1596 1414 1894 1479 γεννηθέντος

258 1514 284 1554 d
304 1506 521 1568 Χριστοῦ
560 1501 614 1552 τὸ
659 1505 752 1551 τῶν
797 1500 1042 1561 βασιλέων
1085 1501 1345 1549 ἐκλελοίπει
1390 1498 1538 1563 γένος,
1580 1498 1725 1562 ἤγουν
1766 1495 1895 1554 ἐκβέ-

305 1590 460 1647 βλητο
493 1587 574 1646 τῆς
607 1583 870 1648 ἡγεμονίας’
914 1580 1060 1648 ἦρχον
1093 1581 1186 1646 γὰρ
1218 1584 1299 1643 τῆς
1326 1579 1552 1631 Ἰουδαίας
1584 1578 1636 1628 τὸ
1666 1577 1895 1640 τηνικάδε,

306 1667 528 1731 Ἡρώδης
561 1688 609 1715 τε
644 1667 668 1715 ὁ
695 1663 1010 1728 Ἀντιπάτρου
1043 1668 1150 1714 παῖς
1178 1663 1552 1724 Ἀσκαλωνίτης,
1587 1661 1660 1710 καὶ
1696 1658 1895 1712 Πόντιος

310 1747 537 1801 Πιλάτος“
581 1745 906 1812 σεσιγήκαμεν
931 1746 1194 1810 ἀναγκαίως
1219 1743 1326 1796 τοὺς
1352 1745 1401 1793 ἐκ
1427 1746 1509 1805 τῆς
1534 1743 1687 1792 Ἰούδα
1723 1744 1893 1809 φυλῆς.

308 1829 379 1880 ὅτι
411 1828 503 1894 γὰρ
542 1828 884 1879 ε’κλελοίπεσαν
921 1826 1224 1892 γεννηθέντος
1263 1829 1496 1891 Χριστοῦ,
1534 1822 1896 1891 πληροφορήσει

307 1911 361 1962 τὸ
396 1910 719 1977 γεγραμμένον
752 1917 777 1939 “
797 1910 902 1959 Οὐκ
938 1909 1145 1975 ἐκλείψει
1182 1907 1339 1973 ἄρχων
1375 1907 1430 1974 ἐξ
1461 1906 1615 1956 Ἰούδα
1651 1907 1725 1954 καὶ
1759 1902 1897 1969 ἡγού-

308 2001 334 2023 “
361 2016 496 2055 μενος
534 1994 583 2042 ἐκ
621 1996 715 2042 τῶν
752 1995 914 2056 μηρῶν
954 1991 1112 2049 αὐτοῦ,
1155 1990 1239 2042 ἕως
1277 1988 1334 2039 ἂν
1372 1988 1488 2055 ε”λθῃ
1525 1987 1584 2038 τὰ
1620 1987 1898 2049 ἀποκείμενα

310 2083 336 2104 “
361 2076 500 2143 αὐτῷ,
532 2077 606 2124 καὶ
642 2072 793 2126 Αὐτὸς
828 2073 961 2122 ἔσται
994 2072 1258 2137 προσδοκία
1287 2071 1476 2120 ἐθνῶν.”
1529 2070 1694 2118 οὐκοῦν
1720 2067 1898 2130 ἐπειδή-

281 2186 291 2209 ⁷»
310 2180 397 2222 περ
432 2159 602 2225 ἀφῖκτο
642 2157 714 2206 καὶ
752 2153 1001 2219 γεγέννητο
1040 2152 1208 2203 λοιπὸν
1243 2153 1271 2216 ἡ
1309 2156 1404 2202 τῶν
1431 2154 1576 2202 ἐθνῶν
1610 2149 1894 2215 προσδοκία,

310 2239 525 2289 τούτεστι
565 2234 792 2302 Χριστὸς,
831 2236 1102 2285 ἐκλέλοιπεν
1141 2234 1403 2299 ἀναγκαίως
1445 2234 1604 2299 ἅρχων
1640 2232 1696 2300 ἐξ
1730 2229 1897 2291 Ἰούδα,

311 2321 385 2370 καὶ
412 2319 667 2383 ἡγούμενος
693 2319 742 2368 ἐκ
768 2321 861 2367 τῶν
888 2321 1049 2381 μηρῶν
1077 2317 1232 2366 αὐτοῦ.

384 2405 501 2470 Τρεῖς
538 2399 594 2464 δὴ
627 2401 722 2459 οὖν,
753 2402 815 2451 ὡς
853 2399 992 2466 ἔφην,
1025 2396 1238 2463 ποιμένες,
1273 2400 1401 2462 ἱερεῖς
1436 2419 1483 2446 τε
1523 2397 1598 2445 καὶ
1637 2397 1784 2459 κριταὶ
1824 2395 1898 2444 καὶ

313 2482 725 2547 νομοδιδάσκαλοι,
770 2480 811 2530 οἳ
853 2482 928 2530 καὶ
972 2479 1290 2543 μεμενήκασιν
1327 2479 1374 2527 ἐν
1410 2481 1509 2530 ταῖς
1550 2478 1681 2529 ἰδίαις
1720 2477 1897 2541 ἀρχαῖς,

362 2648 394 2682 6.
421 2647 636 2693 γραμματέας
655 2647 695 2682 C.
712 2648 918 2692 γραμματεῖς
936 2644 1029 2679 Edd.
1203 2645 1236 2677 8.
1262 2642 1486 2688 προσηπὴντα
1504 2641 1563 2675 iid.
1743 2650 1796 2673 11.
1822 2640 1899 2676 τοὺς

315 2695 509 2739 ἀνθρώπους
528 2694 568 2728 C.
586 2696 655 2730 τοῖς
672 2694 859 2737 ἀνθρώποις
876 2692 936 2726 iid.
1282 2700 1333 2724 12.
1359 2691 1427 2724 τοῖς
1444 2688 1600 2733 φορτίοις
1618 2686 1658 2720 C.
1676 2686 1788 2721 αὐτοῖς
1806 2686 1898 2721 Edd.

319 2752 372 2785 13.
400 2739 473 2775 οῖδα
490 2742 550 2785 μὲν
570 2740 758 2774 B.D.Edd.
777 2738 913 2782 οἴδαμεν
932 2738 972 2772 C.
1119 2737 1172 2770 16.
1199 2735 1406 2780 ἐκβέβληντο
1426 2735 1465 2769 C.
1620 2741 1671 2777 17.
1696 2733 1748 2766 18.
1773 2735 1811 2766 τὸ
1829 2739 1862 2766 et
1880 2734 1898 2766 ὁ

316 2794 497 2831 assumpta
515 2800 554 2821 ex
575 2787 616 2821 C.
827 2788 878 2820 18.
905 2787 1066 2819 Πόντειος
1084 2785 1242 2826 Πηλάτος
1261 2782 1302 2816 C.
1511 2791 1566 2814 20.
1591 2779 1836 2813 ἐκλελοίπεσαν
1856 2779 1898 2814 Β.

317 2834 549 2868 ἐκλελὺπεσαν
567 2833 704 2878 (ὑῒ-οἰ)
725 2832 764 2866 C.
785 2832 1043 2866 ἐκλελοίπεισαν
1062 2830 1153 2863 Edd.
1466 2837 1520 2860 21.
1547 2825 1691 2869 ἐκλήψει
1710 2824 1801 2859 Edd.
1820 2831 1899 2859 ante

318 2880 452 2923 Migne.
472 2880 604 2914 correxi
623 2892 663 2913 ex
683 2880 724 2913 C.
1078 2888 1131 2910 22.
1158 2877 1198 2909 τὰ
1215 2873 1415 2918 ἀποκείμενα
1432 2873 1521 2919 αὐτῷ
1542 2872 1587 2906 D.
1609 2871 1700 2905 Edd.
1719 2871 1769 2915 (C
1787 2872 1899 2915 prima

317 2937 424 2959 manu
442 2932 480 2959 ut
498 2926 568 2960 vid.
619 2926 736 2960 Hodie
758 2928 877 2958 tamen
900 2921 926 2970 ᾦ
943 2923 1114 2957 ἀπόκειται
1132 2934 1193 2967 per
1211 2933 1367 2955 rasuram
1385 2925 1418 2954 et
1435 2930 1542 2952 manu
1568 2918 1695 2951 recenti
1719 2918 1837 2961 habet)
1858 2918 1898 2952 C.

319 2971 363 3004 cf.
383 2983 489 3015 supra
508 2972 596 3006 221).
742 2983 795 3015 23.
824 2971 920 3005 ἔσται
940 2978 1158 3013 assumptum
1179 2980 1218 3002 ex
1240 2967 1281 3002 C.
1425 2975 1479 3009 27.
1506 2965 1544 3007 δὴ
1567 2964 1652 2998 B,C.
1671 2964 1706 2997 δέ
1725 2964 1818 2998 Aub.

1918 1030 1961 1053 [Ο

1917 1433 1964 1471 15

1919 1848 1967 1871 20
