2053 3382
303 182 386 223 606
696 181 745 220 B.
785 178 1060 221 CYRILLI
1102 177 1490 219 ALEXANDR.
1704 177 1762 218 iii.
1786 177 1825 227 6,
1851 187 1886 228 7.

301 290 384 351 τῆς
436 284 735 354 φαυλότητος
785 284 1011 350 ἐραστὰς,
1066 289 1167 338 πῶς
1216 285 1299 335 οὐκ
1349 282 1542 348 ἀμαθὲς,
1600 286 1791 346 μᾶλλον
1839 283 1888 334 δὲ

302 369 478 437 ἀπηχὲς
508 370 583 419 καὶ
617 366 811 418 ἀνόσιον
841 371 1101 429 παντελῶς,
1129 370 1204 419 καὶ
1231 368 1313 429 τῆς
1347 365 1569 416 ἀνωτάτω
1605 365 1888 425 δυσσεβείας

301 449 691 514 μεμεστωμε’νον;
739 449 853 501 ὅταν
881 449 1037 500 τοίνυν
1072 446 1162 499 ὑπὸ
1202 448 1357 514 κρίσιν
1394 446 1519 511 ’ίδητε
1559 445 1886 509 καλουμένους,

263 533 438 600 οφησῖ,
471 530 554 585 τάς
589 554 639 583 τε
673 532 782 597 παρ’
813 533 920 595 ὑμῖν
955 529 1246 599 φαρμακοὺς,
1282 528 1428 595 ἤγουν
1457 527 1677 597 ἐπῳδούς·
1719 527 1887 593 γύναια

301 612 349 664 δὲ
386 611 575 667 πάντως
611 612 796 682 ψιθυρά
833 636 883 664 τε
923 614 996 663 καὶ
1035 610 1299 679 βωμολόχα
1337 610 1489 662 ταυτί·
1535 612 1610 661 καὶ
1649 608 1755 664 τοὺς
1791 615 1927 661 τῶν5

299 694 465 762 ἑτέρων
505 699 661 746 κακῶν
704 693 1023 759 ἐπιτηδευτάς,
1067 692 1187 757 τότε,
1232 696 1397 762 φησὶν,
1438 691 1764 758 ἐπιγνώσεσθε
1809 691 1886 742 διὰ

298 775 592 842 πραγμάτων
625 778 792 839 αὐτῶν,
828 776 887 828 ’ότι
929 775 1017 842 ἐγω
1056 775 1201 844 Κύριος
1237 782 1254 827 ὁ
1291 776 1403 830 Θεός
1437 773 1568 842 ὑμῶν,
1597 774 1621 823 ὁ
1653 773 1803 824 πάλαι
1835 795 1885 824 τε

299 861 375 909 καὶ
411 864 493 909 νῦν
518 857 696 924 ἀγαθός
721 882 770 909 τε
803 860 921 922 ὁμοῦ
947 859 1022 909 καὶ
1058 856 1325 926 φιλάρετος.
1379 857 1432 907 οὐ
1458 855 1552 921 γὰρ
1579 853 1681 906 οἶδα
1707 854 1886 920 τροπὴν

298 939 328 1004 ἢ
364 941 642 992 ἀλλοίωσιν.
697 942 806 991 ἀλλ’
840 939 933 1005 ἐγὼ
971 939 1054 1003 μέν
1085 943 1176 1003 εἰμι
1215 937 1466 992 διαπαντὸς
1503 939 1578 988 καὶ
1617 936 1885 1001 ἀμεταστά-

299 1045 390 1076 τως
424 1024 554 1074 τοῦθ’
592 1023 706 1090 ὅπερ
744 1023 848 1085 εἰμί·
905 1023 1029 1083 ὑμεῖς
1074 1021 1135 1084 δὲ,
1176 1022 1313 1089 φησὶ,
1359 1021 1505 1071 καίτοι
1546 1019 1789 1085 γεγονότες
1832 1018 1889 1087 ἐξ
1908 1038 1954 1062 10

298 1103 488 1167 Ἰακὼβ,
528 1104 695 1171 ἀνδρὸς
740 1106 967 1172 φιλοθεόυ
1005 1106 1080 1155 καὶ
1120 1106 1301 1169 ἀγαθοῦ
1346 1104 1420 1153 καὶ
1465 1099 1777 1165 μεμισηκότος
1815 1102 1883 1151 ἀεὶ

81 1204 165 1239 857
180 1202 231 1237 A.
261 1186 352 1237 arb
397 1186 592 1255 ἐξήνιον,
637 1189 712 1238 καὶ
756 1190 864 1256 Θεῷ
907 1185 1224 1248 δουλεύοντος,
1265 1185 1318 1235 οὐ
1356 1189 1450 1235 τῶν
1487 1183 1658 1234 ἐκείνου
1696 1181 1884 1247 τρόπων

298 1266 523 1333 γεγόνατε
565 1268 782 1335 ζηλωταί·
842 1268 1109 1333 μεμίμησθε
1155 1267 1204 1318 δὲ
1246 1272 1437 1331 μᾶλλον
1477 1270 1571 1316 τῶν
1615 1264 1722 1316 καθ’
1767 1266 1884 1328 ὑμᾶς

299 1349 493 1418 πατέρων
519 1349 572 1400 τὸ
604 1349 787 1403 ἀπειθὲς
818 1351 892 1400 καὶ
929 1350 1226 1415 δυσάγωγον,
1254 1348 1296 1400 οἳ
1328 1350 1402 1399 καὶ
1437 1347 1607 1412 ταύτης
1639 1347 1771 1397 ἕνεκα
1800 1349 1883 1409 τῆς

299 1432 446 1485 αἰτίας
485 1430 734 1500 ἀπῴχοντο
772 1431 857 1493 μὲν
892 1431 1198 1498 αἰχμάλωτοι,
1234 1430 1318 1494 τὴν
1353 1432 1638 1497 ἐνεγκοῦσαν
1673 1429 1880 1497 ἀφέντες,
1906 1447 1950 1484 15

299 1512 631 1564 δεδουλεύκασι
671 1512 719 1564 δὲ
759 1519 853 1566 τοῖς
898 1511 1127 1581 ᾑρηκόσιν
1167 1513 1366 1579 ἐχθροῖς.
1428 1512 1678 1580 ἑξεκλίνατε
1720 1509 1768 1560 δὲ
1807 1512 1882 1560 καὶ

300 1596 426 1658 ὑμεῖς
468 1596 517 1645 ἐκ
560 1599 655 1645 τῶν
696 1596 819 1658 ε’μῶν
862 1598 1061 1662 νομίμων
1103 1599 1179 1645 καὶ
1229 1598 1304 1645 οὐκ
1349 1591 1654 1662 ἑφυλάξασθε.
1716 1592 1882 1642 οὐκοῦν

299 1678 324 1726 ὁ
349 1675 434 1739 μὲν
463 1675 582 1730 Θεὸς
617 1676 845 1743 ἄτρεπτος
881 1678 966 1736 ἀεὶ,
997 1680 1069 1726 καὶ
1106 1678 1239 1726 οἱονεὶ
1270 1674 1492 1741 πεπηγὼς
1519 1678 1581 1727 εἷς
1605 1673 1659 1724 τὸ
1686 1671 1879 1738 ἀγαθὸν,

298 1760 371 1808 καὶ
412 1758 701 1824 ἀκράδαντος
739 1761 801 1811 εἷς
840 1757 1155 1820 δικαιοσύνην·
1205 1760 1246 1807 οἱ
1286 1757 1332 1807 δὲ
1365 1755 1594 1821 γεγόνασι
1631 1757 1880 1822 μονονουχὶ

253 1849 280 1889 b
299 1839 351 1890 τὸ
397 1840 627 1905 ἄτρεπτον
665 1842 713 1890 ἐν
751 1841 889 1908 κακίᾳ
931 1838 1243 1905 τετηρηκότες,
1289 1840 1362 1889 καὶ
1408 1840 1490 1902 τῆς
1534 1841 1628 1888 τῶν
1666 1836 1880 1902 πατέρων
1901 1857 1950 1882 20

297 1922 601 1985 ἀνοσιότητος
628 1922 811 1987 ἄριστοι
837 1921 1046 1984 μιμηταί.

370 2003 525 2054 Τοῦτό
559 2027 650 2055 που
685 2005 759 2053 καὶ
795 2004 820 2053 ὁ
859 2000 1070 2068 Χριστὸς
1110 2002 1369 2067 εὑρίσκεται
1408 2000 1579 2065 λε’γων.
1648 1999 1879 2065 ταλανίζει

296 2083 382 2147 μὲν
438 2084 530 2152 γὰρ
592 2084 778 2139 εἰκότως
836 2083 891 2135 τὸ
948 2088 1042 2134 τῶν
1092 2083 1383 2135 ἀπαιδεύτων
1434 2081 1747 2147 γραμματέων
1802 2082 1878 2131 καὶ

77 2180 234 2240 S-ssssssqtt11-
300 2167 574 2232 Φαρισαίων
607 2165 935 2233 ἐργαστήριον.
1000 2165 1090 2233 ἔφη
1130 2164 1178 2215 δὲ
1217 2166 1362 2218 οὕτως
1388 2171 1415 2193 “
1432 2165 1555 2214 Οὐαὶ
1595 2164 1700 2223 ὑμῖν
1726 2184 1878 2228 γραμ-

77 2234 192 2308 {giga
298 2255 324 2277 ‘⁶
349 2253 507 2312 ματεῖς
557 2251 632 2300 καὶ
684 2252 936 2314 Φαρισαῖοι
996 2248 1251 2313 ὑποκριταὶ,
1302 2245 1373 2296 ὅτι
1432 2248 1711 2306 οἰκοδομεῖτε
1771 2242 1877 2296 τοὺς
1899 2258 1947 2296 25

296 2338 322 2361 ‘⁶
348 2330 527 2398 τάφους
577 2334 671 2380 τῶν
719 2333 990 2396 προφητῶν,
1042 2330 1116 2378 καὶ
1168 2332 1383 2390 κοσμεῖτε
1434 2326 1493 2377 τὰ
1540 2330 1740 2390 μνημεῖα
1782 2329 1877 2376 τῶν

295 2419 322 2441 “
349 2412 549 2474 δικαίων,
585 2413 659 2461 καὶ
695 2410 853 2476 λε’γετε
892 2414 948 2460 El
983 2408 1099 2472 ἦμεν
1125 2411 1172 2460 ἐν
1198 2414 1299 2463 ταῖς
1328 2409 1516 2474 ἡμεραις
1542 2412 1637 2458 τῶν
1662 2407 1877 2473 πατέρων

295 2500 322 2522 “
348 2494 494 2557 ἡμῶν,
537 2494 619 2543 οὐκ
664 2491 723 2542 ἂν
767 2491 883 2556 ἦμεν
927 2492 1136 2541 κοινωνοὶ
1181 2491 1335 2541 αὐτῶν
1377 2491 1425 2540 ἐν
1468 2491 1536 2558 τῷ
1579 2489 1737 2552 αἵματι
1781 2492 1876 2538 τῶν

257 2581 323 2621 0⁶⁴
346 2578 622 2641 προφητῶν.
689 2571 812 2623 ὥστε
855 2576 1127 2638 μαρτυρεῖτε
1172 2573 1362 2633 ἑαυτοῖς,
1402 2570 1472 2621 ὅτι
1511 2571 1603 2620 υἱοί
1635 2571 1742 2620 ἐστε
1780 2572 1875 2620 τῶν

295 2663 322 2685 “
348 2654 682 2724 φονευσάντων
725 2654 833 2708 τοὺς
875 2653 1137 2721 προφήτας·
1196 2654 1271 2703 καὶ
1318 2653 1442 2716 ὑμεῖς
1485 2651 1775 2717 πληρώσατε
1819 2648 1873 2700 τὸ
1894 2665 1944 2700 30

343 2846 421 2878 2-4.
441 2836 493 2869 καὶ
510 2836 707 2881 τῆς-φησὶ
724 2847 793 2870 om.
814 2835 855 2869 Β.
1050 2847 1083 2877 4.
1110 2835 1148 2868 τὸ
1166 2846 1228 2879 pro
1246 2835 1305 2870 τάς
1324 2833 1365 2869 Β.
1429 2830 1644 2878 φαρμακοὺς]
1669 2836 1705 2872 -i-
1728 2828 1810 2865 εἶναι
1830 2832 1872 2867 Β.

297 2890 328 2925 7.
353 2884 371 2915 ὁ
389 2883 447 2916 alt.
466 2894 535 2916 om.
557 2883 599 2916 B.
855 2893 908 2926 13.
933 2882 1090 2925 μιμεῖσθε
1110 2881 1200 2914 Edd.
1462 2891 1517 2913 20.
1544 2877 1655 2923 κακίᾳ]
1676 2879 1792 2923 καρδίᾳ
1811 2878 1872 2913 iid.

298 2938 351 2961 22.
380 2928 475 2961 Haec
494 2930 546 2961 καὶ
565 2931 582 2961 ὁ
600 2934 781 2974 assumpta
798 2940 838 2963 ex
859 2928 900 2962 B.
1046 2938 1100 2972 23.
1128 2927 1327 2962 ἀπαίδευτον
1344 2929 1409 2961 τῶν
1426 2938 1489 2971 pro
1507 2929 1572 2960 τῶν
1590 2925 1796 2960 ἀπαιδεύτων
1813 2924 1872 2959 iid.

298 2974 353 3006 28.
379 2972 475 3018 ἦμεν]
496 2975 601 3018 ἤμεθα
619 2975 678 3010 iid.
869 2985 923 3019 29.
951 2974 1063 3010 αὐτοῖς
1080 2973 1139 3008 iid.
