2007 3387
119 603 188 633 (501.
208 605 239 635 ii.

120 785 203 819 667
218 783 266 817 A.
301 793 321 816 a

292 1435 317 1474 b

113 1515 271 1564 S‘Mjssssth·

113 1569 225 1589 xxvm.

114 1611 162 1633 20.

109 1759 163 1790 Es.

107 1805 220 1835 xxxiii.

107 1857 158 1878 20.

106 2002 155 2032 lb.
173 2003 227 2034 liv.

109 2070 134 2082 -,
153 2055 180 2085 3.

341 164 424 204 304
734 168 781 207 B.
828 166 1104 207 CYRILLI
1156 167 1538 209 ALEXANDR.
1766 168 1807 207 ii.
1830 177 1920 220 1-5.

340 276 422 337 τῆς
449 273 740 338 Ἐκκλησιάς
768 278 985 340 Χριστοῦ
1018 277 1153 327 νοοῖτ’
1183 274 1240 327 ἂν
1275 275 1460 330 εἰκότως
1492 277 1519 340 ἡ
1554 275 1733 343 ὅρασις.
1791 298 1921 326 τετυ·

340 356 573 422 ραννεύκει
604 356 688 418 μὲν
724 355 817 423 γὰρ
852 357 971 408 κατὰ
1006 357 1197 409 πάντων
1235 359 1260 409 ὁ
1298 363 1508 413 σατανᾶς
1546 363 1641 410 τῶν
1671 358 1819 409 ὅντων
1851 359 1926 409 ἐπὶ

341 440 423 501 τῆς
473 440 572 503 γῆς,
624 442 698 489 καὶ
747 438 1006 505 γεγόναμεν
1057 440 1364 508 αἰχμάλωτοι,
1414 446 1509 495 τοῖς
1559 442 1731 492 ἐκείνου
1775 439 1927 506 ζυγοῖς

342 520 705 585 ὑπενηνεγμένοι.
770 522 880 572 ἀλλ’
910 523 937 586 ἡ
969 529 1052 574 τοῦ
1080 526 1298 589 Σωτῆρος
1333 522 1467 591 χάρις
1501 523 1809 574 κατελέπτυνε
1842 521 1927 586 μὲν

341 600 394 652 τὸ
420 603 591 653 ἐκείνου
616 604 764 668 κε’ρας,
791 604 1047 673 συνέτριψε
1074 604 1121 655 δὲ
1147 604 1233 669 τὴν
1260 606 1538 673 ὑπεροψίαν.
1593 604 1925 671 τεθριάμβευκε
1946 619 1968 658 5

341 682 433 749 γὰρ
467 683 615 752 ἀρχάς
650 709 699 737 τε
736 689 812 736 καὶ
846 687 1065 755 ἐξουσίας
1097 693 1180 738 τοῦ
1212 687 1593 753 κοσμοκράτορος
1626 691 1699 738 καὶ
1732 690 1925 739 ἀντικει-

339 765 478 828 μένας
515 766 743 831 δυνάμεις.
808 769 1012 838 ἐξείλετο
1049 768 1097 820 δὲ
1132 770 1267 834 ἡμᾶς,
1297 772 1370 820 καὶ
1405 774 1499 820 τῶν
1532 770 1702 821 ἐκείνου
1735 772 1926 833 δεσμῶν

338 849 589 900 ἀπέλυσεν·
629 851 809 917 ἤγειρεν
845 852 952 916 ἡμῖν
986 851 1072 916 τὴν
1099 853 1408 916 Ἐκκλησίαν,
1444 851 1529 916 τὴν
1565 853 1704 917 ἁγίαν
1735 854 1925 916 ἀληθῶς

338 934 413 981 καὶ
462 931 714 997 διαβόητον
763 933 919 996 πόλιν,
973 933 1058 997 τὴν
1109 935 1285 1000 εὐρεῖαν
1335 936 1409 984 καὶ
1458 932 1823 998 εὐμηκεστάτην,
1867 932 1925 998 ἢν

341 1016 652 1084 nara-..dmm
691 1016 932 1085 ᾠκήκαμεν
970 1015 1189 1085 ἄνθρωποί
1223 1039 1270 1067 τε
1310 1019 1384 1067 καὶ
1428 1020 1570 1081 κτήνη,
1598 1016 1856 1078 τουτέστιν,
1883 1020 1924 1067 οἱ
1949 1038 1996 1063 10

339 1101 673 1162 λελογισμένοι
723 1121 771 1149 τε
824 1099 926 1163 ἤδη,
977 1100 1051 1149 καὶ
1103 1103 1143 1149 οἱ
1196 1099 1338 1163 μήπω
1388 1098 1507 1165 πρὸς
1558 1105 1695 1150 τοῦτο
1736 1100 1925 1163 ἥκοντες

338 1180 521 1246 μέτρου,
564 1180 822 1244 μέλλοντες
865 1181 912 1232 δέ
958 1185 1032 1231 καὶ
1084 1181 1548 1248 μυσταγωγούμενοι·
1595 1184 1924 1252 κατῳκήκαμεν

339 1263 385 1313 δὲ
437 1262 592 1326 πόλιν,
644 1263 701 1327 ἦν
751 1262 891 1316 αὐτὸς
938 1263 1115 1329 τειχίζει
1163 1263 1388 1328 Χριστὸς,
1434 1263 1649 1331 οἱρῥήτοις
1694 1263 1922 1326 δυνάμεσι

338 1345 653 1412 καταφλέγων
679 1344 785 1398 τοὺς
812 1346 1176 1409 ἀνθεστηκότας,
1207 1348 1282 1396 καὶ
1309 1349 1391 1410 τῆς
1429 1346 1593 1397 ἑαυτοῦ
1632 1345 1772 1415 δόξης
1809 1348 1921 1397 ἀνα-

337 1427 568 1488 πιμπλάς,
608 1431 682 1478 καὶ
722 1426 818 1478 οἷον
856 1426 1064 1491 ἑστηκὼς
1104 1429 1141 1479 ἐν
1180 1427 1304 1499 μέσῳ
1343 1433 1436 1478 τῶν
1475 1428 1724 1479 οἰκούντων
1759 1428 1917 1493 αὑτήν·
1944 1452 1989 1489 15

335 1511 658 1575 ἐπηγγέλλετο
693 1511 785 1576 γὰρ
823 1510 976 1575 λε’γων
1004 1508 1170 1561 “Ἰδου
1202 1510 1293 1576 ἐγὼ
1332 1509 1435 1572 μεθ’
1469 1512 1596 1574 ὑμῶν
1631 1515 1720 1573 εἰμι
1758 1511 1919 1565 πάσας

337 1600 362 1620 “
389 1592 471 1646 τὰς
510 1593 683 1659 ἡμέρας
718 1595 791 1642 καὶ
830 1593 913 1646 ἕως
945 1595 1026 1656 τῆς
1066 1594 1337 1646 συντελείας
1360 1599 1443 1643 τοῦ
1470 1594 1680 1647 αὶῶνος.”
1745 1594 1918 1658 ταύτης

332 1677 414 1738 τῆς
452 1676 588 1740 ἁγίας
620 1675 803 1728 πόλεως
841 1674 1110 1739 διεμέμνητό
1141 1698 1232 1726 που
1268 1678 1342 1726 καὶ
1369 1676 1393 1726 ὁ
1419 1676 1666 1744 προφήτης
1692 1675 1915 1739 Ἡσαΐας,

331 1759 486 1823 λέγων
532 1765 558 1787 “
586 1761 649 1808 Οἱ
701 1758 950 1823 ὀφθαλμοί
996 1781 1087 1809 σου
1138 1757 1341 1827 ὄψονται
1391 1757 1726 1823 Ἰερουσαλὴμ,
1776 1757 1916 1812 πόλις

331 1847 356 1868 “
382 1842 608 1902 πλουσία,
643 1842 814 1904 σκηναὶ
851 1839 897 1890 αἳ
929 1841 982 1890 οὐ
1013 1839 1077 1904 μὴ
1113 1845 1392 1903 σεισθῶσιν,
1420 1840 1524 1891 οὐδὲ
1556 1839 1620 1904 μὴ
1660 1844 1915 1904 κινηθῶσιν
1937 1870 1985 1894 20

329 1931 355 1952 ‘⁴
380 1927 420 1973 οὶ
444 1922 695 1974 πάσσαλοι
730 1925 809 1986 τῆς
850 1925 1028 1986 σκηνῆς
1063 1924 1217 1986 αὐτῆς,
1245 1922 1348 1974 οὐδὲ
1381 1922 1440 1974 τὰ
1474 1923 1664 1990 σχοινία
1693 1924 1835 1986 αὐτῆς
1861 1924 1915 1974 οὐ

327 2013 353 2035 “
380 2005 443 2069 μὴ
471 2006 802 2073 διαῤῥαγῶσι,”
831 2008 905 2055 καὶ
940 2004 1058 2071 πρὸς
1093 2003 1239 2069 αὐτὴν
1270 2005 1325 2055 δέ
1354 2010 1477 2074 φησι
1504 2014 1530 2035 “
1553 2006 1806 2056 Πλάτυνον
1832 2003 1915 2056 τὸν

327 2095 353 2117 “
380 2088 526 2139 τόπον
563 2091 645 2152 τῆς
682 2090 860 2151 σκηνῆς
892 2110 983 2138 σου
1019 2090 1092 2138 καὶ
1132 2092 1225 2138 τῶν
1256 2089 1464 2138 αὐλαιῶν
1503 2106 1606 2138 σου·
1646 2087 1813 2156 πῆξον,
1847 2087 1914 2151 μὴ

328 2179 354 2200 “
382 2172 539 2239 φείσῃ,
576 2171 640 2221 ἔτι
679 2172 740 2223 εἷς
780 2169 839 2220 τὰ
877 2169 1006 2238 δεξιὰ
1038 2171 1113 2220 καὶ
1153 2174 1215 2223 εἰς
1252 2169 1311 2220 τὰ
1349 2169 1574 2236 ἀριστερὰ
1605 2170 1909 2240 ἐκπέτασον.”

327 2254 647 2320 κατευρύνεται
692 2252 784 2319 γὰρ
831 2253 857 2316 ἡ
902 2254 1169 2315 Ἐκκλησιά
1215 2256 1448 2319 Χριστοῦ,
1492 2254 1566 2302 καὶ
1605 2257 1666 2306 εὶς
1705 2252 1912 2303 ἄπλετον
1928 2275 1980 2313 25

324 2337 567 2387 ἐκτείνεται
600 2335 782 2401 μέτρον,
812 2335 1153 2400 ἀναριθμήτους
1192 2336 1259 2386 ἀεὶ
1299 2334 1520 2402 δεχομένη
1559 2333 1664 2388 τοὺς
1699 2357 1910 2401 προσκυ-

325 2424 516 2472 νοῦντας
542 2418 697 2469 αὐτόν.

374 2578 402 2600 1.
431 2565 527 2600 νοοῖτ’
549 2565 589 2599 C.
609 2567 719 2599 νοοῖτο
739 2564 827 2599 Edd.
894 2565 1111 2609 τετυράννηκε
1131 2564 1172 2598 C.
1583 2577 1614 2604 4.
1642 2562 1908 2596 κατελέπτυνε-

323 2613 508 2658 συνέτριψε
529 2612 569 2646 C.
624 2613 718 2647 Haec
737 2612 842 2646 verba
859 2612 948 2645 inter
966 2624 1002 2645 se
1020 2616 1255 2656 transponunt
1275 2609 1364 2644 Edd.
1788 2608 1821 2642 6.
1846 2610 1906 2642 τοῦ

322 2661 595 2704 κοσμοκράτορος
613 2660 664 2693 καὶ
685 2660 725 2693 C.
745 2659 796 2692 καὶ
816 2660 1091 2703 κοσμοκράτορας
1108 2659 1166 2693 τὰς
1186 2657 1276 2691 Edd.
1491 2657 1523 2690 8.
1550 2655 1626 2699 ἡμῖν
1645 2654 1684 2690 C.
1704 2654 1795 2698 ἡμῶν
1813 2655 1905 2689 Edd.

328 2719 379 2741 11.
405 2706 646 2752 λελογισμένοι
666 2706 706 2740 C.
725 2708 897 2750 λελογωμ.
919 2704 1009 2738 Edd.
1431 2713 1482 2747 13.
1508 2703 1543 2736 δέ
1562 2709 1783 2747 assumptum
1803 2713 1845 2735 ex
1864 2701 1906 2736 C.

327 2765 378 2795 14.
403 2754 618 2796 ἀναπιμπλὰς
637 2754 676 2787 C.
696 2753 919 2795 ιὶναπιμπλῶν
939 2751 1028 2786 Edd.
1268 2761 1321 2791 15.
1347 2749 1449 2792 αὐτήν
1466 2750 1608 2783 accessit
1627 2761 1668 2782 ex
1688 2748 1728 2783 C.
1780 2748 1907 2783 Statim

322 2801 556 2845 ἐπηγγέλλετο
573 2801 638 2845 γὰρ
659 2800 699 2833 C.
719 2798 768 2834 οἷς
785 2800 882 2845 ἐπηγ.
904 2798 994 2832 Edd.
1413 2806 1465 2840 17.
1491 2797 1543 2829 καὶ
1562 2802 1782 2839 assumptum
1802 2807 1843 2828 ex
1863 2796 1904 2830 C.

326 2858 377 2890 19.
403 2849 503 2883 πόλις
527 2845 695 2892 πλουσία]
722 2848 838 2881 πόλεις
862 2846 1031 2880 πλουσίας
1059 2844 1100 2879 Β.
1127 2844 1243 2878 invitis
1268 2842 1309 2877 C.
1338 2842 1429 2876 Edd.
1457 2842 1512 2876 De
1533 2842 1600 2876 Ad.
1629 2843 1694 2876 288
1715 2855 1745 2876 a.
1766 2841 1852 2887 (ms.
1871 2848 1905 2876 et

321 2893 493 2927 traductio
513 2894 609 2938 Syr.)
1127 2902 1182 2925 20.
1208 2890 1285 2924 οὐδὲ
1305 2889 1345 2923 C.
1365 2888 1438 2923 οὐδ’
1457 2889 1495 2922 οὐ
1516 2888 1606 2923 Edd.
1665 2889 1845 2932 κινηθῶσιν
1863 2888 1903 2923 C.

321 2941 538 2974 σαλευθῶσιν
558 2939 648 2973 Edd.
887 2950 941 2982 213.
969 2939 1097 2972 αὐλέων
1116 2938 1155 2972 C.
1392 2946 1445 2978 25.
1472 2936 1618 2970 ἄπλετον
1636 2935 1702 2970 ἐκτ.
1720 2935 1844 2980 μέτρον
1861 2934 1901 2969 C.

320 2986 457 3029 ι’ίπειρον
475 2987 542 3019 ε’κτ.
564 2986 653 3020 Edd.
