1997 3361
66 159 122 200 iii.
149 173 237 210 1‚2.
510 160 581 200 IN
624 160 898 200 ABACUC.
959 159 1110 199 ΤΟΜ.
1146 159 1205 198 Π.
1555 159 1633 196 119

64 267 151 319 κᾶν
193 273 230 319 εἰ
271 272 345 320 καὶ
386 268 574 334 γε’νονας
618 268 760 337 σὰρξ,
806 268 891 332 τὴν
929 272 1033 334 περὶ
1074 274 1165 318 σοῦ
1203 264 1452 335 δεξάμενος
1490 266 1675 325 nimime

64 350 210 416 ἤγουν
255 351 472 415 ἄκουσμά
513 374 560 401 τε
607 353 681 401 καὶ
726 350 1049 418 ἀποκάλυψιν,
1096 354 1157 403 εἰς
1196 349 1294 401 δέος
1341 347 1632 410 ε’μπέπτωκα.

67 432 460 498 καταπέπληγμαι
499 433 563 494 δὲ,
602 436 676 483 καὶ
715 433 907 500 σφόδρα
946 431 1141 494 εἰκότως,
1179 430 1262 494 τὴν
1300 436 1382 480 τοῦ
1419 429 1639 493 πράγμα-

66 536 145 567 τος
187 515 467 581 ὑπερβολήν.
532 514 753 579 μανθάνω
792 515 903 581 γὰρ,
940 515 1008 565 ὅτι
1050 516 1098 565 ἐν
1138 517 1298 580 μορφῇ
1342 514 1415 561 καὶ
1459 510 1640 573 ἰσότητι

69 599 126 662 τῇ
166 596 283 646 κατὰ
321 601 415 648 πᾶν
451 598 604 647 ὁτιοῦν
646 597 863 664 ὑπάρχων
901 602 966 665 τῷ
1005 594 1316 662 γεγεννηκότι,
1343 591 1520 644 σαυτὸν
1558 591 1642 654 μὲν

24 618 46 656 01

69 677 290 742 καθήσεις
321 682 382 732 εἰς
416 679 628 730 ἑκούσιον
664 680 873 740 κένωσιν,
900 678 1078 746 γενήσῃ
1105 679 1151 728 δὲ
1185 676 1289 728 καθ’
1318 677 1436 738 ἡμᾶς
1464 674 1642 739 ἅνθρω-

69 783 157 814 πος
192 762 241 811 ἐκ
275 762 506 825 γυναικὸς,
546 765 619 811 καὶ
663 761 747 824 τὴν
784 764 864 824 τῆς
909 761 1118 813 δουλείας
1155 758 1403 826 ἀνατλήσῃ
1438 755 1642 823 μορφὴν,

71 845 145 893 καὶ
166 841 289 893 Θεὸν
315 844 421 906 μεθ’
450 844 580 907 ἡμῶν
612 842 855 910 ἐπιγράψῃ
888 841 970 892 τὸν
996 847 1197 892 σεαυτοῦ
1219 840 1422 906 Πατέρα,
1446 837 1644 902 ὑπήκοος

420 928 433 944 ἱ
461 933 488 954 ιι
555 925 567 941 '

1706 841 1791 873 Phil.
1809 842 1842 873 ii.

1706 886 1724 913 p

71 924 120 976 δὲ
147 926 338 993 γενήσῃ,
361 949 435 976 και
505 948 638 992 μεχρι
667 925 883 982 θανάτου,
914 925 1114 975 θανάτου
1141 923 1187 974 δὲ
1212 923 1458 988 σταυροῦ.”
1513 927 1638 973 εἱσα-
1662 943 1683 966 a
1705 935 1790 968 549
1813 933 1864 967 A·

6 1034 52 1059 10
74 1009 214 1068 mq'nooe
248 1009 401 1058 τοίνυν
431 1007 500 1067 την
539 1009 668 1066 οέκοην
707 1032 782 1057 σου
823 1008 901 1057 καὶ
936 1005 1156 1074 ε’φοβηθην,
1185 1007 1426 1064 κατενόησα
1451 1003 1510 1054 τὰ
1537 1003 1646 1069 ἔργα

71 1115 147 1141 σου
184 1095 259 1141 καὶ
296 1088 479 1159 ἐξέστην.
546 1089 839 1154 εὐηγγελίσω
873 1087 965 1154 γὰρ
995 1091 1193 1156 τυφλοῖς
1226 1087 1510 1153 ἀνάβλεψιν,
1536 1084 1639 1149 ε’κή-

71 1172 216 1240 ρυξας
247 1170 560 1239 αἰχμαλώτοις
596 1170 783 1239 ἄφεσιν,
810 1168 931 1220 ἰάσω
969 1168 1075 1223 τοὺς
1113 1167 1530 1235 συντετριμμένους
1561 1167 1646 1231 τὴν

72 1255 276 1320 καρδίαν,
314 1252 609 1322 ε’πέστρεψας
643 1252 696 1303 τὸ
733 1252 1056 1314 πλανώμενον,
1095 1251 1353 1315 κατέδησας
1391 1250 1444 1300 τὸ
1483 1273 1646 1301 συντε-

73 1336 337 1402 τριμμένον,
380 1340 480 1402 φῶς
520 1335 716 1401 γέγονας
753 1339 848 1388 τοῖς
886 1335 933 1384 ἐν
971 1333 1142 1395 σκότει,
1178 1333 1295 1399 θύρα
1333 1336 1407 1383 καὶ
1446 1332 1550 1386 ὁδὸς
1589 1336 1651 1385 εἷς

10 1445 56 1484 15
75 1417 193 1485 ζωὴν
214 1420 287 1469 καὶ
313 1416 565 1483 ἁγιασμὸν,
592 1416 787 1482 γέγονας
813 1415 982 1482 εἰρήνη,
1003 1417 1229 1481 συνείρων
1250 1414 1326 1466 διὰ
1349 1418 1430 1479 τῆς
1448 1414 1653 1467 πίστεως

76 1505 140 1555 εἷς
165 1501 245 1552 ἕνα
269 1499 387 1551 λαὸν
415 1499 520 1553 τούς
546 1522 595 1550 τε
630 1500 678 1549 ἐκ
709 1501 973 1564 περιτομῆς,
1002 1501 1076 1548 καὶ
1102 1497 1258 1560 μέντοι
1285 1497 1390 1550 τοὺς
1414 1497 1470 1566 ἐξ
1492 1498 1651 1558 ἐθνῶν,

1707 1081 1762 1112 Es.
1778 1081 1834 1111 lxi.

1712 1134 1737 1155 1.

1710 1252 1809 1301 Ezelf.

1710 1307 1821 1326 xxxw.
1838 1305 1868 1333 4.

74 1583 271 1648 γέγονας
299 1589 325 1612 “
341 1582 474 1636 λίθος
499 1583 840 1647 ἀκρογωνιαῖος,
866 1579 1093 1643 ἐκλεκτὸς,
1121 1579 1339 1641 ἕντιμος·”
1378 1578 1649 1643 κατεκτήσω
1670 1590 1694 1630 b
1713 1596 1728 1635 ‚¹
1749 1585 1869 1615 SPet.

76 1664 160 1729 τὴν
194 1665 461 1729 οἰκουμένην
497 1668 563 1732 τῷ
599 1667 707 1732 Θεῷ
740 1665 814 1714 καὶ
851 1665 1019 1728 Πατρὶ,
1055 1661 1380 1727 ἠλευθέρωσας
1414 1662 1650 1726 ἁμαρτιῶν

75 1746 181 1801 τοὺς
217 1747 273 1816 ἐξ
306 1747 548 1799 ἀσθενείας
575 1744 857 1805 ἑαλωκότας,
885 1745 1074 1814 ἐξείλου
1105 1742 1256 1811 χειρὸς
1283 1745 1567 1807 διαβολικῆς,
1593 1747 1651 1810 τῇ

12 1857 61 1883 20
78 1832 159 1892 τῆς
208 1830 436 1881 υἱοθεσίας
487 1829 640 1895 χάριτι
682 1827 1075 1894 κατελαμπρύνθη
1125 1825 1178 1876 τὸ
1230 1829 1412 1888 δοῦλον,
1456 1827 1652 1892 οὐρανοῦ

78 1911 275 1974 πολίτης
314 1912 337 1960 ὁ
371 1913 420 1961 ἐκ
453 1914 539 1976 γῆς
576 1909 767 1976 γέγονεν
805 1910 1066 1976 ἅνθρωπος·
1109 1907 1421 1977 ἀξιάκουστον
1456 1907 1503 1958 δὲ
1537 1907 1654 1973 πρὸς

80 1993 257 2045 τούτοις
302 1994 493 2054 κάκεῖνο,
534 1990 663 2055 οἶμαί
701 2010 805 2043 που·
847 1993 871 2042 ὁ
916 1991 1007 2057 γὰρ
1048 1991 1203 2041 πάντα
1242 1990 1499 2056 ζωογονῶν,
1541 1991 1653 2040 ὑπο-

81 2075 336 2139 μεμένηκας
372 2075 476 2136 μεθ’
515 2075 648 2138 ἡμῶν
685 2073 767 2124 τὸν
804 2077 886 2138 τῆς
924 2072 1100 2139 σαρκὸς
1140 2073 1353 2124 θάνατον.
1417 2071 1544 2135 πλὴν
1575 2071 1652 2136 γε’-

82 2180 223 2223 γονας
259 2164 286 2186 ‘⁶
304 2154 599 2222 πρωτότοκος
633 2157 682 2206 ἐκ
719 2156 931 2221 νεκρῶν,”
966 2157 1038 2205 καὶ
1078 2153 1265 2221 ἀπαρχὴ
1305 2159 1399 2204 τῶν
1437 2176 1650 2217 κεκοιμη-

17 2261 65 2300 25
84 2239 248 2302 μένων,
296 2241 369 2289 καὶ
413 2237 699 2304 πρωτόλειον
749 2236 1104 2303 ἀνθρωπότητος
1149 2236 1544 2299 ἀνακομισθείσης
1595 2237 1656 2287 εἷς

84 2322 370 2390 ἀφθαρσίαν.
435 2320 630 2380 ἀνεβίως
664 2318 756 2385 γὰρ
793 2321 853 2372 ὡς
880 2317 1013 2381 Θεὸς,
1039 2317 1092 2369 τὸ
1131 2317 1344 2382 σκληρὸν
1376 2318 1451 2367 καὶ
1487 2317 1698 2367 &mciv-0

84 2425 224 2466 τητον
272 2402 491 2466 πατήσας
530 2402 703 2468 θηρίον,
744 2401 958 2451 τουτέστι
1002 2402 1084 2450 τὸν
1135 2399 1348 2461 θάνατον,
1387 2399 1660 2463 παρέλυσας

138 2593 166 2616 1.
186 2583 238 2615 καὶ
251 2587 472 2626 assumptum
484 2593 524 2615 ex
540 2581 586 2614 D.
636 2580 664 2614 εἷ
676 2580 727 2614 καὶ
739 2580 866 2625 (manu
879 2580 984 2614 altera
996 2579 1031 2613 in
1048 2579 1188 2623 rasura)
1203 2591 1264 2622 pro
1282 2576 1340 2611 κᾶν
1357 2578 1385 2612 εἷ
1403 2579 1454 2612 καὶ
1467 2590 1497 2612 a.
1511 2579 1563 2612 καὶ
1581 2579 1609 2612 εἷ
1627 2578 1661 2613 b.

88 2628 194 2674 σὰρξ]
219 2633 255 2669 -1-
276 2629 320 2663 ὡς
338 2628 429 2662 Edd.
449 2628 565 2661 invitis
585 2627 751 2661 B.D.a.b.
1013 2637 1044 2660 2.
1069 2641 1104 2660 τε
1121 2632 1342 2669 assumptum
1360 2637 1400 2658 ex
1421 2625 1462 2658 B.
1510 2625 1610 2668 ἀκοήν
1627 2641 1663 2659 τε

91 2676 269 2719 (omittens
287 2677 340 2720 ἤγ.
359 2675 533 2719 ἄκουσμα)
553 2675 598 2708 D.
616 2674 668 2708 ι’ίκ.
688 2674 740 2707 καὶ
758 2685 827 2707 om.
845 2672 880 2706 b.
1122 2684 1154 2716 3.
1183 2674 1236 2705 καὶ
1254 2676 1333 2706 ante
1350 2671 1535 2705 καταπέπλ.
1554 2679 1595 2706 tr.
1615 2672 1662 2706 D.

90 2732 124 2768 5.
141 2725 180 2766 τῇ
194 2734 263 2756 om.
278 2722 323 2756 D.
372 2722 532 2767 ὑπάρχεις
551 2722 596 2755 D.
646 2723 705 2755 τοῦ
722 2720 957 2765 γεγεννηκότος
970 2719 1011 2753 Β.
1031 2719 1100 2752 inv.
1118 2718 1235 2753 D.a.b.
1351 2718 1383 2751 6.
1402 2718 1601 2762 καταθήσεις
1616 2719 1663 2753 D.

92 2801 128 2835 δὲ
146 2808 366 2846 assumptum
384 2813 422 2835 ex
444 2800 608 2835 B.D.a.b.
737 2810 768 2845 7.
794 2776 852 2843 ”33
869 2775 1022 2833 δουλὲἷας
1042 2798 1082 2832 Β.
1132 2797 1303 2842 ἀνατλήσῃ
1325 2797 1416 2831 B.D.
1436 2798 1614 2842 ἀναπλήσῃ
1632 2811 1663 2832 a.

94 2880 294 2924 ἇνατλὴσεις
311 2880 402 2914 Edd.
684 2881 718 2914 8.
744 2881 870 2913 σαυτοῦ
888 2878 921 2912 b.
941 2879 1058 2913 ἑαυτοῦ
1078 2878 1123 2912 D.
1396 2889 1427 2922 9.
1461 2879 1513 2911 καὶ
1531 2890 1600 2911 om.
1620 2878 1666 2912 D.

100 2927 222 2972 17—6,
240 2940 273 2971 p.
296 2939 371 2963 120.
399 2926 770 2972 κατεκτήσω-πατέρα
788 2938 857 2960 om.
878 2925 924 2959 D.
1274 2935 1328 2958 22.
1356 2924 1389 2970 ὁ]
1411 2925 1447 2958 οὐ
1466 2924 1554 2969 (sic)
1573 2924 1667 2959 Aub.

98 2974 221 3009 πάντας
240 2973 330 3008 Edd.

1711 1630 1743 1660 1i.
1764 1628 1794 1660 6.

1717 2155 1787 2187 Col.
1807 2155 1830 2187 i.

1720 2201 1769 2230 18.
