2049 3366
120 235 318 260 ECCLESIA.

173 349 232 394 tis,
277 353 429 396 propter
475 347 743 384 sublimitatem
793 348 880 384 doc-

173 413 293 449 trinae
323 412 558 460 significatur
588 415 663 449 424
696 425 738 454 c;
784 413 882 460 turpi

175 477 408 513 Graecorum
443 476 597 512 scientia
635 477 884 525 praestantior

174 544 249 577 424
279 553 320 585 e;
361 541 467 588 quasi
499 542 681 588 quaedam
713 542 816 587 regio
847 547 883 577 et

174 605 286 641 tellus
334 606 654 641 sanctificatorum
705 608 779 641 438
830 605 882 650 d;

173 669 324 718 hymnis
354 670 550 711 delectata,
576 670 720 706 Mariae
750 670 882 706 trium-

174 734 304 781 phanti
334 740 550 782 comparata
580 737 656 770 446
687 747 732 780 e3
774 747 884 781 super

173 799 302 834 hostes
332 799 582 846 triumphans,
614 812 634 834 a
665 798 776 847 Cym,
808 800 881 834 vic-

173 869 255 900 tore
270 864 744 912 Babylonis,praefigurata
760 865 882 908 463e3

174 929 372 964 afflictione
421 928 579 975 probata
626 929 703 963 464
748 940 794 969 a;
846 927 882 962 in

174 992 326 1029 Christo
373 993 541 1038 fundata,
585 991 714 1027 hostes
756 1003 883 1038 asper-

175 1064 286 1094 natur
316 1060 394 1094 464
425 1058 474 1103 b;
515 1058 715 1093 Peccatum
749 1057 882 1092 trium-

174 1122 306 1171 phans,
327 1135 396 1159 ceu
421 1135 631 1171 personam,
654 1121 884 1169 triumphare

174 1193 276 1224 vetat
297 1190 373 1224 464
396 1200 470 1233 ee3
501 1192 740 1235 comparatur
765 1185 885 1221 monti

174 1258 307 1300 utpote
327 1253 364 1288 in
385 1251 685 1300 philosophando
716 1250 884 1286 sublimis

177 1319 252 1354 468
272 1317 310 1362 d;
332 1317 421 1353 item
444 1316 590 1352 Libano
610 1315 805 1356 thurifero,
828 1319 884 1350 ut-

175 1388 263 1429 pote
276 1381 574 1430 fragrantissima
589 1383 664 1416 545
674 1393 709 1424 e;
725 1379 884 1428 dignita-

175 1451 253 1482 tem
275 1446 504 1495 Synagogae
526 1453 725 1492 exsuperat
746 1446 818 1480 561
844 1457 884 1490 a;

176 1516 369 1546 aeternum
385 1510 498 1546 habet
514 1509 734 1546 sacrificium
755 1511 828 1546 561
845 1509 883 1554 b;

178 1575 311 1611 Lunae
352 1580 602 1623 comparatur,
641 1574 760 1610 aliena
803 1574 885 1610 luce

177 1640 387 1689 splendenti
418 1642 494 1677 568
525 1653 569 1682 c;
613 1639 734 1687 primo
767 1638 883 1675 tribu-

176 1705 367 1747 lationem,
403 1710 536 1753 postea
572 1703 885 1751 Redemptionem

177 1770 331 1806 habebit
379 1772 455 1806 599
500 1781 545 1810 c;
592 1769 746 1810 insulae,
793 1767 885 1803 mari

178 1835 282 1877 sitae,
312 1839 551 1882 comparatur
581 1835 654 1870 601
685 1833 708 1868 b
724 1845 734 1879 3
775 1844 884 1880 quam

177 1912 271 1947 pura
312 1899 460 1940 debeat,
500 1904 537 1934 et
575 1910 657 1933 esse
694 1903 731 1932 et
770 1897 885 1932 videri

180 1965 257 2000 609
290 1963 338 2005 d;
382 1975 448 2011 per
481 1962 601 1998 zelum
636 1961 815 1997 Divinum
849 1966 887 1997 et

181 2028 349 2064 Salutem
389 2027 504 2063 habet
540 2033 578 2062 et
616 2025 885 2062 Sanctificatio—

531 2090 718 2128 Gentibus
760 2095 886 2138 aperta

180 2159 257 2194 617
297 2170 383 2199 ac;
433 2156 653 2192 sacrificium
697 2155 886 2203 spirituale

179 2222 290 2259 offert
317 2224 393 2258 617
416 2222 461 2263 d;
494 2226 774 2268 contemptores
799 2232 886 2256 suos

179 2292 416 2335 contemptos
463 2286 614 2322 habebit
663 2287 739 2322 618
789 2285 813 2321 d
839 2297 883 2326 e;

180 2365 291 2400 quam
330 2351 390 2392 sit,
429 2356 605 2399 pascente
645 2350 810 2391 Christo,
849 2356 886 2386 et

179 2423 262 2454 tuta
300 2421 337 2453 et
373 2416 483 2452 beata
522 2418 595 2452 621
631 2415 757 2460 acd;
808 2417 884 2451 622

181 2495 201 2518 c
221 2494 264 2523 e;
303 2481 341 2517 in
372 2480 492 2517 Cruce
522 2480 675 2516 Domini
705 2480 887 2528 gloriatur

183 2549 260 2584 623
295 2547 342 2592 b;
387 2558 464 2582 non
502 2558 648 2593 semper
686 2545 732 2581 ab
769 2544 886 2580 hosti-

179 2612 250 2648 bus
278 2610 491 2647 irridebitur
521 2612 597 2646 623
627 2622 668 2655 c;
708 2622 783 2645 non
814 2609 883 2645 im-

178 2688 278 2724 pune
315 2676 492 2711 irridetur
530 2676 606 2711 623
643 2675 688 2716 d;
733 2680 887 2722 propter

180 2741 518 2789 amplificationem,
570 2740 710 2775 mundo
767 2739 884 2775 admi-

178 2805 314 2841 rationi
375 2805 459 2845 fuit,
522 2803 651 2853 Cyrilli
717 2809 886 2852 tempore

180 2871 257 2906 624
279 2870 323 2916 d;
351 2875 519 2918 tempore
540 2868 693 2905 definito
714 2868 885 2916 quodam,

181 2939 219 2970 et
247 2940 379 2971 vocata
411 2939 480 2979 est,
510 2938 548 2970 et
581 2933 789 2982 glorificata
817 2933 886 2969 erit

183 2999 259 3035 624
284 3011 325 3042 e;
359 2999 467 3034 bonis
496 2997 662 3034 moribus
690 2997 886 3046 praecipue

242 3074 335 3104 VOL.
358 3075 406 3104 11.

178 2106 265 2129 nem
313 2094 390 2129 615
430 2105 472 2133 e;

662 220 870 258 INDEX
932 217 1174 258 RERUM.
1637 223 1711 257 673

1006 348 1172 383 ornanda
1211 353 1267 384 est
1310 349 1383 383 634
1433 347 1478 388 d;
1530 346 1712 394 neglecta,

1005 413 1112 449 bonis
1129 413 1295 448 moribus
1313 418 1421 448 nocet
1437 414 1512 448 635
1530 424 1566 457 a;
1590 411 1713 447 Deum

1005 490 1069 524 per
1108 477 1289 525 Spiritum
1329 482 1561 524 praesentem
1602 476 1716 511 habet

1006 544 1082 579 640
1104 542 1182 585 be;
1213 555 1257 577 ex
1283 542 1457 590 gentibus
1484 540 1716 577 conficienda

1004 607 1229 653 praedicitur
1277 608 1354 643 640
1403 619 1443 650 e;
1493 605 1714 654 sapientiam

1006 671 1074 706 Dei
1104 671 1325 707 caelestibus
1360 671 1534 718 patefacit
1565 672 1637 705 641
1673 681 1713 714 c;

1005 735 1189 783 neglecta,
1216 741 1252 771 et
1282 749 1356 771 non
1387 736 1592 775 aedificata,
1625 747 1716 781 quas

1005 813 1144 847 poenas
1165 814 1185 836 a
1206 801 1285 836 Deo
1307 801 1402 835 ferat
1425 802 1501 835 647
1525 799 1561 844 d;
1585 800 1661 834 648
1680 811 1714 843 c3

1006 864 1126 899 Deum
1139 865 1296 900 ultorem
1308 865 1421 900 habet
1434 870 1714 912 persecutorum

1006 941 1160 964 suorum
1192 931 1267 966 662
1300 942 1341 974 c;
1383 931 1459 965 663
1496 941 1537 973 a;
1578 928 1643 963 sed
1679 935 1716 964 et

1006 993 1272 1041 castigatorem
1302 1000 1544 1042 peccatorum
1567 995 1643 1029 663
1666 993 1714 1036 b;

1006 1070 1027 1093 a
1068 1058 1209 1094 Satana
1247 1059 1450 1095 exercitata
1489 1060 1564 1094 666
1605 1069 1646 1103 e;
1696 1070 1717 1093 a

1007 1121 1159 1159 Christo
1180 1124 1377 1165 relevatur,
1395 1123 1581 1164 dilatatur,
1603 1121 1716 1170 glori—

1006 1188 1140 1223 ficatur
1175 1190 1250 1225 667
1286 1201 1364 1234 ac3
1405 1188 1576 1236 speculae
1611 1199 1713 1222 com-

1006 1258 1160 1300 paratur
1217 1253 1321 1300 quasi
1379 1253 1581 1301 imaginem
1642 1250 1717 1286 Dei

1007 1317 1189 1353 exhibens
1220 1320 1295 1354 668
1319 1330 1359 1363 e;
1395 1331 1478 1354 cum
1510 1317 1556 1353 sit
1581 1328 1717 1364 eorpus

1007 1380 1160 1425 Christi,
1182 1395 1333 1418 necesse
1358 1388 1414 1418 est
1434 1394 1500 1430 per
1520 1381 1714 1417 Christum

1006 1446 1176 1482 foveatur
1210 1450 1286 1483 669
1326 1447 1372 1489 b;
1414 1459 1479 1494 per
1516 1446 1643 1486 vitem,
1680 1450 1718 1480 et

1007 1512 1118 1547 ficum
1176 1513 1427 1560 praefigurata
1483 1513 1561 1547 680
1618 1523 1638 1546 a
1671 1522 1716 1555 e;

1007 1577 1147 1625 templo
1167 1577 1395 1613 Judaeorum
1417 1576 1616 1625 gloriosior
1637 1576 1714 1611 690

1007 1654 1082 1687 ac3
1118 1654 1229 1689 quam
1259 1642 1395 1677 habeat
1424 1640 1567 1689 gratiae
1593 1639 1712 1675 abun·

1008 1707 1173 1742 dantiam
1190 1708 1266 1743 693
1283 1707 1323 1751 b;
1345 1719 1392 1743 ex
1408 1706 1553 1742 duobus
1569 1703 1716 1753 populis

1008 1771 1216 1818 composita
1264 1773 1340 1807 694
1390 1783 1431 1815 a;
1481 1782 1556 1818 quo
1603 1780 1716 1805 sensu

1008 1836 1154 1872 dicatur
1192 1836 1273 1872 Deo
1321 1836 1496 1871 assistere
1544 1836 1621 1871 694
1669 1833 1717 1879 b;

1009 1899 1160 1937 Christo
1198 1900 1403 1941 habitante,
1443 1899 1608 1947 gloriosa
1645 1903 1718 1939 est,

1008 1965 1140 2012 spiritu
1160 1971 1196 2001 et
1218 1965 1372 2001 veritate
1395 1967 1470 2001 715
1498 1977 1517 2000 c
1531 1976 1571 2009 e3
1603 1975 1715 2011 quam

1009 2029 1056 2065 sit
1075 2029 1250 2065 universa
1272 2032 1346 2066 718
1369 2042 1409 2074 c3
1433 2041 1544 2077 quam
1565 2027 1717 2065 Christo

1009 2099 1046 2130 et
1067 2093 1207 2142 Spiritu
1237 2094 1430 2130 habitante
1459 2094 1618 2130 laetetur
1639 2094 1714 2129 718

1008 2159 1053 2204 d3
1091 2161 1167 2196 719
1203 2171 1243 2204 a;
1282 2159 1465 2195 bonorum
1499 2157 1716 2194 hominibus

1007 2223 1092 2259 fons
1112 2229 1149 2260 et
1173 2223 1396 2272 principium
1419 2226 1496 2261 719
1517 2223 1562 2268 d;
1594 2235 1615 2258 a
1634 2222 1716 2258 Deo

1008 2288 1205 2324 benedicta
1233 2290 1308 2325 722
1331 2301 1370 2334 e;
1404 2291 1478 2326 723
1506 2288 1551 2333 d;
1582 2287 1717 2323 domus

1007 2353 1128 2389 Judae
1148 2353 1332 2401 appellata
1354 2356 1430 2390 724
1451 2365 1494 2399 a;
1525 2352 1717 2400 Sponsum

1009 2418 1164 2460 habens,
1177 2419 1348 2466 jejunare
1365 2431 1441 2454 non
1457 2418 1567 2454 debet
1585 2419 1661 2453 727
1678 2429 1716 2462 a;

1008 2483 1148 2519 mutuis
1218 2495 1374 2518 suorum
1437 2482 1716 2518 hortationibus

1007 2547 1268 2596 amplificanda
1289 2547 1515 2595 praedicitur
1536 2549 1611 2584 727
1633 2547 1657 2582 b
1673 2559 1715 2592 e;

1009 2612 1176 2648 Graecos
1210 2611 1393 2659 spoliavit,
1427 2617 1471 2648 ut
1502 2611 1714 2660 Aegyptios

1005 2676 1142 2713 Judaei
1181 2678 1256 2713 732
1292 2676 1337 2722 b;
1385 2689 1495 2724 saepe
1527 2676 1635 2712 irrisa
1668 2676 1714 2712 ab

1008 2741 1177 2786 inimicis,
1198 2746 1328 2788 postea
1347 2741 1553 2788 triumphat
1575 2743 1650 2777 733
1672 2753 1714 2785 a;

1008 2805 1122 2842 finitis
1138 2806 1338 2846 erroribus,
1355 2818 1484 2853 pacem
1501 2811 1538 2841 et
1554 2805 1715 2841 salutem

1007 2871 1229 2919 promissam
1257 2870 1371 2906 habet
1401 2873 1475 2907 735
1505 2870 1550 2915 b;
1585 2882 1607 2906 a
1633 2869 1714 2905 Deo

1009 2935 1143 2971 dilecta
1163 2940 1200 2971 et
1220 2935 1381 2971 stabilita
1404 2937 1479 2972 749
1497 2935 1520 2970 d
1534 2947 1574 2980 e;
1595 2941 1716 2971 terrae

1009 2999 1164 3042 Galaad,
1182 3004 1219 3035 et
1240 2999 1382 3036 Libano
1402 3004 1616 3048 comparata
1639 3002 1713 3037 753

1169 3076 1245 3114 4R
