2018 3391
333 191 414 229 196
727 188 775 227 Β.
821 185 1094 226 CYRILLI
1134 181 1514 224 ALEXANDR.
1798 175 1840 215 ii.
1866 185 1904 227 5.

329 298 582 349 πείσεσθαί
625 301 775 363 φησιν
816 293 972 358 αυτὴν,
1018 292 1114 343 οἷον
1162 291 1365 359 ἔχουσαν
1415 292 1463 340 ἐν
1513 292 1570 356 τῇ
1618 285 1783 350 κλήσει
1827 285 1909 346 τῆς

331 378 755 446 ἐπενεχθησομένης
795 377 911 443 αὐτῇ
951 378 1202 442 συμφορᾶς
1242 373 1325 436 τὴν
1364 372 1591 436 δήλωσιν.

109 595 196 629 596
215 594 264 627 A.
296 603 317 625 a

294 654 314 691 5
336 657 441 700 Οὐαὶ
469 655 506 697 οἱ
534 658 831 697 κατοικοῦντες
869 654 916 695 τὸ
955 651 1174 708 σχοίνισμα
1211 654 1286 691 τῆς
1325 649 1555 698 θαλάσομε,
1582 648 1779 703 Πάροικοι
1809 643 1915 699 ΚρΗ-

401 742 498 782 τῶν·
539 742 661 786 λοι-οε
691 738 838 795 Κυρίου
865 737 928 793 ἐφ’
963 737 1071 784 ὑμᾶς
1099 733 1284 784 Χαναὰν,
1312 736 1359 779 Γιῖ
1389 732 1662 786 ἀλλοφύλων.

407 866 752 934 Ἀποχρώντως
784 863 1060 928 ἀπειλήσας,
1088 864 1163 912 καὶ
1196 860 1255 910 τὰ
1294 859 1411 910 ὅσον
1444 858 1622 909 οὐδέπω
1661 854 1913 918 συμβησό-
1936 866 1957 904 5

336 973 452 1013 μενα
475 947 884 1015 προαπηγγελκὼς
908 951 1003 999 τοῖς
1028 944 1112 1008 τὴν
1134 942 1465 1005 Παλαιστίνην
1489 944 1683 1001 οἰκοῦσι,
1707 937 1917 1004 Γαζαίοις

336 1034 392 1084 τέ
420 1039 542 1102 φημι
577 1035 651 1082 καὶ
683 1029 1078 1089 Ἀσκαλωνίταις,
1107 1026 1345 1092 Ἀζωτίοις
1380 1047 1427 1074 τε
1467 1025 1584 1086 ὁμοῦ
1622 1023 1696 1071 καὶ
1734 1024 1828 1073 τοῖς
1866 1019 1922 1087 ἐξ

336 1115 570 1180 Ἀκαρὼν,
597 1113 679 1165 τὸν
710 1113 817 1163 ἰ’σον
857 1112 1038 1179 ὑφαίνει
1072 1109 1219 1174 λόγον
1251 1109 1325 1158 καί
1364 1108 1437 1158 ἐπὶ
1476 1109 1576 1157 ταῖς
1610 1102 1783 1155 πόλεσι
1820 1106 1919 1154 ταῖς

341 1202 634 1259 Φοινικικαῖς,
662 1196 875 1260 μάλιστα
907 1194 955 1244 δὲ
987 1197 1081 1243 τῶν
1115 1189 1281 1242 ἄλλων
1315 1194 1414 1242 ταῖς
1451 1187 1568 1253 πρὸς
1603 1190 1662 1254 τῇ
1690 1184 1920 1251 θαλάσσῃ

295 1289 322 1329 b
341 1282 578 1344 κειμέναις.
642 1278 864 1345 ταύτῃτοί
888 1280 1039 1345 φησιν
1064 1278 1182 1326 Οὐαὶ
1213 1280 1245 1324 οἱ
1277 1271 1575 1324 κατοικοῦντες
1600 1268 1646 1320 τὶ
1675 1269 1921 1334 σχοίνισμοι
1945 1290 1989 1313 ιο

341 1366 415 1426 τῆς
443 1365 692 1424 θαλάσσης.
762 1361 915 1425 ἐπειδὴ
946 1360 993 1411 δὲ
1032 1362 1107 1410 καὶ
1140 1359 1320 1410 πολλαὶ
1351 1361 1445 1407 τῶν
1472 1354 1590 1406 κατὰ
1616 1352 1701 1417 τὴν
1728 1356 1916 1403 Παλαι-

342 1449 508 1512 στίνην
534 1447 721 1499 πόλεων
755 1447 812 1513 τῇ
845 1443 1076 1510 θαλάσσῃ
1102 1440 1488 1509 προσῳκήκασιν,
1516 1434 1793 1488 ἀποδιϊστὰς
1818 1432 1916 1484 ὥσ-

342 1554 430 1597 περ
457 1530 539 1583 τὰς
564 1526 920 1592 σημαινομένας,
947 1530 1007 1579 εἰς
1038 1524 1092 1575 τὸ
1124 1522 1277 1589 παρὸν
1304 1524 1548 1588 παροίκους
1582 1517 1723 1571 αὐτὰς
1751 1514 1924 1585 Κρητῶν

346 1616 586 1673 ἀποκαλεῖ,
613 1612 666 1662 ἵν’
695 1613 902 1661 ἐντεῦθεν
938 1612 1114 1673 νοῶμεν
1151 1605 1258 1658 τοὺς
1295 1607 1376 1667 τῆς
1413 1601 1630 1665 Φοινίκης
1668 1598 1923 1665 οἰκήτορας,

347 1695 425 1750 οὓς
456 1697 530 1746 καὶ
572 1694 750 1764 Κρητῶν,
789 1695 850 1746 ὡς
886 1691 1017 1760 ἔφην,
1050 1694 1294 1758 παροίκους
1332 1683 1553 1749 ὀνομάζει,
1596 1681 1670 1734 διὰ
1708 1680 1926 1743 τοιαύτην
1948 1700 1994 1739 15

348 1778 510 1829 αἰτίαν.
580 1776 736 1845 Κρῆτες
787 1777 862 1826 καὶ
904 1775 1075 1833 Λίβυες
1115 1772 1390 1836 διείργονται
1434 1766 1518 1829 μὲν
1562 1765 1640 1816 ἀπ’
1681 1762 1924 1827 ἀλλήλων,

348 1859 719 1925 μεσολαβούσης
745 1857 1015 1918 θαλάσσης,
1043 1855 1221 1918 ὀλίγοις
1257 1853 1423 1918 κομιδῇ
1462 1847 1795 1911 διαστήμασιν.
1865 1847 1926 1898 ὡς

347 1943 439 2009 γὰρ
478 1945 502 1993 ὁ
541 1940 690 1994 πολὺς
726 1940 815 2007 ε”χει
855 1939 1013 2003 λόγος,
1042 1937 1212 1998 ἀνέμου
1246 1934 1479 1993 πνέοντος,
1512 1931 1615 1981 ἔσθ’
1646 1929 1719 1980 ὅτε
1751 1932 1844 1978 τῶν
1877 1929 1926 1978 ἐκ

353 2028 517 2093 Κρήτης
557 2028 772 2082 βοτανῶν
817 2021 1084 2072 διάττουσιν
1129 2021 1174 2068 αἱ
1220 2018 1365 2079 ὀσμαὶ
1412 2016 1485 2065 καὶ
1524 2011 1629 2065 τοὺς
1680 2013 1726 2062 ἐν
1772 2009 1927 2076 Λιβύῃ

314 2133 334 2158 e
354 2110 583 2159 κτείνουσι
620 2109 777 2171 θῆρας,
806 2102 974 2170 ἑρπετά
1013 2125 1060 2152 τε
1102 2102 1222 2168 φημὶ
1250 2101 1324 2149 καὶ
1361 2096 1420 2148 τὰ
1456 2100 1549 2146 τῶν
1576 2093 1780 2154 ἰοβόλων
1804 2092 1925 2155 ἔθνη.
1949 2113 1997 2138 20

353 2190 580 2257 τετάχατο
606 2188 661 2251 δὴ
690 2189 770 2238 οὖν
798 2186 967 2247 Λίβυες
994 2209 1040 2235 τε
1069 2186 1142 2234 καὶ
1171 2182 1329 2253 Κρῆτες
1356 2182 1416 2233 ὡς
1443 2179 1572 2231 ε”θνος
1600 2176 1661 2227 ἕν.
1723 2177 1929 2226 ἐντεῦθεν

355 2272 475 2324 κατὰ
509 2269 691 2339 καιροὺς
726 2269 939 2320 ἀποικίαν
965 2268 1253 2322 στείλαντες,
1281 2262 1364 2315 τὰς
1398 2264 1445 2312 ἐν
1471 2264 1528 2328 τῇ
1556 2259 1747 2325 Φοινίκῃ
1774 2279 1923 2326 κατῳ-

356 2356 527 2419 κήκασι
566 2355 640 2404 καὶ
675 2352 970 2413 ἀνεδείμαντο
1009 2350 1185 2410 πόλεις,
1222 2345 1431 2410 καθάπερ
1471 2341 1631 2406 ἀμέλει
1670 2343 1745 2391 καὶ
1787 2342 1924 2389 Καπ-

355 2436 554 2489 παδόκαι
590 2434 707 2487 κατὰ
743 2433 925 2499 καιροὺς
963 2432 1045 2485 τὰς
1079 2433 1161 2494 τῆς
1191 2426 1530 2488 Παλαιστίνης.
1598 2425 1674 2473 καὶ
1698 2427 1813 2488 γοῦν
1839 2421 1931 2488 ε”φη

136 2530 293 2562 Amosix.
356 2543 448 2571 που
475 2518 593 2572 Θεὸς
628 2516 702 2567 διὰ
737 2518 896 2583 φωνῆς
921 2514 1081 2578 Ἀμῶς
1116 2520 1142 2541 “
1164 2512 1273 2577 Οὐχ
1311 2511 1371 2562 ὡς
1411 2509 1495 2558 υἱοὶ
1530 2503 1769 2556 Αἰθιόπων
1807 2504 1932 2566 ὑμεῖς
1953 2518 1999 2558 25

139 2582 155 2593 ,-

141 2593 166 2615 A·

408 2697 439 2719 2.
465 2684 524 2727 τὴν
541 2682 691 2727 δήλωσιν
707 2686 886 2724 assumpta
903 2691 943 2713 ex
965 2678 1004 2712 Β.
1113 2689 1146 2718 4.
1170 2675 1253 2718 ἡμᾶς
1272 2673 1351 2717 (sic)
1371 2670 1460 2705 Edd.
1479 2676 1558 2704 ante
1577 2668 1709 2713 Migne.
1817 2680 1849 2712 5.
1877 2668 1932 2701 οὐ,

360 2730 467 2776 δέπω]
487 2733 578 2764 οὔπω
596 2729 689 2763 Aub.
707 2727 793 2762 οὕτω
814 2727 914 2760 Pont.
1070 2733 1101 2768 7.
1128 2724 1211 2765 ὁμοῦ
1229 2725 1451 2763 assumptum
1468 2729 1508 2751 ex
1530 2716 1570 2750 B.
1721 2715 1753 2747 8.
1781 2715 1934 2758 Φοινίκης

363 2791 424 2823 pro
439 2780 563 2812 πόλεσι
581 2778 652 2811 ταῖς
669 2781 760 2808 Φοιν.
781 2773 870 2807 Edd.
1029 2782 1080 2804 11.
1106 2770 1159 2803 καὶ
1176 2767 1319 2802 accessit
1335 2778 1376 2799 ex
1396 2765 1438 2798 B.
1601 2773 1651 2807 13.
1677 2762 1777 2796 αὐτὰς
1794 2764 1934 2806 Κρητῶν

361 2826 427 2858 hoc
445 2824 519 2858 ord.
540 2823 581 2857 B.
730 2831 780 2865 15.
812 2820 907 2853 Haec
923 2819 980 2854 οὓς
996 2816 1205 2852 καὶ-αἰτίαν
1221 2817 1440 2848 accesserunt
1456 2822 1497 2844 ex
1519 2810 1561 2843 B.
1708 2808 1759 2843 16.
1787 2806 1930 2852 Κρῆτες]

367 2876 403 2910 -4-
425 2872 489 2915 γὰρ
509 2869 600 2904 Edd.
658 2868 858 2912 διείργονται
878 2867 919 2900 B.
939 2866 1148 2909 διείργωνται
1167 2862 1200 2896 b.
1218 2861 1404 2904 διείργοντο
1424 2857 1515 2891 Edd.
1563 2856 1625 2899 μὲν
1638 2867 1707 2889 om.
1724 2855 1764 2889 Β.
1777 2854 1881 2888 habet
1898 2854 1932 2888 b.

365 2918 490 2950 Statim
507 2916 561 2951 ἀπ’
580 2922 800 2959 assumptum
818 2926 859 2947 ex
877 2913 911 2947 b.
1283 2917 1337 2940 21.
1362 2907 1526 2948 τετάχατο
1547 2903 1626 2938 B.b.
1644 2903 1824 2947 τετιὶχαται
1843 2900 1934 2935 Edd.

364 2974 418 2997 22.
444 2963 596 2997 ἀποικίαν
612 2963 646 2996 b.
668 2961 757 2995 Edd.
775 2961 926 2995 ἀποικίας
947 2959 986 2992 B.
1036 2959 1075 3000 τῇ
1094 2960 1313 2999 assumptum
1331 2964 1371 2986 ex
1393 2951 1471 2985 B.b.
1790 2958 1843 2992 25.
1870 2961 1935 2982 που

365 3022 433 3043 om.
457 3009 495 3042 Β.
