1997 3361
81 159 120 198 ii.
147 161 242 201 6-8.
631 166 698 206 IN
742 169 1089 209 AGGAEUM.
1564 173 1643 209 7305

72 268 226 331 μάννα
271 272 656 340 καταστάζοντος.
732 279 810 327 καί
849 301 892 328 τι
936 284 1142 329 τοιοῦτον
1183 279 1207 328 ὁ
1248 277 1512 346 ψαλμῳδὸς
1553 280 1639 328 ῦπ-

72 353 284 419 εμφαίνει
319 354 472 421 λέγων
499 359 602 408 “Ὀ
629 357 748 412 Θεὸς
782 360 829 410 ἐν
866 365 931 430 τῷ
969 361 1347 427 προπορεύεσθαί
1368 384 1423 411 σε
1450 360 1644 411 ἐνώπιον
1708 373 1865 445 ζκὲῐκνῑῑ.

69 438 97 461 “
123 439 207 484 τοῦ
250 442 370 487 λαοῦ
420 461 524 502 σου,
566 441 614 490 ἐν
663 445 728 509 τῷ
776 444 1026 503 διαβαίνειν
1074 466 1130 493 σε
1171 445 1218 493 ἐν
1262 448 1319 511 τῇ
1364 442 1533 511 ἐρήμῳ,
1581 446 1687 508 γῆῙ)
1730 430 1783 456 'sp

67 520 94 544 ‘⁶
118 515 326 582 ἐσείσθη,
372 522 446 570 καὶ
498 520 593 587 ’γὰρ
642 526 684 573 οἱ
732 525 916 589 οὐρανοὶ
967 525 1214 593 ἕσταξαν.”
1295 529 1544 575 σεσεῖσθαι
1594 525 1649 575 δέ

27 601 225 666 ὅφαμεν
257 599 312 650 τὸ
349 602 563 665 τηνικάδε
594 602 680 668 τὴν
719 609 821 670 γῆν,
857 608 943 673 οὐχ
982 608 1300 670 ὑπομείνασαν
1338 607 1420 658 τὸν
1460 607 1642 671 συνήθη

68 679 253 743 κλόνον,
288 684 397 733 ἀλλ’
438 687 498 738 ὡς
536 686 770 751 ἐπισήμου
803 688 1050 753 γενομένης
1084 693 1166 753 τῆς
1206 690 1368 758 ἐξόδου
1405 695 1498 740 τῶν
1536 694 1643 740 υἱῶν

68 761 282 828 Ἰσραὴλ,
317 768 392 816 καὶ
430 768 673 832 λαθούσης
708 771 869 820 οὐδένα
908 776 1002 821 τῶν
1041 773 1113 822 ἐπὶ
1152 775 1232 835 τῆς
1265 775 1364 837 γῆς.
1434 773 1643 823 τοιοῦτόν

68 866 170 895 τινα
195 848 398 910 σεισμὸν
423 849 570 901 πάλιν
594 851 793 903 ε”σεσθαί
815 857 938 920 φησι
965 853 1083 904 κατὰ
1109 853 1190 904 τὸν
1215 857 1297 918 τῆς
1322 859 1403 904 τοῦ
1425 857 1642 920 Σωτῆρος

68 926 197 989 ἡμῶν
229 930 470 994 ἐπιδημίας
502 932 673 997 καιρὸν,
702 937 763 988 ὡς
801 936 983 989 οὐδενὸς
1023 935 1274 1001 ἀγνοήσειν
1299 935 1556 999 μέλλοντος
1583 936 1642 986 τὰ

2 1009 49 1051 ΙΌ
67 1007 122 1058 δι’
149 1010 290 1074 αὐτῆς
314 1015 665 1079 κατορθώματα.
730 1017 849 1082 ε”γνω
879 1017 963 1081 μὲν
996 1018 1088 1084 γὰρ
1113 1020 1138 1068 ὁ
1163 1017 1355 1084 οὐρανὸς
1381 1017 1434 1069 τὸ
1459 1018 1641 1082 μυστή-

63 1112 178 1154 ριον,
217 1095 293 1144 καὶ
328 1095 493 1146 τούτου
531 1097 707 1163 μάρτυς
738 1100 762 1149 ὁ
796 1102 990 1152 Παῦλος
1021 1100 1179 1165 λέγων
1213 1107 1239 1128 “
1257 1099 1361 1150 Ἵνα
1395 1105 1640 1169 γνωρισθῇ
1704 1111 1846 1185 ξ’ἶὲ’1)1·ῐῑῑῖ-

66 1179 93 1202 “
119 1179 201 1224 νῦν
226 1180 325 1229 ταῖς
351 1179 515 1245 ἀρχαῖς
545 1183 619 1230 καὶ
652 1184 749 1233 ταῖς
785 1181 1018 1249 ἐξουσίαις
1044 1184 1091 1232 ἐν
1116 1186 1211 1236 τοῖς
1237 1184 1538 1248 ἐπουρανίοις,
1565 1184 1639 1235 διὰ
1658 1212 1678 1238 ο
1746 1179 1753 1190 ’
1814 1179 1821 1185 ”

65 1263 92 1286 “
119 1261 199 1322 τῆς
218 1261 508 1326 Ἐκκλησίας
532 1264 560 1327 ἡ
586 1266 926 1319 πολυποίκιλος
951 1267 1103 1333 σοφία
1122 1272 1204 1317 τοῦ
1222 1270 1359 1329 Θεοῦ,
1381 1267 1500 1317 κατὰ
1524 1268 1639 1334 πρό-

65 1346 92 1369 “
118 1344 252 1392 θεσιν
288 1348 382 1394 τῶν
419 1345 599 1396 αἰώνων
636 1346 694 1410 ἢν
732 1348 951 1410 ἐποίησεν
990 1350 1037 1398 ἐν
1071 1353 1136 1417 τῷ
1162 1352 1361 1419 Χριστῷ
1386 1348 1546 1413 Ἰησοῦ
1574 1356 1640 1420 τῷ

0 1427 91 1472 ῐ5“
119 1424 278 1494 Κυρίῳ
315 1426 489 1489 ἡμῶν.”
555 1428 674 1494 ε”γνω
706 1429 754 1480 δὲ
794 1431 962 1493 ὁμοίως
997 1433 1071 1481 καὶ
1112 1431 1140 1495 ἡ
1179 1432 1416 1495 σύμπασα
1453 1436 1529 1498 γῆ,
1563 1436 1639 1484 καὶ

63 1503 91 1568 ἡ
140 1505 386 1571 θάλασσα,
434 1510 676 1562 τουτέστιν
719 1514 765 1562 αἱ
810 1515 960 1576 νῆσοι.
1028 1513 1096 1567 τίς
1139 1512 1232 1579 γὰρ
1283 1514 1404 1568 ὅλως
1451 1518 1532 1579 τῆς
1577 1520 1638 1569 εἷς

63 1593 201 1638 τοῦτο
241 1589 463 1655 γνώσεως
506 1592 766 1659 ἀμοιρήσας
815 1595 976 1660 ὁρᾶται
993 1617 1005 1657 ;
1054 1597 1165 1646 ποία
1215 1597 1460 1660 θάλασσα,
1503 1603 1638 1649 ποῖον

64 1669 207 1733 ἔθνος,
230 1674 340 1723 ποία
366 1679 504 1741 μοῖρα
538 1679 620 1738 τῆς
655 1675 729 1727 ὑπ’
769 1677 996 1743 οῦρανόν;
1044 1678 1316 1744 κεκήρυκται
1355 1679 1454 1730 “rb
1493 1681 1631 1745 εὐαγ-
1697 1682 1849 1758 {ii?sj²g⁰

64 1759 91 1782 ‘⁶
115 1752 274 1818 γε’λιον
299 1759 360 1810 εἰς
383 1756 538 1807 πάντα
563 1757 622 1808 τὰ
648 1758 795 1823 ε”θνη,”
824 1759 944 1810 κατὰ
979 1759 1065 1824 τὴν
1098 1766 1181 1811 τοῦ
1209 1764 1427 1828 Σωτῆρος
1459 1763 1634 1829 φωνήν.

0 1855 43 1880 20
64 1833 123 1885 ἔτι
154 1836 308 1887 τοίνυν
342 1842 492 1905 φησὶν
526 1838 660 1909 ἅπαξ
690 1840 778 1906 ἐγω
817 1843 918 1892 σεῖω
944 1840 1009 1893 τόν
1037 1842 1195 1911 οὐρανόν
1224 1849 1300 1894 καὶ
1333 1843 1400 1903 τὴν
1430 1843 1524 1910 yffi,
1556 1852 1634 1897 καὶ

60 1915 165 1968 τότε
195 1919 280 1988 ἥξει
315 1918 374 1971 τέι
411 1920 609 1973 ἐκλεκτέι
643 1921 814 1974 πάντων
851 1924 930 1974 τῶν
967 1924 1080 1976 ἑθνῶν
1118 1932 1192 1976 καὶ
1229 1928 1390 1986 πλήσας)
1424 1925 1489 1978 τὶν
1525 1926 1636 1980 οἶκον

59 2001 197 2052 τοῦτον
231 1998 371 2071 δόξης.
436 2009 654 2055 πλεῖστοι
687 2004 779 2072 γὰρ
814 2005 920 2056 ὅσοι
958 2009 1033 2058 καὶ
1071 2009 1120 2058 ἐκ
1158 2007 1333 2062 παντὸς
1363 2008 1522 2062 ἔθνους
1559 2014 1679 2064 καὶά

59 2085 267 2149 λαμπροὶ
303 2086 380 2134 καὶ
413 2085 664 2137 ἀπόλεκτοι
699 2086 952 2153 γεγόνασιν
985 2092 1026 2140 οἱ
1062 2088 1439 2153 πεπιστευκότες,
1470 2093 1544 2142 καὶ
1571 2094 1633 2146 ὡς

58 2163 106 2212 ἐν
154 2165 283 2234 τάξει
332 2172 566 2233 λαμπρῶν
615 2169 926 2234 ἀναθημάτων
977 2174 1038 2225 εἷς
1087 2171 1170 2222 τὸν
1222 2171 1330 2224 οἷκον
1380 2179 1462 2224 τοῦ
1507 2177 1632 2225 Θεοῦ

0 2261 40 2301 25
59 2249 473 2314 συναγηγερμένοι,
507 2253 582 2301 καὶ
618 2247 751 2320 δόξαν
788 2253 913 2322 αὐτῷ
952 2253 1026 2303 διὰ
1063 2254 1229 2305 τούτου
1261 2254 1629 2321 προσάπτοντες,

108 2470 137 2494 1.
155 2461 418 2504 καταστάζοντος
434 2462 517 2497 D.b.
534 2462 608 2497 Cat.
623 2463 705 2498 Nik.
721 2463 812 2498 Edd.
828 2466 1130 2509 κατασκεδάζοντος
1144 2467 1185 2500 Β.
1242 2466 1366 2501 Statim
1384 2468 1438 2501 καί
1448 2482 1479 2501 τι
1498 2468 1628 2504 B.D.b.

59 2505 164 2540 καίτοι
181 2506 273 2541 Edd.
338 2509 539 2554 ὑπεμφαίνει
558 2510 651 2544 B.D.
669 2511 776 2556 ὑποφ.
793 2511 827 2545 b.
846 2511 938 2546 Edd.
1187 2524 1217 2547 2.
1242 2513 1516 2559 προπορεύεσθαί
1533 2515 1626 2550 B.D.

59 2551 150 2586 Edd.
169 2553 407 2598 ἐκπορεύεσθαι
426 2556 459 2590 b.
478 2556 578 2601 (Vat.
597 2557 681 2602 Sec.)
899 2570 932 2603 3.
957 2558 1015 2604 τῇ]
1034 2561 1076 2605 γῇ
1096 2559 1143 2594 D.
1357 2571 1388 2605 7.
1414 2563 1471 2604 τῆς
1488 2573 1556 2596 om.
1578 2563 1625 2597 D.

58 2598 91 2632 8.
114 2600 216 2634 πάλιν
233 2602 376 2646 σεισμὸν
392 2603 463 2636 inv.
482 2603 556 2637 ord.
576 2604 622 2637 D.
671 2605 753 2638 κατὰ
770 2611 989 2649 assumptum
1008 2618 1048 2640 ex
1068 2606 1198 2641 B.D.b.
1269 2607 1443 2650 ἐπιδημίας
1467 2615 1546 2642 ante
1566 2612 1626 2643 τοῦ

58 2649 187 2690 transp.
205 2647 240 2681 b.
406 2661 438 2694 9.
465 2649 643 2695 ἀγνοήσειν
661 2651 792 2685 B.D.b.
809 2651 973 2697 ἀγνοῆσαι
992 2652 1083 2687 Edd.
1245 2664 1297 2687 12.
1322 2657 1394 2689 ταῖς
1410 2656 1468 2688 alt.
1487 2667 1556 2689 om.
1576 2656 1622 2690 D.

58 2690 92 2725 ἐν
107 2694 176 2728 τοῖς
192 2693 398 2739 ἐπουρανίοις
415 2703 595 2741 assumpta
611 2709 652 2731 ex
672 2697 802 2732 B.D.b.
963 2709 1085 2744 13—15.
1111 2700 1193 2733 κατὰ
1209 2701 1510 2745 πρόθεσιν-ἡμῶν
1530 2702 1622 2737 B.D.

57 2736 96 2780 ἣν
112 2738 268 2783 ἐποίησεν
284 2742 319 2775 ἐν
335 2744 380 2788 τῷ
399 2746 535 2789 Χριστῷ
555 2744 588 2777 b.
600 2745 653 2778 καὶ
669 2745 709 2778 τὰ
724 2746 800 2789 ἑξῆς
814 2744 904 2778 Edd.
1005 2757 1057 2787 14.
1075 2749 1121 2792 τῷ
1136 2747 1232 2791 prius
1246 2754 1467 2791 assumptum
1481 2760 1521 2781 ex
1536 2749 1621 2783 D.b.

57 2783 153 2819 deest
168 2786 205 2820 in
223 2787 266 2822 B.
484 2800 536 2832 15.
563 2791 616 2824 καὶ
633 2791 728 2835 prius
746 2804 816 2825 om.
833 2791 868 2825 b.
890 2791 993 2826 habet
1012 2792 1057 2825 D.
1274 2794 1326 2828 16.
1352 2794 1620 2841 ὅλως-ὁρᾶται]

56 2829 150 2865 ἐστιν
165 2833 252 2869 ὅλως
269 2835 287 2867 ὁ
303 2835 361 2878 τῆς
378 2835 424 2870 εἷς
440 2851 470 2870 τ.
487 2851 540 2881 γν.
557 2837 613 2881 ἀμ.
633 2838 679 2871 D.
1059 2850 1114 2874 20.
1140 2839 1221 2874 σείω
1241 2840 1282 2874 Β.
1301 2841 1408 2875 σείσω
1426 2841 1510 2876 D.b.
1529 2842 1622 2877 Edd.

58 2887 113 2911 21.
139 2879 230 2925 τότε]
254 2885 291 2921 -Ι-
310 2883 419 2926 φησιν
438 2883 483 2916 D.
531 2885 703 2928 πληρώσω
721 2885 767 2918 D.
787 2885 841 2928 (ut
858 2886 990 2930 supra).
1009 2885 1132 2929 πλὴσω
1150 2886 1254 2920 habet
1270 2887 1305 2921 b.
1498 2900 1552 2933 23.
1578 2890 1623 2924 ὡς

57 2931 276 3006 ἃδξυῐηὲἓιέῐη
293 2939 334 2962 ex
354 2928 447 2964 B.D.
465 2933 536 2964 οἱον
551 2942 615 2976 pro
632 2931 675 2966 ὣς
692 2931 725 2965 b.
1048 2942 1102 2978 25.
1128 2932 1247 2968 τούτου
1267 2933 1396 2969 B.D.b.
1417 2933 1551 2980 [τοῦτου
1569 2935 1621 2981 b.]

57 2983 154 3004 τουτο
254 2999 262 3007 .

113 3038 203 3067 VOL.
227 3041 272 3068 II.
808 3046 839 3073 M
861 3048 902 3073 nl
