2053 3382
124 1450 207 1485 722
223 1449 272 1483 A.

124 1920 178 1951 ΡΒ.
194 1920 256 1951 ciii.

129 1973 176 2003 15.

337 175 422 216 392
728 175 777 215 B.
820 172 1098 214 CYRILLI
1144 172 1527 212 ALEXANDR.
1645 171 1731 212 viii.
1753 185 1819 220 11,
1844 183 1906 212 12.

338 286 432 333 τῶν
482 282 700 348 γηπόνων
751 283 946 347 ἱδρῶτας
995 281 1287 344 ἀμείβεσθαι,
1328 281 1525 347 οὐρανοῦ
1566 279 1785 344 δηλονότι
1825 303 1909 343 μο-

341 366 524 430 νονουχὶ
563 365 637 413 καὶ
674 363 967 425 συνθέοντος,
995 364 1069 413 καὶ
1102 362 1290 428 δρόσοις
1325 362 1709 416 καταπιαίνοντος
1739 360 1910 427 ἀγροὺς

341 444 558 509 δηλονότι
603 446 678 495 καὶ
720 444 778 495 τὰ
815 447 862 495 ἐν
901 446 1070 498 αὐτοῖς.
1137 444 1301 512 ἕψεται
1339 443 1431 510 γὰρ
1468 443 1654 497 πάντως
1693 448 1787 496 τοῖς
1827 448 1911 493 τοῦ

343 526 596 578 Δεσπότου
628 526 852 590 νεύμασιν
888 526 1080 593 οὐρανός
1120 549 1167 576 τε
1209 528 1284 576 καὶ
1317 529 1392 592 γῆ,
1435 528 1509 577 καὶ
1548 525 1843 594 ἁπαξαπλῶς
1883 525 1911 588 ἡ

340 609 505 662 κτίσις.
575 611 746 674 κλῆρος
781 609 827 659 δὲ
862 614 1010 659 ταῦτα
1043 612 1109 678 τῷ
1142 607 1357 674 Ἰσραὴλ,
1395 612 1519 659 Θεοῦ
1558 608 1911 673 κατευρύνοντος

338 689 424 754 τὴν
462 691 715 757 εὐημερίαν,
741 694 815 741 καὶ
853 692 1027 745 παντὸς
1065 696 1147 741 τοῦ
1185 689 1448 757 πεφυκότος
1486 692 1618 740 ἀνιᾶν
1656 689 1905 741 ἀπαλλάτ-

301 792 515 828 Θτοντος.

430 855 680 922 Ἀρμόσειε
727 857 768 906 δ’
813 855 870 907 ἂν
912 858 936 907 ὀ
980 858 1053 907 ἐπὶ
1093 859 1209 925 τῷδε
1251 855 1397 921 λόγος
1441 857 1507 924 τῷ
1544 854 1734 906 πάντων
1783 855 1914 918 ἡμῶν

341 941 525 1003 Σωτῆρι
560 942 774 1007 Χριστῷ.
843 937 935 1004 πρὸ
971 937 1054 1001 μὲν
1091 938 1183 1003 γὰρ
1215 942 1308 988 τῶν
1345 941 1427 1001 τῆς
1464 937 1705 1001 ἐπιδημίας
1743 940 1914 1002 καιρῶν

340 1020 608 1086 ἐβαδίζομεν
641 1020 839 1074 ἕκαστος
874 1020 991 1071 κατὰ
1029 1019 1082 1072 τὸ
1125 1021 1248 1090 αὐτῷ
1285 1022 1464 1082 δοκοῦν,
1505 1019 1715 1084 κτηνώδη
1754 1041 1802 1069 τε
1838 1020 1912 1069 καὶ

340 1103 645 1168 ἀλογώτατον
680 1105 963 1163 διαβιοῦντες
994 1104 1114 1163 βίον,
1140 1104 1214 1153 καὶ
1248 1107 1347 1157 ταῖς
1382 1106 1475 1153 τῶν
1514 1102 1761 1165 δαιμονίων
1786 1100 1908 1152 ἀπά-

339 1207 438 1238 ταις
469 1184 831 1251 συνεζευγμένοι.
897 1180 1053 1249 ἐπειδὴ
1092 1185 1140 1236 δὲ
1177 1185 1497 1250 πεπραμένους
1527 1185 1671 1249 μόνον
1711 1183 1759 1234 δὲ
1798 1185 1914 1251 οὐχὶ,

341 1269 416 1317 καὶ
457 1268 838 1334 κατερριμμένους
883 1271 944 1320 εἰς
981 1271 1084 1334 γῆν,
1123 1269 1197 1318 καὶ
1240 1267 1329 1318 ὑπὸ
1366 1266 1513 1320 πόδας
1552 1266 1689 1320 ὄντας
1720 1267 1914 1333 ἐχθρῶν,

342 1347 555 1417 ᾤκτειρεν
590 1351 614 1400 ὁ
656 1349 836 1414 Πατὴρ,
863 1351 1010 1401 οὐκέτι
1040 1351 1289 1414 πεποίηκεν
1323 1349 1432 1413 ἡμῖν
1473 1348 1597 1400 κατὰ
1634 1348 1718 1403 τὰς
1757 1349 1914 1419 ἡμέρας

303 1432 425 1486 arbes
459 1431 702 1501 ἔμπροσθεν.
768 1434 820 1483 οὐ
852 1432 944 1498 γὰρ
983 1435 1204 1497 περιεῖδεν
1242 1432 1307 1482 ἔτι
1345 1432 1806 1494 πλεονεκτουμένους,
1840 1433 1913 1482 καὶ

344 1513 432 1565 ὑπὸ
461 1515 668 1584 τυράννῳ
706 1515 997 1581 πράττοντας
1036 1518 1146 1584 ὠμῷ
1183 1514 1299 1578 πρὸς
1337 1519 1432 1564 πᾶν
1471 1515 1624 1564 ὁτιοῦν
1663 1515 1783 1576 ἡμᾶς
1822 1519 1916 1564 τῶν

345 1597 607 1663 αἰσχίστων
639 1597 938 1666 ἀποφέροντι·
980 1597 1144 1647 δέδωκε
1184 1597 1231 1648 δὲ
1269 1601 1458 1660 μᾶλλον
1490 1597 1598 1660 ἡμῖν
1629 1595 1713 1659 τὴν
1748 1596 1804 1664 ἐξ
1832 1597 1908 1646 οὐ·

342 1683 496 1743 ρανῶν
525 1683 679 1746 εἰρήνην,
707 1680 916 1729 τουτέστι
945 1679 1172 1743 Χριστὸν,
1201 1678 1249 1732 ὃς
1284 1681 1358 1729 καὶ
1397 1677 1587 1742 ἁπάσης
1612 1678 1720 1741 ἡμῖν
1747 1680 1910 1743 εὐκαρ-

343 1761 451 1814 πίας
489 1763 570 1824 τῆς
605 1764 769 1825 νοητῆς
808 1761 1060 1826 δεδώρηται
1098 1763 1339 1829 χορηγίαν.
1407 1759 1782 1824 ἐμπεπλήσμεθα
1824 1759 1916 1825 γὰρ

343 1843 463 1912 σίτῳ
501 1865 548 1893 τε
587 1845 662 1894 καὶ
696 1843 817 1913 οἴνῳ,
852 1846 926 1894 καὶ
965 1841 1153 1895 δέδωκεν
1189 1845 1296 1908 ἡμῖν
1328 1869 1348 1903 η
1384 1841 1596 1909 ἄμπελος
1635 1843 1662 1906 ἡ
1702 1841 1916 1906 ἀληθινὴ,

343 1925 558 1976 τουτέστι
591 1925 818 1992 Χριστὸς,
852 1925 917 1978 τδν
952 1925 1106 1985 ἑαυτῆς
1142 1927 1319 1994 καρπὶν,
1345 1924 1427 1975 τὸν
1465 1925 1773 1993 εὐφραίνοντα
1807 1947 1917 1990 καρ-

345 2009 447 2058 δίαν
486 2008 747 2073 ἀνθρώπου,
786 2008 904 2059 κατὰ
941 2008 995 2059 τὸ
1032 2010 1369 2074 γεγραμμένον.
1434 2006 1570 2061 αὐτὸς
1609 2006 1655 2058 δὲ
1695 2005 1917 2074 ὑπάρχων

123 2101 261 2132 ὃιῐοπυ·
300 2093 327 2134 b
348 2091 420 2140 καὶ
447 2090 472 2140 ὁ
498 2088 661 2143 κόκκος
699 2097 780 2141 τοῦ
815 2091 950 2141 σίτου
986 2092 1060 2141 καὶ
1092 2089 1145 2141 τὸ
1184 2091 1371 2156 δράγμα
1396 2089 1450 2141 τὸ
1477 2089 1617 2155 ἱερὸν,
1647 2088 1786 2155 ἄρτος
1809 2089 1917 2153 ἡμῖν

124 2146 180 2175 xii.
198 2155 246 2182 24.

126 2188 299 2220 LeV.xxiii.

128 2241 176 2268 10,
199 2241 245 2263 [1.

124 2277 157 2307 S.
174 2277 273 2307 Joan.

125 2321 167 2351 vi.
185 2328 237 2359 35.

125 2419 179 2449 Ps.

126 2463 285 2503 cxxxihg.

345 2171 595 2241 ἀπεφάνθη
626 2172 753 2239 ζωῆς·
794 2173 1001 2241 ἀπέδειξε
1035 2172 1082 2223 δὲ
1123 2176 1196 2223 καὶ
1226 2172 1604 2234 εὐανθεστάτους,
1630 2177 1729 2225 ταῖς
1754 2171 1810 2240 ἐξ
1832 2172 1909 2221 οὐ·

344 2259 487 2320 ρανοῦ
525 2256 838 2306 καταπιαίνων
865 2253 1043 2325 δρόσοις,
1069 2257 1214 2318 δῆλον
1240 2253 1285 2306 δὲ
1312 2255 1382 2306 ὅτι
1405 2259 1504 2308 ταῖς
1537 2258 1718 2318 νοηταῖς
1741 2255 1815 2304 καὶ
1842 2252 1916 2304 διὰ

346 2341 428 2387 τοῦ
471 2338 755 2400 Πνεύματος,
800 2335 864 2387 ὧν
909 2339 982 2387 καὶ
1026 2338 1050 2388 ὁ
1101 2337 1354 2391 θεσπέσιος
1399 2339 1572 2388 Δαυεὶδ
1615 2335 1916 2399 διαμέμνηται

347 2418 502 2484 λέγων
542 2420 670 2473 “”Ως
709 2417 879 2485 δρόσος
916 2417 1129 2485 Ἀερμὼν
1168 2419 1195 2482 ἡ
1235 2419 1587 2480 καταβαίνουσα
1625 2420 1697 2469 ἐπὶ
1735 2417 1794 2469 τὰ
1831 2418 1915 2485 ὅρη

396 2617 425 2640 1.
452 2606 608 2650 δηλονότι
633 2608 685 2640 καὶ
710 2608 770 2651 τὴν
795 2607 830 2641 ἐν
854 2607 966 2643 αὐτοῖς
984 2607 1044 2652 (3)
1062 2607 1161 2653 quasi
1187 2619 1206 2642 a
1231 2608 1385 2651 δηλονότι
1412 2607 1455 2640 ad
1482 2607 1637 2650 δηλονότι
1654 2605 1849 2639 transiliens
1870 2605 1914 2639 D.

344 2664 377 2697 3.
403 2653 560 2697 δηλονότι
578 2661 798 2698 assumptum
816 2666 856 2687 ex
876 2653 917 2687 C.
1325 2663 1357 2699 5.
1385 2656 1508 2696 κλῆρος
1527 2653 1602 2687 C.b.
1621 2654 1737 2695 κλῆροι
1757 2652 1803 2685 D.
1822 2652 1914 2686 Edd.

346 2700 379 2733 6.
405 2702 463 2733 τοῦ
481 2701 672 2744 πεφυκότος
693 2700 873 2745 [πεφοικὸς
889 2699 940 2746 b.]
961 2700 1054 2735 ἀνιᾶν
1073 2700 1202 2734 C.D.b.
1221 2700 1358 2745 ἀνιαροῦ
1381 2700 1467 2734 Edd.
1610 2700 1641 2732 8.
1660 2699 1802 2742 ἁρμόσει
1821 2698 1913 2733 C.D.

344 2744 408 2791 τῷ]
428 2749 494 2780 τῶν
512 2746 602 2780 Edd.
622 2754 700 2780 ante
719 2747 851 2792 Migne.
1100 2758 1152 2781 10.
1178 2748 1266 2793 αὐτῷ
1285 2759 1353 2781 om.
1373 2747 1412 2780 C.
1476 2761 1512 2780 τε
1530 2752 1749 2789 assumptum
1768 2757 1807 2778 ex
1828 2745 1915 2780 B.C.

350 2803 401 2826 12.
428 2793 539 2835 ἐπειδὴ
560 2793 600 2827 C.
620 2794 689 2827 ἐπεὶ
710 2794 755 2827 D.
776 2793 867 2827 Edd.
931 2794 1161 2838 πεπραμένους
1180 2795 1226 2828 D.
1251 2795 1466 2837 πεπραχότας
1491 2793 1615 2826 ἀθλίως
1634 2792 1673 2825 (J.
1701 2794 1916 2827 πεπτωκότας

346 2839 437 2872 Edd.
504 2840 539 2873 δὲ
557 2841 613 2874 alt.
631 2847 850 2885 assumptum
869 2853 909 2874 ex
930 2840 1020 2874 C.D.
1382 2840 1434 2873 16.
1461 2839 1544 2882 ἡμᾶς
1560 2842 1625 2872 τῶν
1641 2838 1831 2883 αἷσχίστων
1849 2839 1914 2872 hoc

347 2885 466 2919 ordine
486 2885 575 2920 C.D.
814 2888 866 2920 18.
892 2887 980 2930 ἡμῖν]
1006 2892 1042 2927 4—
1063 2888 1121 2929 τῆς
1140 2886 1230 2920 Edd.
1247 2887 1315 2920 inv.
1338 2885 1377 2919 C.
1626 2896 1680 2919 20.
1707 2886 1790 2931 σίτῳ
1808 2901 1843 2919 τε
1861 2887 1912 2919 καὶ

346 2931 422 2976 οἴνῳ
442 2932 482 2964 C.
502 2935 598 2966 σιτοῦ
616 2948 651 2967 τε
669 2935 721 2967 καὶ
739 2933 828 2967 οἴνου
848 2933 938 2967 Edd.
1003 2934 1146 2967 δέδωκεν
1165 2934 1251 2967 B.C.
1270 2933 1452 2976 δεδώρηκεν
1471 2931 1561 2966 Edd.
1728 2943 1781 2965 22.
1809 2933 1912 2977 ὑπάρ-

346 2991 415 3021 χων
434 2977 520 3011 B.C.
540 2979 681 3024 ὑπάρχει
700 2980 789 3014 Edd.
1028 2991 1081 3024 23.
1107 2981 1334 3024 ἄρτος-ζωῆς
1353 2978 1392 3013 C.
1412 2979 1618 3022 αὐτὸς-ζωὴ
1640 2978 1727 3013 Edd.

1932 626 1953 663 m

1940 1040 1984 1065 10

1937 1863 1986 1888 20
