1997 3361
119 151 159 191 ii.
191 152 336 205 16‚17.
565 153 635 193 IN
677 153 955 194 ABACUC.
1016 153 1166 194 TOM.
1202 154 1237 194 I.
1621 152 1696 191 113

118 259 187 321 τὴν
237 261 447 317 οἱσέβειαν
497 264 569 313 τοῦ
617 262 814 322 Λιβάνου
866 261 952 326 τὴν
1003 261 1100 312 κατ’
1153 261 1324 312 ἐκείνου
1373 259 1698 325 γεγενημένην.

119 346 310 403 Λίβανον
343 344 404 406 δὲ,
438 346 499 398 ὡς
530 344 668 412 ἔφην,
700 343 728 408 ἦ
755 343 840 407 τὴν
865 345 1106 406 Ἰουδαίαν,
1134 344 1280 409 ἤγουν
1306 341 1364 393 τὰ
1389 339 1701 407 Ἱεροσόλυμα

119 434 263 479 καλεῖ·
305 431 475 494 οἰηθείη
506 431 547 480 δ’
578 430 635 480 ἄν
673 453 741 483 τις
780 432 854 480 καὶ
893 429 1033 480 αὐτὸν
1073 430 1187 482 ἴσως
1225 428 1308 479 τὸν
1342 426 1454 478 νεὼν
1487 425 1614 477 πολὺ
1647 424 1700 475 τὸ

120 512 282 564 εὐῶδες
325 511 502 579 ἔχοντα,
544 514 617 562 καὶ
658 516 757 565 ταῖς
797 516 891 562 τῶν
940 511 1092 577 ἱερέων
1138 509 1345 577 καθάπερ
1388 511 1486 561 τισὶ
1528 507 1702 574 κέδροις

77 598 335 656 5κομῶντα
366 600 607 662 κεφαλαῖς.
673 595 776 644 τίνα
810 593 857 644 δὲ
896 593 1071 659 τρόπον
1109 592 1250 644 αὐτὸν
1283 593 1309 656 ἡ
1345 591 1462 643 κατὰ
1500 596 1582 642 τοῦ
1609 594 1700 640 Λι-

118 673 266 735 βάνου
317 676 600 742 γεγενημένη
658 673 894 746 καλύψειν
944 676 1140 738 ε”μελλεν
1201 674 1408 737 οέσέβεια,
1460 672 1703 741 παρέδειξε

118 759 384 822 προστιθείς
402 758 508 810 (Ότι
536 761 826 827 ταλαιπωρία
851 757 987 828 θηρίων
1014 759 1193 818 πτοήσει
1222 781 1285 808 σε.
1342 757 1455 807 ε”οικε
1483 755 1531 805 δὲ
1554 754 1702 806 πάλιν
1721 761 1748 801 (l

119 837 238 908 θῆρας
265 843 519 892 ἀποκαλεῖν
551 842 657 895 τοὺς
686 841 828 909 Κύρῳ
855 840 1277 902 συνωπλισμένους
1308 838 1500 905 Πέρσας
1538 861 1587 888 τε
1627 840 1703 888 καὶ

122 922 329 985 Μήδους,
374 926 435 977 ὡς
478 922 603 974 πολὺ
644 921 698 973 τὸ
742 924 971 973 οἱτίθασον
1016 922 1221 988 ἔχοντας,
1261 924 1336 971 καὶ
1383 925 1444 974 εἷς
1484 920 1705 984 ὠμότητα

55 1025 101 1049 10
119 1005 443 1070 τεθηγμένους.
507 1006 577 1056 ὅτι
610 1005 658 1056 δὲ
694 1003 876 1071 κολάζει
902 1002 1021 1056 Θεὸς
1048 1004 1100 1054 οὐ
1126 1002 1292 1067 μάτην,
1320 1004 1429 1053 ἀλλ’
1457 1002 1523 1056 οἷς
1551 1003 1608 1053 ἄν
1634 1025 1705 1055 τις

120 1086 306 1152 δράσειε
344 1087 426 1141 τὰς
464 1088 742 1155 ἷσοῤῥόπους
768 1086 928 1152 ἐπάγει
953 1085 1132 1148 ποινὰς,
1159 1085 1366 1153 ἐδίδαξεν
1398 1085 1599 1136 ἐπειπών
1628 1088 1703 1135 Δι’

120 1169 303 1238 αἵματα
341 1169 564 1240 ανθρώπων
605 1177 681 1221 καὶ
722 1171 941 1228 α’σεβείας
980 1167 1055 1228 τῆς
1093 1170 1268 1222 πόλεως
1302 1172 1379 1219 καὶ
1420 1167 1592 1219 παντων
1626 1167 1705 1218 τῶν

125 1252 429 1303 κατοικούντων
463 1254 604 1313 αὐτήν.

195 1332 475 1385 Ἀκούσεται
514 1334 562 1385 δὲ
598 1336 672 1385 καὶ
716 1338 809 1385 τῶν
853 1332 1126 1399 Φαρισαίων
1171 1332 1381 1393 ἕκαστος,
1421 1331 1465 1382 οἳ
1509 1332 1584 1382 καὶ
1623 1333 1707 1395 τῆς

53 1438 100 1476 15
121 1415 240 1466 κατὰ
259 1419 474 1483 Χριστοῦ
499 1416 664 1478 μανίας
688 1415 943 1482 γεγόνασιν
969 1416 1146 1481 εὑρεταὶ
1172 1416 1246 1465 καὶ
1280 1413 1501 1464 συνθέται
1531 1418 1619 1464 Καὶ
1650 1411 1703 1464 συ
1721 1438 1743 1465 e

123 1495 284 1567 καροδιά
327 1498 557 1560 σαλεῦθητι
601 1506 678 1550 καὶ
725 1497 926 1558 meio-Onu.
995 1499 1222 1549 ἐκύκλωσε
1273 1495 1366 1562 γὰρ
1418 1497 1488 1547 ἐπ’
1539 1494 1705 1548 αὐτοὺς

119 1583 311 1648 ποτήριον
349 1579 496 1651 δεξιοῖς
538 1584 699 1651 Κυρίου,
735 1579 915 1644 συνήχθη
947 1579 994 1631 δὲ
1035 1584 1112 1631 καὶ
1151 1583 1317 1645 οἰτιμία
1357 1580 1427 1630 ἐπὶ
1468 1577 1537 1638 τὴν
1576 1575 1705 1647 δόξαν

120 1664 287 1716 αὐτῶν.
352 1664 651 1715 ἐκπεπώκασι
690 1663 739 1714 δὲ
779 1665 840 1717 ὡς
882 1662 1078 1729 ὀλέθρου
1116 1660 1340 1727 ποτήριον
1377 1661 1462 1724 τὴν
1496 1662 1699 1723 ἐπισυμ-

119 1749 282 1805 ficio-av
305 1746 458 1800 αὐτοῖς
485 1745 643 1813 ὀργὴν,
671 1745 828 1808 ἄτιμοί
851 1768 899 1795 τε
926 1744 1154 1811 γεγόνασι
1181 1746 1254 1794 καὶ
1283 1742 1474 1807 ἁπάσης
1499 1744 1705 1796 εὐκλείας

53 1851 102 1876 20
123 1829 182 1879 ὡς
214 1826 460 1880 ἀπωτάτω.
526 1827 777 1892 ἠσεβησαν
812 1825 905 1893 γὰρ
944 1829 1019 1876 καὶ
1057 1826 1184 1876 οὗτοι
1223 1824 1342 1875 κατὰ
1379 1831 1462 1876 τοῦ
1488 1826 1700 1884 Λιβάνου.

122 1911 313 1969 Λίβανον
349 1909 396 1961 δὲ
432 1909 613 1974 νοήσεις
651 1909 735 1974 τὴν
760 1909 1067 1972 Ἐκκλησίαν,
1102 1907 1187 1971 τὴν
1226 1909 1415 1971 ἀληθῶς
1454 1907 1617 1972 εὐώδη,
1651 1907 1705 1958 τὸ

122 1989 228 2056 ὅρος
253 1990 307 2041 τὸ
334 1990 567 2059 διαφανὲς,
589 1994 662 2042 καὶ
687 1997 782 2045 τοῖς
804 1992 1052 2058 ἁπανταχῆ
1072 1989 1450 2055 γνωριμώτατον.
1508 1989 1705 2058 ἐδίωξαν

123 2072 170 2123 δὲ
207 2073 292 2136 τὴν
329 2074 624 2138 Ἐκκλησίαν
665 2073 782 2137 μετὰ
820 2071 902 2124 τὸν
935 2078 1017 2123 τοῦ
1059 2075 1278 2137 Σωτῆρος
1320 2070 1542 2138 σταυρόν.
1610 2094 1745 2122 τοι-α
1772 2090 1857 2124 546
1874 2089 1923 2123 A.

124 2153 290 2221 γάρτοι
327 2157 402 2206 καὶ
438 2153 775 2219 κατεπτόηνται
806 2152 1016 2220 καθάπερ
1055 2152 1144 2204 ὑπὸ
1185 2154 1359 2218 θηρίων
1395 2157 1490 2202 τῶν
1521 2175 1698 2217 πεπορ-

0 2251 1 2254 ’
55 2262 102 2300 25
123 2236 333 2301 θηκότων
373 2235 552 2299 αὐτοὺς,
591 2238 665 2286 καὶ
697 2241 898 2290 πολλοῖς
933 2236 1100 2299 αἵμασι
1137 2234 1381 2300 γεγονότες
1420 2234 1571 2302 ἔνοχοι
1608 2239 1704 2289 τοῖς

122 2324 216 2370 τῶν
250 2320 395 2385 ἁγίων
429 2322 700 2387 προφητῶν,
726 2317 1028 2383 προσέθηκαν
1061 2317 1242 2371 τούτοις
1281 2319 1355 2367 καὶ
1394 2315 1453 2367 τὰ
1491 2321 1584 2367 τῶν
1615 2340 1700 2367 πε-

122 2401 441 2453 πιστευκότων
481 2404 542 2455 εἷς
591 2399 675 2451 τὸν
722 2399 898 2465 Κύριον
941 2399 1071 2462 ἡμῶν
1115 2398 1304 2463 Ἰησοῦν
1353 2397 1587 2464 Χριστὸν,
1642 2397 1706 2450 ὧν

174 2606 203 2629 1.
228 2597 287 2629 τοῦ
306 2595 452 2634 Λιβάνου
469 2594 528 2637 τὴν
545 2592 613 2627 κατ’
633 2592 758 2627 ἐκείνου
778 2592 824 2626 D.
843 2591 902 2634 τὴν
919 2591 1000 2625 κατὰ
1021 2591 1169 2629 Λιβάνου
1188 2590 1279 2624 Edd.
1405 2601 1435 2624 2.
1462 2591 1529 2634 εφη
1547 2590 1605 2624 iid.
1624 2594 1705 2625 ante

124 2642 257 2687 Migne.
309 2640 466 2675 Statim
451 2656 468 2684 η
488 2652 558 2674 om.
578 2640 623 2674 D.
791 2650 825 2683 5.
851 2639 951 2672 αὐτὸν
967 2649 1037 2671 om.
1058 2637 1105 2671 D.
1154 2639 1235 2671 κατὰ
1254 2643 1286 2671 et
1302 2637 1503 2695 γεγενημένη
1522 2643 1707 2682 assumpta

123 2701 164 2723 ex
183 2689 229 2722 D.
408 2689 440 2721 8.
468 2688 571 2732 θῆρας
587 2687 768 2720 ἀποκαλεῖν
784 2685 850 2719 hoc
869 2685 989 2718 ordine
1008 2684 1055 2718 D.
1235 2694 1286 2717 10.
1313 2686 1362 2718 οἷς
1377 2682 1418 2717 ἂν
1434 2684 1474 2717 ἅν
1488 2688 1566 2726 τις(
1557 2684 1635 2727 (Sic)
1655 2684 1701 2718 D.

127 2746 179 2769 11.
205 2735 331 2778 ἔδειξεν
349 2735 449 2768 εἰπών
467 2735 514 2768 D.
564 2734 617 2768 διὰ
635 2733 772 2777 αι’ματος
791 2731 882 2766 Edd.
1086 2739 1138 2774 15.
1166 2731 1248 2763 κατὰ
1267 2730 1312 2763 D.
1333 2732 1391 2763 τοῦ
1409 2730 1468 2763 iid.
1517 2731 1635 2773 μανίας
1653 2731 1700 2765 D.

122 2782 315 2827 μιαιφονίας
332 2781 392 2815 iid.
651 2780 703 2814 16.
730 2779 886 2822 σείσθητι
904 2783 937 2811 et
955 2776 1097 2812 σαλεύθ.
1116 2777 1206 2810 inter
1223 2788 1258 2810 se
1275 2783 1408 2820 transp.
1428 2777 1474 2810 D.
1494 2777 1550 2821 (ut
1568 2779 1702 2822 supra.)

122 2829 187 2872 γὰρ
206 2828 254 2863 ἐπ’
273 2833 453 2872 assumpta
471 2840 511 2862 ex
531 2827 577 2861 D.
852 2826 903 2858 18.
930 2822 1312 2869 ἐκπεπ.1).[ἐκπεπτ..>
1333 2822 1420 2857 COd.
1425 2822 1439 2868 ]
1460 2838 1622 2858 καταπεπ.
1642 2824 1703 2859 iid.

123 2875 159 2908 δὲ
179 2875 224 2908 D.
242 2876 307 2920 γὰρ
326 2874 385 2908 iid.
578 2885 630 2918 19.
657 2873 760 2918 ὀργὴν
777 2888 817 2906 αι
820 2886 889 2906 τοις
905 2871 975 2905 inv.
995 2870 1070 2905 ord.
1092 2870 1137 2904 D.
1330 2881 1384 2904 20.
1411 2868 1520 2915 οὗτοι]
1542 2871 1635 2904 αὐτοὶ
1654 2871 1701 2904 D.

125 2932 180 2954 21.
207 2922 242 2955 δὲ
260 2933 330 2955 om.
351 2921 396 2954 D.
611 2931 665 2955 22.
691 2920 885 2963 ἁπανταχοῦ
903 2917 994 2952 Edd
1198 2927 1252 2961 23.
1279 2917 1338 2951 τὸν
1355 2924 1576 2962 assumptum
1593 2929 1634 2951 ex
1654 2917 1702 2952 D

125 2967 179 3001 26.
205 2968 421 3011 προσέθεσαν
439 2967 485 3001 D.

180 3037 271 3064 ΥΟΕ.
295 3037 343 3064 Π.
920 3034 948 3072 Q
