1997 3361
96 159 152 201 iii.
178 162 217 214 8,
242 178 279 215 9.
478 163 548 203 IN
595 162 1010 203 ZACIIARIAM.
1072 161 1221 202 '1¹OM.
1256 160 1288 200 1.
1588 154 1665 193 321

92 273 168 322 καὶ
209 273 565 339 διαμαρτύρεται
609 273 750 324 αὐτόν
794 296 840 323 τε
889 274 971 322 τὸν
1014 273 1165 332 Ἰησοῦν
1206 276 1282 322 κοιλ
1328 265 1435 320 τοὺς
1485 266 1670 323 πλησίον

91 355 223 405 αὐτοῦ
258 361 335 406 καὶ
368 355 474 409 τοὺς
507 354 776 424 καθημένους
807 356 889 422 προ
924 355 1159 423 προσώπου
1191 353 1335 414 αὐτοῦ,
1365 350 1441 400 ἵνα
1473 347 1669 400 Λευίτας

91 439 269 499 νοῶμεν
318 439 392 488 καὶ
449 438 606 504 ἱερέας.
683 442 1030 503 λειτουργοῦντι
1080 433 1164 499 μὲν
1214 432 1307 500 γὰρ
1354 435 1420 500 τῷ
1470 432 1674 496 ἀρχιερεῖ

89 518 366 583 παριστήκει
399 519 454 570 τὸ
486 518 645 585 τάγμα
685 517 738 570 τὸ
782 517 1032 570 Λευιτικὸν
1085 521 1126 568 οἱ
1167 517 1225 567 δέ
1259 538 1312 582 γε
1355 511 1735 580 πρεσβύτεροιᾱ

49 601 166 656 5καὶ
200 603 344 667 ἱερεῖς,
383 604 445 655 ὡς
482 602 663 652 ἐκείνων
701 602 911 664 ἀμείνους
947 601 1013 651 ε”τι
1051 602 1126 651 καὶ
1165 598 1395 666 ιερώτεροι
1429 618 1547 646 κατα
1587 593 1670 644 τὸν

91 680 249 746 νόμον,
290 686 366 734 καὶ
405 687 463 752 τῇ
511 683 754 751 συνεδρείᾳ
803 684 1062 747 τετίμηντο.
1127 685 1479 750 τερατοσκόπους
1522 676 1670 743 γεμὴν

92 763 258 818 αὐτοὺς
295 764 522 832 ὀνομάζει,
555 765 811 828 τουτέστιν,
842 767 910 816 ἀεὶ
948 769 1122 829 σημεῖα
1156 763 1403 830 ζητοῦντας
1442 761 1556 825 ὁρᾶν
1594 760 1670 808 καὶ

91 850 186 897 τῶν
222 846 428 913 τεράτων
461 847 737 916 ἐφιεμένους.
803 846 945 916 φύσει
971 845 1064 912 γάρ
1088 869 1189 899 πως
1228 846 1296 894 ἀεὶ
1334 841 1542 895 τοιοῦτόν
1566 843 1669 892 ἐστι

1729 513 1830 544 Num.

1730 558 1774 587 iii.
1793 559 1822 588 (1.

90 927 145 979 τὸ
169 933 263 980 τῶν
286 931 524 981 Ἰουδαίων
549 930 695 984 ἔθνος.
761 931 836 981 καὶ
861 934 990 995 γοῦν,
1017 928 1091 979 ὅτε
1117 929 1142 979 ὁ
1168 925 1380 994 Χριστός
1407 932 1433 954 “
1453 922 1668 988 Ποιήσας
1728 932 1760 1006 Ξ
1779 931 1879 1006 {0³¹¹-

27 1030 74 1055 10
92 1017 118 1039 “
144 1012 256 1063 ὡσεὶ
300 1011 598 1080 φραγέλλιον
640 1014 688 1064 ἐκ
739 1013 964 1080 σχοινίων
1005 1009 1185 1064 πάντας
1226 1009 1451 1078 ἐξέβαλεν
1493 1008 1542 1057 ἐκ
1584 1010 1667 1057 τοῦ
1755 1000 1761 1007 ’
1800 985 1829 1016 ⁵·

91 1099 118 1123 “
145 1096 267 1160 ἱεροῦ
292 1093 443 1161 λέγων
461 1093 641 1161 ’Ἄρατε
678 1099 827 1146 ταῦτα
863 1095 1086 1151 ἐντεῦθεν,
1112 1091 1177 1156 μὴ
1215 1095 1384 1143 ποιεῖτε
1421 1088 1505 1141 τὸν
1542 1085 1668 1139 οἷκον
1729 1098 1853 1130 Ib-16·

90 1181 119 1204 ‘⁶
141 1181 225 1226 τοῦ
253 1176 443 1243 Πατρός
467 1200 557 1241 μου
583 1175 709 1228 οἷκον
735 1174 994 1242 ἐμπορίου,”
1016 1175 1296 1242 προσῄεσαν
1321 1172 1538 1237 λέγοντες
1564 1178 1591 1200 “
1607 1170 1673 1221 Τί
1728 1179 1779 1210 Ib-
1804 1179 1851 1210 18-

1662 1251 1674 1267 '
1728 1255 1890 1287 S.Matt11.

92 1263 120 1287 “
144 1263 340 1322 σημεῖον
365 1259 578 1313 δεικνύεις
604 1259 713 1323 ἡμῖν
742 1258 813 1309 ὅτι
844 1263 992 1309 ταῦτα
1026 1261 1168 1310 ποιεῖς
1187 1257 1225 1317 ;”
1267 1262 1294 1285 “
1317 1256 1410 1306 Καὶ
1435 1254 1504 1307 τίς
1529 1252 1667 1303 ε”δωκε

108 1346 227 1391 ίσοι
271 1363 356 1406 την
407 1341 627 1410 ἐξουσίαν
675 1340 895 1405 ταύτην·’
870 1382 882 1400 ,
969 1338 1228 1406 εὑρήσομεν
1277 1336 1326 1388 δὲ
1375 1337 1451 1388 καὶ
1489 1334 1709 1401 ἑτερουςο

937 1425 958 1435 Α

28 1437 74 1475 15
92 1420 374 1489 προσιόντας
400 1446 450 1475 τε
476 1446 550 1474 και
576 1423 801 1489 λέγοντας
832 1422 958 1491 αὐτω
985 1427 1012 1451 “
1033 1420 1323 1482 Διδάσκαλε,
1351 1418 1549 1481 θέλομεν
1574 1415 1667 1468 απὸ

109 1511 239 1556 (σοῦ
272 1509 468 1571 σημεῖον
498 1506 651 1557 ἱδεῖν.”
717 1505 883 1556 οὐκοῦν
916 1473 1180 1569 ἐπειδήπερ,
1211 1504 1376 1568 φησιν,
1402 1497 1547 1572 ανδρες
1587 1504 1667 1551 εἷο-ι

91 1589 422 1658 τερατοσκόποι,
459 1587 826 1649 μανθανέτωσαν
864 1584 960 1652 ἅμα
994 1609 1074 1637 σοι
1112 1584 1172 1637 τὰ
1209 1584 1423 1649 ἐσόμενα,
1458 1585 1533 1634 καὶ
1572 1604 1667 1647 ση-

91 1670 232 1733 μείων
257 1668 322 1722 ὧν
347 1675 558 1722 αἰτοῦσιν
582 1672 650 1722 ἀεὶ
675 1670 757 1721 τὸν
782 1668 1173 1721 παναλκέστατον
1199 1664 1540 1730 ἀποτελεστήν.
1585 1666 1670 1715 -καὶ

92 1751 162 1806 τίς
195 1750 251 1817 δὴ
282 1751 414 1807 οῦτός
447 1753 608 1813 ἐστιν;
649 1748 736 1804 ἰδοὺ
774 1750 863 1819 ἐγὼ
901 1751 1005 1817 ἄγω
1043 1749 1110 1801 τον
1143 1746 1290 1801 δοῦλόν
1323 1773 1408 1817 μου
1443 1747 1667 1808 οὶνοιτολῆν.

26 1853 76 1878 20
95 1833 216 1888 Θεὸς
251 1857 337 1897 μεν
371 1835 452 1885 οῦν
488 1833 608 1885 κατὰ
645 1832 794 1904 φύσιν
829 1855 903 1884 και
941 1835 991 1884 ἐκ
1025 1835 1149 1883 Θεοῦ
1180 1829 1372 1897 Πατρὸς
1401 1829 1609 1929 πέφηνεν
1643 1829 1669 1879 ὁ

96 1914 386 1982 Μονογενὴς,
403 1938 478 1967 και
494 1918 556 1970 ὡς
574 1922 712 1967 τοῦτο
738 1914 974 1983 ὑπάρχων,
993 1914 1247 1981 ἐλεύθερος,
1265 1911 1397 1964 ἀλλα
1422 1934 1668 1963 κεκενωκεν

1728 1300 1797 1330 xxi.
1817 1309 1868 1338 23.

1730 1420 1780 1451 Ib.
1801 1421 1856 1452 xii.

1728 1465 1782 1504 38.

1730 1913 1815 1945 Phil.
1834 1913 1868 1945 ii.

93 1996 272 2061 ἑαυτὸν,
298 1997 417 2048 κατὰ
442 1996 526 2052 τὰς
549 1996 753 2067 γραφὰς,
780 1999 951 2051 καθιεὶς
976 2019 1037 2050 εις
1063 2018 1177 2096 οπερ
1203 1996 1286 2047 οὐκ
1310 1993 1381 2059 ἦν,
1403 1995 1478 2046 καὶ
1504 2017 1669 2062 κεχρη-
1687 2014 1710 2040 a
1739 2007 1823 2042 678
1840 2004 1890 2040 A·

92 2078 253 2143 μάτικε
295 2082 479 2143 δοῦλος,
524 2079 600 2132 διὰ
638 2079 692 2131 τὸ
737 2079 1043 2146 ἀνθρώπινον,
1079 2078 1226 2130 καίτοι
1267 2076 1439 2145 Κύριος
1480 2075 1671 2128 πάντων

94 2161 317 2230 ὑπάρχων
353 2164 416 2216 ὡς
450 2160 585 2216 Θεός.
651 2160 762 2212 ἀλλ’
799 2160 857 2226 ἧν
899 2163 975 2212 καὶ
1018 2162 1164 2214 οὕτως
1206 2158 1414 2222 οὶνοιτολῆ,
1456 2157 1671 2210 τουτέστι

27 2259 75 2298 25
95 2243 409 2309 Δικαιοσύνης
451 2244 597 2309 ἥλιος.
665 2244 832 2311 ἄνισχε
869 2242 962 2310 γὰρ
1001 2244 1077 2294 καὶ
1112 2241 1387 2311 ἐπέλαμψεν
1422 2239 1584 2307 οἷάπερ
1621 2242 1670 2291 ἐν

94 2325 253 2396 σκότῳ
283 2327 579 2377 διατελοῦσιν
609 2325 730 2391 ἡμῖν,
757 2324 902 2389 μόνον
935 2323 984 2376 δὲ
1016 2324 1119 2392 οὐχὶ
1158 2325 1233 2375 καὶ
1265 2326 1328 2377 ὡς
1358 2325 1407 2374 ἐν
1440 2325 1568 2374 νυκτὶ
1593 2324 1670 2373 καὶ

97 2408 226 2478 ὕπνῳ
251 2407 592 2475 κεκαρωμένους
624 2412 723 2462 ταῖς
753 2411 1000 2471 κοσμικαῖς
1030 2406 1228 2470 ἡδοναῖς,
1253 2407 1329 2456 καὶ
1359 2408 1441 2470 τῆς
1467 2406 1671 2459 διανοίας

143 2563 177 2598 3.
200 2554 452 2599 λειτουργοῦντι
470 2552 510 2588 C.
513 2552 548 2588 b.
565 2553 784 2598 λειτουργοῦν
801 2549 893 2585 Edd.
1068 2562 1102 2592 4.
1068 2548 1325 2594 4παριστήκει
1344 2548 1385 2584 C.
1402 2547 1619 2594 παρειστήκει
1636 2548 1671 2584 1).

95 2599 216 2644 ἕστηκε
234 2599 294 2634 iid.
475 2608 508 2643 5.
534 2600 587 2634 καὶ
604 2600 701 2645 prius
719 2604 941 2642 assumptum
959 2608 999 2631 ex
1019 2596 1060 2631 Β.
1066 2596 1107 2631 C.
1110 2595 1146 2631 b.
1336 2595 1370 2631 6.
1396 2595 1571 2640 συνεδρείᾳ
1592 2595 1671 2630 (3.1).

96 2646 255 2691 συνεδρίᾳ
273 2645 365 2681 Edd.
512 2655 545 2693 7.
570 2661 623 2681 και
641 2652 862 2691 assumptum
880 2656 921 2678 ex
941 2643 982 2678 B.
988 2643 1028 2677 C.
1032 2643 1067 2677 b.
1216 2654 1250 2688 9.
1276 2644 1295 2676 ὁ
1312 2654 1382 2678 om.
1402 2642 1442 2676 C.
1446 2642 1481 2676 b.
1499 2641 1604 2676 habet
1623 2642 1670 2677 D.

96 2693 157 2738 qui
173 2692 228 2727 ὅτε
246 2704 316 2727 om.
483 2704 537 2728 10.
564 2693 727 2738 ἐξεβαλεν
742 2689 1095 2734 1).Ε(1(1.ἐξεβαλλεν
1113 2688 1153 2724 C.
1157 2689 1204 2723 D.
1365 2699 1419 2723 11.
1445 2688 1498 2722 καὶ
1514 2688 1558 2731 μὴ
1577 2687 1670 2724 Edd.

96 2739 214 2774 invitis
233 2738 320 2773 B.C.
559 2751 612 2775 12.
637 2739 828 2785 προσίεσαν
842 2737 883 2772 C.
1119 2747 1171 2781 13.
1197 2735 1275 2779 ἡμῖν
1291 2743 1512 2781 assumptum
1529 2746 1571 2768 ex
1590 2734 1630 2769 C.
1634 2734 1670 2769 b.

101 2794 154 2828 15.
179 2800 215 2819 τε
232 2791 454 2831 assumptum
470 2798 511 2820 ex
530 2785 571 2821 C.
787 2784 840 2819 16.
863 2798 928 2828 περ
945 2795 1017 2819 om.
1035 2783 1077 2818 C.
1094 2783 1165 2817 inv.
1183 2782 1230 2817 D.
1234 2782 1269 2817 b.
1502 2790 1553 2825 17.
1580 2781 1671 2815 ἀλλὰ

97 2844 162 2877 pro
178 2832 246 2875 ἅμα
262 2832 296 2867 b.
361 2833 507 2877 σημείων
524 2833 569 2867 ὧν
591 2833 637 2867 D.
640 2832 675 2867 b.
695 2831 849 2875 Εᾶᾶ.ση
851 2832 944 2875 μεῖον
962 2829 1003 2865 C.
1283 2839 1336 2874 19.
1361 2827 1418 2873 δὴ]
1443 2832 1480 2868 -1-
1502 2827 1560 2862 οὖν
1578 2828 1671 2862 Edd.

97 2879 169 2913 inv.
189 2878 267 2913 C-b.
331 2879 496 2924 ἀνατολήν
515 2880 555 2914 C.
559 2880 593 2914 b.
600 2878 792 2940 ”dvawMJ''
774 2892 877 2922 ονομα
894 2878 982 2923 αὐτῷ
1002 2876 1092 2912 Edd.
1423 2886 1477 2917 24.
1504 2874 1609 2910 οὕτως
1628 2875 1670 2910 Β.

98 2925 195 2961 οὗτος
213 2924 254 2959 C.
274 2925 365 2960 Edd.
515 2936 569 2972 25.
594 2927 715 2972 ι’ἶνισχε
734 2925 775 2961 C.
792 2924 917 2970 ἀνεσχε
936 2912 1028 2959 Edd.
1172 2922 1226 2958 26.
1254 2924 1366 2969 σκότῳ
1385 2921 1426 2956 C.
1444 2923 1559 2956 σκότει
1579 2921 1671 2957 Edd.

100 2972 136 3005 δὲ
153 2983 290 3006 erasum
307 2979 359 3006 est
376 2973 410 3007 in
430 2973 470 3008 C.

161 3042 251 3071 vol..
276 3043 323 3071 [Ι.
869 3042 891 3068 Τ
911 3032 930 3068 t
