2007 3366
304 179 361 218 86
705 183 755 222 Β.
799 182 1072 223 CYRILLI
1114 183 1491 225 ALEXANDR.
1686 183 1713 223 i.
1735 196 1799 238 13,
1822 195 1885 235 14.

306 286 475 354 φήτην,
503 289 715 353 ἔπλασεν,
746 291 891 356 η’γουν
929 291 1125 356 ἐποίησέ
1154 315 1202 343 τε
1241 295 1318 344 καὶ
1355 291 1710 360 παρεσκεύασεν
1740 295 1802 345 εἷς
1832 289 1886 342 τὸ

305 371 398 420 δεῖν
435 369 623 440 ἐλέγξαι
658 371 744 435 τὴν
781 369 1004 436 παιδείαν,
1037 371 1094 437 ἢν
1133 374 1340 440 ὡρίσατο
1379 377 1475 426 κατ’
1507 376 1649 426 αὐτοῦ·
1701 376 1763 426 ὡς
1793 372 1887 439 γὰρ

305 449 494 504 παιδεία
545 456 620 504 καὶ
662 454 847 522 μάστιξ
888 459 955 524 τῷ
997 455 1199 521 Ἰσραὴλ
1250 456 1542 522 ἐπενήνεκται
1586 458 1611 508 ὁ
1658 455 1883 519 πόλεμος,

304 536 379 585 καὶ
429 534 601 601 τρόπος
646 534 703 599 ἦν
741 536 963 602 τιμωρίας
1008 535 1062 588 τὸ
1103 539 1422 603 συμβεβηκὸς,
1462 541 1514 590 οὐ
1567 537 1888 600 Βαβυλωνίων

264 618 470 670 θὰπλῶς
509 618 778 684 ἐγχείρημα.
844 623 880 669 εἰ
922 618 969 670 δὲ
1013 619 1068 683 δή
1113 643 1182 673 τις
1226 620 1374 686 ἔροιτο
1416 623 1490 671 καὶ
1536 622 1679 687 λε’γοι,
1721 622 1927 689 φησὶν,5

303 700 432 750 Ἀνθ’
468 698 576 750 ὅτου
617 699 673 763 δὴ
713 701 954 765 κολαστὴς
992 703 1186 753 τέθειται
1225 704 1249 753 ὁ
1288 703 1608 764 Βαβυλώνιος,
1643 703 1788 769 ἤγουν
1825 705 1887 755 εἰς

304 780 565 847 κατάκριμα
603 786 677 832 καὶ
717 786 778 836 εἷς
817 783 870 835 τὸ
912 789 1077 835 παθεῖν
1113 786 1137 835 ὁ
1173 784 1388 850 Ἰσραὴλ,
1428 787 1569 836 ἐκεῖνο
1616 785 1768 851 λε’γων
1807 787 1888 835 ἀν-

303 864 581 914 τακούσεται
622 866 707 919 Ὠς
753 865 883 916 ἔστιν
923 872 941 918 o'
985 872 1066 917 τοῦ
1106 867 1361 918 Δεσπότου
1411 867 1597 936 καθαρὶς
1640 865 1888 935 ὁφθοιλμὶς,

303 947 378 996 καὶ
404 947 486 996 οὐκ
513 945 570 996 ἂν
597 946 855 1015 ἀνάσχοιτο
890 971 1002 999 ποτε
1038 953 1229 1018 πονηρῶν
1247 972 1295 1000 τε
1332 951 1405 999 καὶ
1427 950 1635 1000 ἀνοσίων
1660 948 1882 1015 πραγμά-

302 1050 397 1078 των
423 1029 639 1094 γίνεσθαι
667 1029 844 1094 θεατὴς,
871 1032 962 1081 οὐδ’
991 1029 1047 1082 ἂν
1081 1032 1383 1100 ἐπιβλέψειεν
1410 1033 1483 1083 ἐπὶ
1519 1033 1670 1086 πίνους
1703 1031 1808 1085 τοὺς
1835 1031 1892 1100 ἐξ
1910 1057 1957 1082 10

303 1111 490 1161 ἀδικιῶν
535 1114 610 1162 καὶ
659 1113 933 1182 πλεονεξίας
983 1119 1078 1167 τοῖς
1124 1113 1476 1179 ἀσθενεστέροις
1522 1114 1885 1177 συμβαίνοντας.

303 1192 526 1261 ἀποφέρει
565 1193 657 1260 γὰρ
690 1197 758 1246 ἀεὶ
791 1201 884 1246 τῶν
910 1195 968 1246 τὰ
1003 1196 1155 1247 τοιάδε
1193 1200 1307 1262 δρᾶν
1346 1196 1574 1248 εἰωθότων
1599 1195 1682 1247 τὸν
1713 1195 1887 1264 ὀφθαλ-

79 1287 167 1320 529
183 1285 234 1319 Α-
264 1295 286 1319 a
303 1276 398 1342 μέν.
458 1276 511 1326 οὗ
550 1275 605 1340 δὴ
645 1276 904 1343 γεγονότος,
932 1278 1086 1343 πάντη
1113 1302 1161 1329 τε
1189 1281 1264 1329 καὶ
1290 1279 1477 1332 πάντως
1512 1278 1571 1329 τὰ
1605 1277 1729 1329 δεινὰ
1763 1301 1888 1339 συμ-

304 1356 518 1421 βήσεται,
546 1361 621 1410 καὶ
655 1361 702 1410 ἐν
727 1365 822 1414 τοῖς
858 1360 1076 1428 ἐσχάτοις
1111 1361 1244 1412 ἔσται
1280 1366 1437 1414 κακοῖς
1469 1363 1494 1412 ὁ
1520 1360 1764 1414 πεπονθὼς
1800 1360 1887 1425 τὴν

304 1440 636 1509 ἀποστροφήν.
704 1444 780 1493 καὶ
814 1449 952 1494 τοῦτο
979 1443 1108 1497 εἰδὼς
1135 1445 1159 1494 ὁ
1187 1444 1439 1498 θεσπέσιος
1467 1445 1641 1494 Δαυεὶδ
1678 1442 1886 1509 ἐλιπάρει
1909 1464 1955 1502 15

82 1543 137 1573 Ps.
151 1541 241 1572 xxvi.
307 1529 333 1551 ‘⁶
361 1521 447 1587 Μὴ
485 1524 798 1593 ἀποστρέψῃς
836 1524 889 1576 τὸ
928 1525 1189 1591 πρόσωπόν
1215 1549 1306 1577 σου
1343 1527 1420 1577 ἀπ’
1449 1528 1574 1589 ἐμοῦ,
1601 1527 1677 1576 καὶ
1711 1524 1776 1589 μὴ
1815 1527 1887 1576 ἐκ-

80 1598 113 1629 9-
305 1612 333 1635 ‘⁴
357 1606 519 1673 κλίνῃς
545 1607 592 1657 ἐν
617 1608 735 1674 ὀργῇ
761 1606 854 1658 ἀπὸ
877 1614 959 1658 τοῦ
984 1609 1154 1659 δούλου
1181 1610 1312 1660 σου.”
1378 1609 1541 1677 ἕψεται
1575 1608 1668 1674 γὰρ
1698 1608 1886 1662 πάντως

303 1693 404 1742 ταῖς
430 1689 570 1742 θείαις
597 1690 926 1759 ἀποστροφαῖς
951 1690 1010 1742 τὰ
1036 1692 1092 1760 ἐξ
1115 1692 1257 1758 ὀργῆς
1284 1691 1624 1756 συμβαίνοντα.

308 1908 377 1950 Εἰς
419 1909 458 1951 τί
506 1910 749 1960 ὲΠιβλέΠειο
790 1912 858 1953 ἐπὶ
909 1915 1310 1969 καταφρονοῦνταε;
1362 1912 1682 1970 Παρασιωπύσῌ
1730 1912 1775 1954 ἑν
1824 1914 1885 1967 τῷ

238 2013 284 2046 14
374 1993 618 2035 καταπίνειν
657 1995 786 2044 ἀσεβῆ
825 1995 898 2037 τὸν
937 1995 1122 2049 &autom
1162 1996 1229 2036 καὶ
1266 1997 1459 2038 Ποιήσειε
1496 1995 1594 2037 τοὺς
1630 1995 1883 2052 ἀνθρώπους
1907 2007 1956 2032 20

258 2081 285 2121 b
371 2077 431 2117 ὡς
471 2078 569 2118 τοὺς
611 2076 753 2134 ἰχθύας
795 2082 871 2120 τῆς
915 2081 1143 2131 emmone,
1188 2080 1254 2120 καὶ
1304 2080 1363 2120 ὡς
1412 2079 1462 2120 τὰ
1513 2079 1669 2136 ἑρπετὰ
1713 2080 1764 2120 τά
1809 2079 1883 2120 οὐκ

369 2161 519 2216 ἔχοντα
559 2162 580 2201 ἡ
590 2162 820 2215 Γούμενον,

378 2285 780 2350 Προαπαγγείλας
805 2284 875 2336 ὅτι
901 2285 1104 2353 καθαρός
1133 2288 1264 2338 ἐστιν
1291 2288 1316 2337 ὁ
1341 2289 1423 2350 τῆς
1447 2286 1664 2350 θεότητος
1689 2287 1881 2355 ὀφθαλ-

302 2364 402 2429 μὸς,
430 2368 504 2416 καὶ
532 2367 614 2417 οὐκ
640 2367 696 2418 ἂν
722 2368 869 2419 ἐπίδοι
902 2370 1015 2419 ποτὲ
1046 2368 1152 2423 τοὺς
1185 2374 1279 2420 τῶν
1303 2373 1520 2434 πονηρῶν
1544 2367 1754 2434 ἐργάτας,
1783 2366 1881 2419 οὐδ’

303 2447 361 2498 ἂν
386 2449 584 2512 εὐμενῶς
610 2450 885 2519 ἐπιβλέψειέ
913 2474 1037 2502 τισιν
1071 2452 1312 2520 ᾑρημένοις
1341 2455 1648 2509 πλεονεκτεῖν,
1678 2452 1752 2501 καὶ
1779 2450 1884 2502 ὀδύ-
1905 2472 1953 2510 25

354 2625 383 2648 Ι.
410 2615 530 2660 ἤγουν]
549 2615 724 2650 τουτέστιν
743 2616 788 2650 D.
837 2616 1094 2660 παρεσκεύασεν
1114 2617 1158 2651 D.
1167 2617 1203 2652 b.
1222 2616 1314 2651 Edd.
1330 2617 1505 2661 ἀφώρισεν
1523 2615 1565 2650 Β.
1768 2627 1799 2650 2.
1825 2617 1884 2650 αὐ-

303 2663 362 2694 τοῦ
382 2661 423 2695 Β.
431 2661 474 2695 l).
487 2662 521 2695 b.
540 2663 648 2696 αὐτῶν
667 2662 756 2696 Edd.
948 2675 980 2708 3.
1007 2664 1238 2710 ἐπενὴνεγκται
1257 2663 1315 2698 ild.
1357 2665 1402 2709 τῷ
1420 2662 1506 2706 ’.Ισρ
1526 2668 1605 2706 post
1622 2662 1749 2707 ἐπενὴν.
1769 2671 1812 2698 tr.
1834 2663 1882 2699 D.

304 2720 338 2749 4.
364 2709 487 2751 τρόπος
505 2715 537 2742 et
555 2708 713 2753 τιμωρίας
727 2710 817 2744 inter
835 2722 870 2744 Se
887 2716 930 2744 tr.
948 2712 993 2745 D.
1175 2722 1207 2756 5.
1230 2711 1323 2755 λέγει
1342 2710 1394 2755 (=
1402 2709 1502 2755 λεγῃ)
1492 2709 1570 2753 )D.
1712 2712 1745 2744 ὁ.
1770 2710 1811 2754 δὴ
1828 2722 1883 2744 as

306 2760 488 2797 sumptum
506 2767 545 2789 ex
566 2756 612 2791 D.
661 2756 731 2790 τέθ.
750 2759 823 2790 κολ.
842 2757 912 2791 inv.
932 2757 1008 2792 md.
1028 2758 1074 2791 D.
1118 2760 1190 2802 ν’]’τοι
1209 2757 1301 2792 Edd.
1549 2768 1581 2801 9.
1607 2770 1642 2789 τε
1661 2763 1884 2801 assumptum

306 2811 347 2833 ex
368 2800 408 2833 Β.
415 2800 460 2833 1).
723 2814 775 2837 10
801 2804 960 2849 γενέσθαι
979 2805 1025 2839 D
1046 2805 1074 2838 E
1078 2775 1135 2839 dd]
1397 2813 1450 2836 12.
1476 2802 1517 2836 τὰ
1534 2810 1755 2847 assumptum
1774 2815 1816 2837 ex
1835 2803 1883 2838 D.

310 2855 363 2888 15.
389 2846 542 2890 ἐλιπάρει
560 2854 600 2883 Δ.
618 2849 687 2883 inv.
707 2850 827 2885 Oldine
846 2850 893 2884 D.
1213 2850 1265 2885 16.
1291 2849 1346 2884 ἀπ’
1365 2849 1446 2892 ἐμοῦ
1464 2855 1543 2883 ante
1560 2850 1598 2883 τὸ
1615 2863 1661 2894 πρ
1641 2864 1673 2894 ρ.
1693 2864 1757 2883 σου
1771 2856 1815 2883 tr.
1834 2850 1881 2884 D.

310 2904 363 2936 1.9
390 2893 447 2927 Εἷς
475 2894 515 2927 Β.
524 2895 566 2929 1).
595 2897 727 2940 (Alex.)
757 2898 801 2931 cf.
829 2910 935 2943 supra
963 2898 1006 2933 68
1024 2898 1059 2938 b,
1086 2898 1154 2943 518
1173 2910 1213 2938 c3
1240 2896 1330 2931 infra
1357 2906 1423 2941 532
1451 2895 1485 2929 d.
1510 2895 1582 2930 Ἵνα
1608 2895 1698 2929 l].dd
1727 2896 1773 2940 (Υ
1777 2901 1823 2930 at.
1846 2898 1884 2940 N)

307 2950 363 2973 20.
390 2939 466 2974 τοὺς
483 2952 552 2975 om.
572 2942 664 2977 Edd.
824 2955 880 2979 21.
906 2946 946 2980 τὰ
964 2945 1060 2990 prius
1077 2957 1147 2979 om.
1164 2945 1210 2978 D.
1230 2944 1294 3001 (36
1307 2944 1367 2987 al.)
1521 2953 1577 2987 23.
1603 2943 1772 2986 θειότητος
1790 2942 1882 2977 Edd.

309 2997 363 3028 24.
391 2989 455 3021 τῶν
472 2995 691 3033 assumptum
708 3002 749 3024 ex
769 2990 809 3024 B.
816 2990 860 3024 D.
1062 3003 1115 3034 25.
1142 2993 1257 3026 πλεον.
1274 2989 1329 3035 ᾐρ.
1348 2991 1419 3025 inv.
1438 2989 1512 3025 Ol'.d
1533 2990 1578 3024 D.
