1997 3361
82 174 193 216 iii.2.
515 173 589 213 IN
637 172 917 212 ABACUC.
979 171 1130 211 TUM.
1165 171 1225 210 ll.
1580 172 1656 210 1..5

159 284 543 350 Προσκέκρουκεν
588 283 615 345 ἡ
666 282 917 348 ἀνθρώπου
958 280 1104 348 φύσις
1146 284 1212 348 τῷ
1258 282 1545 347 Δημιουργῷ
1586 278 1661 328 διὰ

82 366 166 429 τὴν
198 369 246 416 ἐν
272 366 428 427 Ἀδὰμ
462 364 753 429 παράβασιν,
793 362 843 417 ’ὸς
882 363 1047 428 ὀλίγου
1081 366 1325 414 παντελῶς
1364 361 1542 429 ἠξίωσε
1580 360 1661 410 λό-

83 472 170 513 γου
204 448 290 511 τὴν
325 451 546 498 δοθεῖσαν
580 445 789 510 ἐντολήν.
845 446 1083 511 τοιγάρτοι
1119 446 1194 495 καὶ
1228 441 1552 511 τεταράγμεθα
1588 445 1661 492 καὶ

84 531 392 592 διολώλαμεν,
440 531 533 597 ἀρᾷ
574 531 648 579 καὶ
700 529 803 595 δίκῃ
853 526 1184 593 περιπεσόντες
1234 530 1276 576 οἱ
1327 526 1541 586 δείλαιοι,
1589 527 1663 574 καὶ

43 612 271 681 5θανάτῳ
322 611 642 677 κεκρατήμεθα
691 609 1093 676 παροργισθέντος
1132 612 1272 659 Θεοῦ·
1327 607 1462 671 η’κουε
1507 605 1599 672 γὰρ
1639 606 1664 655 ὁ

84 695 342 760 προπάτωρ
366 693 538 757 Ἀδὰμ,
572 695 634 746 ὡς
671 692 771 759 ῥίζα
808 697 890 742 τοῦ
929 691 1090 756 γένους
1129 698 1156 719 “
1183 693 1251 753 Γῆ
1287 688 1340 751 εἶ,
1371 691 1444 739 καὶ
1475 692 1537 741 εἷς
1574 691 1664 753 γῆν

86 786 112 805 “
140 776 430 843 ἀπελεύσῃ.”
489 775 619 839 πλὴν
643 777 695 826 οὐ
721 774 859 841 μέχρι
891 772 1069 826 παντὸς
1093 775 1317 838 περιεῖδεν
1344 772 1465 835 ἡμᾶς
1504 773 1529 821 ὁ
1556 777 1659 834 Δη-

85 858 318 924 μιουργὸς,
346 858 475 908 ἀλλὰ
502 857 793 922 κατηλεήσεν
820 858 880 909 ὡς
907 854 1043 908 Θεός.
1095 859 1132 905 εἱ
1159 854 1251 920 γὰρ
1283 856 1357 904 καὶ
1384 861 1412 883 “
1435 855 1666 905 Κατέπιεν

87 949 113 970 “
139 942 164 991 ὁ
191 940 389 994 θάνατος
416 940 652 1007 ἱσχύσας”
683 937 800 990 κατὰ
828 937 914 1000 τὴν
939 943 1022 987 τοῦ
1050 936 1309 1004 Προφήτου
1338 935 1514 1003 φωνὴν,
1536 934 1667 986 ἀλλὰ

22 1038 68 1062 ¹0
88 1030 114 1051 ‘⁶
138 1023 285 1074 πάλιν
311 1025 506 1089 ἀφεῖλεν
532 1023 556 1071 ὁ
579 1021 699 1074 Θεὸς
725 1025 819 1071 πᾶν
845 1019 1046 1083 δάκρυον
1071 1018 1164 1068 ἀπὸ
1190 1016 1365 1071 παντὸς
1390 1019 1665 1084 προσώπου·

85 1112 111 1134 “
135 1105 189 1155 τὸ
215 1105 386 1158 ὄνειδος
412 1110 493 1154 τοῦ
521 1109 640 1154 λαοῦ
667 1105 861 1170 ἀφεῖλεν
886 1100 979 1152 ἀπὸ
1005 1100 1166 1164 πάσης
1191 1103 1273 1163 τῆς
1299 1101 1432 1165 γῆς.”
1494 1098 1667 1165 κατήρ-

88 1210 226 1252 γηται
264 1186 356 1252 γὰρ
395 1189 441 1237 ἐν
477 1188 676 1253 Χριστῷ
713 1189 796 1234 τοῦ
832 1182 1036 1234 θανάτου
1073 1181 1128 1233 τὸ
1163 1180 1346 1248 κράτος,
1381 1182 1670 1249 ἀνῃρημένης·

89 1273 169 1333 τῆς
195 1269 435 1335 ἁμαρτίας,
461 1270 532 1334 ἐφ’
562 1266 590 1336 ᾗ
618 1269 694 1318 καὶ
726 1267 1047 1328 ὠνειδίσμεθα·
1088 1272 1114 1293 “
1139 1265 1311 1330 Κύριος
1338 1264 1430 1329 γὰρ
1457 1263 1669 1328 ἐμνήσθη

89 1359 118 1382 “
142 1352 287 1416 ἡμῶν,
331 1353 405 1402 καὶ
443 1351 646 1415 ἠλέησεν
691 1349 849 1413 ἡμᾶς,”
891 1346 1014 1399 καθὰ
1057 1349 1132 1398 καὶ
1183 1348 1207 1398 ὁ
1249 1346 1503 1400 θεσπέσιος
1552 1348 1669 1397 ἀνα-

26 1453 71 1492 15
91 1433 259 1495 με’λπει
305 1434 493 1485 Δαυείδ.
560 1431 807 1494 ἀνεκόμισε
855 1430 947 1497 γὰρ
996 1431 1116 1494 ἡμᾶς
1166 1434 1228 1483 εἷς
1278 1430 1554 1498 ἀφθαρσίαν
1598 1431 1673 1479 καὶ

91 1516 224 1584 ζωὴν,
264 1517 411 1567 καίτοι
447 1514 830 1586 τεταραγμένους,
870 1512 1080 1579 καθάπερ
1118 1512 1238 1581 ἔφην
1274 1513 1459 1578 ἀρτίως,
1487 1511 1580 1562 ἀπό
1618 1534 1674 1576 γε

91 1602 173 1664 τῆς
217 1599 340 1652 θείας
379 1600 536 1664 ὀργῆς,
579 1599 640 1651 ὡς
679 1599 754 1647 καὶ
793 1598 840 1647 ἐν
879 1595 1086 1663 ἐκλείψει
1130 1594 1349 1661 γενέσθαι
1400 1599 1482 1645 τοῦ
1523 1592 1674 1644 Πνεύ-

91 1705 251 1744 ματος,
281 1680 535 1742 τουτέστιν,
567 1682 614 1731 ἐν
648 1678 871 1730 ἀποθέσει
909 1700 959 1728 τε
997 1680 1073 1728 καὶ
1112 1679 1334 1744 ἀποβολῇ
1372 1679 1454 1739 τῆς
1493 1678 1671 1745 ψυχῆς·

92 1764 346 1831 πράττεται
371 1763 463 1829 γὰρ
490 1764 636 1816 οὕτως
661 1763 708 1812 ἐν
734 1761 844 1825 ἡμῖν
866 1761 891 1811 ὁ
918 1760 1130 1813 θάνατος.
1160 1758 1229 1810 ὅτι
1255 1757 1304 1809 δὲ
1331 1756 1670 1809 καταδεδικάσ-

1682 450 1707 489 (l

1728 698 1810 732 Gen.
1827 703 1872 735 iii.

1731 752 1780 784 19.

1728 866 1783 898 Es.
1803 879 1875 900 xxv.

1688 1214 1709 1240 O

1733 1283 1785 1313 Ps.
1807 1283 1894 1314 cxiii.

1736 1336 1785 1358 20.

27 1871 76 1896 20
94 1851 212 1910 μεθα
249 1846 333 1909 μὲν
370 1850 436 1914 τῷ
474 1844 659 1914 θανάτῳ
698 1841 1128 1909 προσκεκρουκότες
1156 1845 1278 1910 Θεῷ,
1304 1840 1596 1904 σεσώσμεθα
1627 1840 1674 1891 δὲ
1691 1869 1713 1893 a
1742 1859 1825 1894 553
1842 1859 1892 1893 A.

94 1926 240 1980 πάλιν
265 1927 523 1992 ἠλεημένοι,
547 1925 840 1978 πιστώσεται
873 1925 1029 1990 λέγων
1054 1925 1079 1975 ὁ
1105 1923 1331 1989 μακάριος
1358 1926 1532 1974 Δαυεὶδ
1557 1921 1674 1989 πρὸς

96 2009 178 2061 τὸν
203 2014 295 2060 τῶν
322 2009 447 2060 ὅλων
465 2007 765 2074 Δημιουργόν
792 2015 819 2037 “
836 2006 1267 2075 Ἀποστρέψαντος
1293 2005 1341 2057 δὲ
1367 2012 1459 2056 σοῦ
1486 2004 1539 2056 τὸ
1558 2003 1673 2071 πρό-

97 2099 125 2121 “
149 2114 317 2143 σωπον
342 2090 736 2157 ταραχθήσονται,
757 2092 831 2140 καὶ
858 2093 921 2143 είς
946 2088 1029 2140 τὸν
1053 2094 1169 2157 χοῦν
1186 2089 1340 2139 αὐτῶν
1359 2089 1675 2156 ἐπιστρέφου-

99 2181 126 2204 “
152 2197 245 2226 σιν.
309 2174 643 2242 ἐξαποστελεῖς
677 2171 731 2223 τὸ
760 2171 955 2235 Πνεῦμά
987 2195 1077 2223 σου
1111 2173 1188 2222 καὶ
1220 2169 1573 2234 κτισθήσονται,
1601 2171 1677 2220 καὶ

32 2263 80 2302 25
100 2263 127 2285 “
152 2258 425 2309 ἀνακαινιεῖς
459 2254 512 2306 τὸ
543 2255 805 2321 πρόσωπον
842 2257 923 2318 τῆς
962 2253 1088 2320 γῆς.”
1148 2253 1433 2305 πεπονθότες
1467 2251 1550 2314 μὲν
1584 2250 1678 2316 γὰρ

99 2338 185 2402 τὴν
204 2336 518 2406 ἀποστροφὴν
538 2336 613 2388 διὰ
639 2336 723 2400 τὴν
749 2338 797 2387 ἐν
816 2335 973 2399 Ἀδὰμ
997 2334 1288 2402 παράβασιν,
1312 2333 1679 2401 ὑπεστρέψαμεν

100 2425 163 2475 εἰς
196 2420 278 2472 τὸν
314 2427 429 2488 χοῦν
467 2422 520 2488 ἐξ
557 2419 700 2485 οὗπερ
735 2420 809 2468 καὶ
849 2416 1123 2483 γεγόναμεν.
1184 2416 1339 2480 ἐπειδὴ
1375 2414 1422 2466 δὲ
1453 2415 1599 2467 πάλιν
1630 2416 1679 2465 ἐν

101 2507 300 2573 Χριστῷ
338 2505 413 2554 καὶ
451 2501 527 2553 διὰ
558 2505 774 2567 Χριστοῦ
807 2499 860 2551 τὸ
896 2504 1019 2551 θεῖον
1051 2498 1444 2562 πεπλουτήκαμεν
1471 2501 1679 2561 Πνεῦμα,

154 2713 184 2736 1.
209 2701 397 2745 ἀνθρωπίνη
416 2702 463 2735 D.
629 2713 661 2742 4.
688 2699 914 2734 ὑποπεσόντες
933 2697 979 2731 D.
1142 2708 1175 2740 5.
1202 2697 1299 2739 ἤκουε
1319 2694 1360 2728 Β.
1380 2694 1471 2729 Edd.
1489 2696 1613 2739 ἤκουσε
1634 2694 1680 2728 D.

109 2760 162 2784 10.
187 2751 373 2794 προσώπου
390 2748 513 2782 παντὸς
530 2747 600 2781 inV.
618 2746 694 2781 ord.
714 2746 760 2780 D.
891 2755 943 2778 11.
968 2741 1186 2788 κατήργηται]
1212 2746 1247 2781 -1-
1269 2742 1330 2785 μὲν
1347 2741 1438 2774 Edd.
1573 2752 1625 2783 14.
1644 2739 1681 2783 ἠ-

105 2795 228 2839 λέησεν
246 2796 292 2829 D.
313 2795 404 2829 Edd.
422 2795 614 2839 ηὐλόγησεν
633 2794 675 2828 Β.
960 2790 1012 2823 16.
1039 2790 1189 2832 καθάπηρ
1208 2789 1294 2832 ἔφην
1310 2786 1447 2832 ἀρτίως]
1467 2788 1511 2822 ὡς
1527 2788 1614 2832 ἔφην
1635 2788 1681 2821 D.

110 2851 164 2886 17.
190 2843 242 2876 καὶ
259 2849 480 2885 assumptum
498 2853 538 2875 ex
560 2841 604 2875 D.
810 2839 861 2872 18.
889 2837 1052 2871 ἀπόθεσις
1070 2847 1132 2880 pro
1150 2837 1184 2868 ἐν
1201 2835 1300 2869 ἀποθ.
1319 2850 1354 2868 τε
1375 2835 1420 2868 D.
1469 2836 1526 2878 τῆς
1543 2846 1613 2869 om.
1635 2835 1681 2868 D.

110 2899 164 2922 20.
189 2889 250 2931 μὲν
266 2900 335 2922 orn.
356 2889 402 2922 D.
665 2898 719 2921 22.
746 2886 949 2928 δημιουργόν
968 2883 1011 2916 D.
1032 2885 1119 2916 Θεόν
1138 2881 1229 2916 Edd.
1279 2882 1315 2914 δὲ
1333 2887 1553 2926 assumptum
1574 2893 1614 2914 ex
1635 2882 1682 2914 l).

111 2945 166 2976 24.
191 2935 392 2970 ἀποστελεῖς
410 2935 456 2968 D.
772 2943 826 2977 27.
852 2946 914 2975 περ
932 2937 1154 2974 assumptum
1171 2940 1212 2962 ex
1232 2929 1278 2963 D.
1297 2928 1374 2962 ὅθεν
1391 2940 1453 2973 pro
1471 2929 1508 2972 ἐξ
1526 2928 1628 2971 οὗπερ
1646 2927 1683 2961 b.

111 2982 162 3014 καὶ
179 2987 248 3015 Dm.
270 2982 314 3015 D.
379 2982 450 3015 ἐπεὶ
469 2981 503 3015 δέ
525 2981 602 3015 ss.b.

1734 2025 1788 2056 Ps.
1803 2024 1868 2055 ciii.

1735 2079 1786 2110 29,
1798 2078 1848 2109 30.
