2007 3387
131 1189 146 1209 '2
167 1180 240 1211 (301¹.

130 1224 172 1254 vi.
197 1226 243 1255 16.

131 1675 209 1714 Eph.
229 1675 269 1704 iv.

130 1718 185 1753 162
210 1719 242 1748 ii.

129 1771 177 1795 21,
192 1772 239 1793 22.

128 2088 234 2127 Supra»

126 2142 191 2160 VCI'.
211 2140 226 2159 ’.ἶ
233 2153 239 2159 .

128 2180 210 2213 635
226 2178 275 2212 A.
309 2189 330 2212 a

359 158 444 197 254
754 161 801 201 B.
841 160 1118 201 CYRILLI
1165 161 1544 202 ALEXANDR.
1791 161 1816 200 i·
1843 170 1935 211 7-9·

357 265 454 319 οἷον
500 269 618 333 ὕλην
663 270 1037 337 χρειωδεστάτην
1078 274 1414 337 συλλέγοντες,
1458 274 1532 322 καὶ
1574 273 1635 325 ὡς
1676 273 1724 322 ἐκ
1763 274 1938 337 δρυμοῦ

360 351 606 404 κόπτοντες
647 351 768 421 ξύλα
810 352 868 403 τὰ
911 355 959 403 ἐν
999 357 1058 421 τῇ
1099 354 1396 423 θεοπνεύστῳ
1438 358 1602 421 γραφῇ
1652 350 1940 415 πνευματικὰ

357 431 651 497 θεωρήματα·
695 434 748 484 δι’
796 433 861 484 ὧν
902 433 960 485 ἄν
1004 458 1072 488 τις
1111 437 1314 503 ἀσφαλῆ
1357 438 1431 486 καὶ
1469 434 1798 502 ἐρηρεισμένην
1835 457 1939 485 ποι-

355 513 526 577 ήσαιτο
553 514 638 578 τὴν
664 516 737 566 ἐπὶ
764 520 872 586 Θεῷ
898 516 1043 585 δόξαν
1077 518 1179 581 η’τοι
1209 517 1451 585 διάληψιν,
1479 519 1553 568 καὶ
1588 519 1637 568 εὖ
1671 517 1837 584 ἔχοντα
1863 517 1938 566 καὶ

353 597 665 660 πεποιημένον
698 597 873 667 ἐξόχως
910 601 1148 669 ἀποφανεῖ
1180 603 1263 664 τῆς
1304 599 1420 662 μετὰ
1460 600 1639 666 σαρκὸς
1677 597 1979 662 οἶκονομίας5

353 676 436 728 τὸν
462 678 652 744 τρόπον’
693 683 940 744 ἀποκομιεῖ
971 681 1020 732 δὲ
1056 681 1173 749 πρὸς
1199 683 1348 752 τούτῳ
1375 684 1449 733 καὶ
1476 685 1535 736 εἷς
1563 682 1740 747 εἴδησιν
1766 683 1937 747 ἀκριβῆ

309 768 336 808 d
354 763 435 823 τῆς
457 766 770 826 πνευματικῆς
796 765 1042 832 εὐτεχνίας,
1068 767 1142 816 καὶ
1176 768 1259 829 τῆς
1288 766 1336 816 ἐν
1366 764 1465 829 η’θει
1493 767 1568 815 καὶ
1592 763 1781 830 τρόποις
1808 786 1936 814 νοου-

351 843 491 906 μένης
527 846 780 899 ἐπιεικείας.
849 846 924 897 διά
959 870 1030 897 τοι
1071 847 1248 898 τούτων
1295 845 1633 915 οὶκοδομεῖσθαί
1667 851 1824 914 φαμεν
1871 847 1937 897 τὶν

354 924 465 977 οἶκον
489 933 570 978 τοῦ
597 931 721 979 Θεοῦ
748 931 821 979 καὶ
848 932 931 994 τῆς
956 929 1245 995 Ἐκκλησιάς
1272 930 1565 996 πράττεσθαι
1590 929 1846 980 σύστασιν.

426 1009 552 1075 Ἐρῶ
598 1009 645 1061 δὲ
696 1011 814 1076 πρὸς
853 1012 1047 1075 τούτοις,
1090 1012 1160 1063 ὅτι
1202 1014 1275 1063 καὶ
1319 1013 1517 1066 ἕκαστος
1557 1013 1688 1076 ἡμῶν
1733 1010 1841 1064 ναὸς
1880 1008 1937 1062 ἂν
1959 1034 2007 1058 10

355 1096 504 1142 νοοῖτο
543 1096 618 1143 καὶ
653 1091 776 1148 οἶκος
805 1097 944 1146 Θεοῦ.
1017 1093 1255 1164 κατῴκηκε
1281 1094 1374 1162 γὰρ
1406 1097 1454 1145 ἐν
1490 1095 1597 1159 ἡμῖν
1624 1093 1836 1160 Χριστὸς
1861 1092 1937 1144 διὰ

353 1179 435 1224 τοῦ
479 1175 768 1241 Πνεύματος“
821 1179 896 1227 καὶ
942 1177 1085 1239 ε’σμέν
1136 1180 1236 1228 ναοὶ
1279 1181 1402 1228 Θεοῦ
1446 1178 1630 1244 ζῶντος,
1683 1175 1803 1227 κατὰ
1852 1174 1936 1230 τὰς

352 1257 556 1323 γραφάς.
624 1259 790 1310 οὐκοῦν
825 1262 900 1309 καὶ
935 1260 1133 1314 ἕκαστος
1167 1261 1299 1323 ἡμῶν
1330 1260 1622 1323 οἱκοδομείτω
1654 1257 1739 1323 τὴν
1771 1260 1935 1309 ἑαυτοῦ

352 1340 545 1404 καρδίαν
581 1340 655 1390 διὰ
692 1340 896 1395 πίστεως
933 1343 1087 1408 ὀρθῆς,
1120 1342 1261 1393 αὐτὸν
1299 1343 1439 1409 ἐχέτω
1479 1342 1693 1406 θεμέλιον
1731 1341 1812 1392 τὸν
1841 1345 1935 1392 τῶν

352 1419 479 1471 ὅλων
515 1425 713 1489 Σωτῆρα
752 1423 980 1489 Χριστὸν,
1009 1424 1092 1475 τὸν
1127 1425 1309 1488 ε”ντιμον
1348 1427 1550 1488 ἀληθῶς·
1591 1423 1933 1490 προσεπαγέτω
1956 1446 2003 1484 15

352 1503 399 1553 δὲ
437 1504 615 1558 τούτοις
648 1508 721 1556 καὶ
758 1507 876 1570 ὕλην
913 1508 1086 1573 ἑτέραν,
1122 1507 1207 1571 τὴν
1250 1507 1456 1572 ὑπακοὴν
1495 1507 1550 1569 δὴ
1590 1507 1727 1572 λέγω,
1765 1508 1840 1557 καὶ
1878 1504 1933 1557 τὸ

351 1590 411 1638 εἰς
455 1590 549 1637 πᾶν
594 1589 748 1638 ὁτιοῦν
792 1588 983 1651 εὐήνιον,
1030 1589 1113 1653 τὴν
1154 1591 1380 1654 ἀνδρείαν,
1426 1589 1510 1654 τὴν
1555 1587 1804 1652 ὑπομονὴν,
1847 1587 1933 1652 τὴν

349 1667 630 1735 ἐγκράτειαν.
683 1671 1178 1736 συναρμολογούμενοι
1205 1671 1297 1738 γὰρ
1323 1673 1443 1723 οὕτω
1472 1680 1497 1701 “
1519 1670 1594 1722 διὰ
1619 1671 1778 1735 πάσης
1806 1672 1932 1740 ἁφῆς

349 1753 474 1814 ((τῆς
499 1753 837 1818 ἐπιχορηγίας,”
866 1761 893 1783 “
910 1757 971 1807 εἷς
997 1754 1107 1804 ναὸν
1133 1752 1268 1820 ἅγιον
1294 1753 1633 1817 ἀναβησόμεθα
1663 1756 1737 1804 καὶ
1763 1757 1824 1808 εἷς
1851 1777 1932 1805 κα-

349 1839 376 1862 “
393 1833 682 1899 τοικητήριον
702 1841 783 1885 τοῦ
802 1840 924 1886 Θεοῦ
945 1837 993 1887 ἐν
1011 1837 1288 1900 Πνεύματι.”
1331 1841 1370 1888 οἱ
1393 1837 1440 1888 δὲ
1459 1839 1647 1903 βραδεῖς
1673 1841 1735 1892 εἷς
1753 1837 1930 1900 πίστιν,
1953 1864 2001 1889 20

348 1913 377 1979 ἢ
404 1917 478 1966 καὶ
504 1917 844 1972 πιστεύσαντες
869 1917 967 1981 μὲν,
996 1920 1181 1985 ὀκνηροὶ
1206 1918 1259 1970 δέ
1283 1943 1384 1973 πως
1417 1919 1481 1970 ε”τι
1514 1919 1632 1986 πρὸς
1657 1919 1931 1971 ἀπόστασιν

347 1995 432 2060 τὴν
458 1999 509 2049 ἐκ
534 2003 701 2050 παθῶν
727 2024 774 2051 τε
811 2003 884 2051 καὶ
921 2002 1148 2067 ἁμαρτίας
1179 2004 1254 2053 καὶ
1295 2004 1571 2070 φιληδονίας
1603 2006 1845 2067 κοσμικῆς,
1872 2001 1929 2054 δι’

349 2079 461 2130 αὐτὸ
513 2082 569 2145 δὴ
621 2087 757 2133 τοῦτο
809 2086 1057 2151 μονονουχὶ
1103 2086 1178 2134 καὶ
1219 2084 1504 2151 κεκράγασιν
1556 2092 1585 2114 “
1606 2086 1715 2153 Οὐχ
1765 2085 1862 2150 ἥκει
1904 2087 1929 2137 ὁ

349 2170 376 2192 “
403 2163 559 2230 καιρὸς
594 2170 676 2215 τοῦ
711 2165 1014 2229 οἱκοδομήσαι
1051 2165 1133 2217 τὸν
1172 2165 1299 2217 οἶκον
1334 2168 1555 2234 Κυριόυ·”
1595 2167 1813 2236 ταύτῃτοι
1854 2169 1930 2219 καὶ

346 2247 679 2311 περιπίπτουσι
705 2253 804 2301 ταῖς
830 2253 924 2298 τῶν
951 2250 1174 2315 οὐρανίων
1202 2251 1394 2315 ἀγαθῶν
1419 2251 1620 2312 ἐνδείαις,
1646 2252 1721 2301 καὶ
1746 2255 1930 2314 νοηταῖς
1950 2268 1998 2308 25

347 2328 607 2394 ἀκαρπιάις,
643 2332 1013 2398 καταφθίνοντος
1048 2334 1096 2383 ἐν
1132 2334 1287 2388 αὐτοῖς
1317 2339 1399 2384 τοῦ
1439 2338 1532 2395 νοῦ,
1560 2331 1770 2399 καθάπερ
1804 2331 1928 2387 τινὸς

346 2413 446 2475 γῆς,
474 2413 536 2465 ὡς
568 2411 683 2476 μήτε
723 2417 859 2463 σῖτον
898 2414 1033 2482 ἔχειν,
1063 2417 1304 2467 τουτέστιν
1339 2414 1492 2483 ἰσχὺν,
1518 2415 1634 2479 μήτε
1664 2414 1757 2479 μὴν
1789 2412 1926 2478 οἶνον,

397 2614 426 2637 Ι.
453 2604 711 2648 χρεωδεστάτην
729 2604 820 2638 Edd.
1020 2616 1052 2649 5.
1078 2606 1282 2651 πεποιημένα
1300 2607 1359 2641 iid.
1409 2608 1536 2652 ἐξόχως
1556 2608 1600 2641 D.
1621 2607 1713 2641 Edd.
1731 2608 1865 2644 εἰκότως
1884 2609 1926 2643 Β.

345 2649 529 2695 ἀποφαίνοι
550 2651 595 2684 D.
756 2661 788 2696 7.
814 2653 873 2696 τῆς
890 2653 987 2697 prius
1006 2660 1228 2699 assumptum
1246 2666 1287 2688 ex
1308 2655 1353 2687 D.
1501 2665 1621 2699 10—13.
1649 2655 1705 2688 Ab
1724 2654 1867 2690 ἕκαστος
1883 2656 1926 2690 ad

342 2696 488 2732 ἕκαστος
504 2698 655 2731 transilit
674 2698 719 2732 D.
961 2711 1012 2745 13.
1040 2702 1092 2734 καὶ
1110 2705 1332 2745 assumptum
1351 2713 1391 2734 ex
1412 2701 1453 2734 B.
1678 2712 1730 2743 14.
1758 2703 1927 2747 σωτηρίαν

346 2755 409 2787 pro
427 2744 565 2788 καρδίαν
585 2744 630 2777 D.
679 2744 750 2790 διὰ]
775 2750 811 2785 4-
833 2747 890 2789 τῆς
910 2746 956 2780 D.
1006 2747 1106 2791 ὀρθῆς
1126 2748 1170 2782 D.
1191 2747 1282 2781 Edd.
1301 2748 1427 2792 ἀγαθῆς
1448 2747 1488 2781 Β.
1537 2751 1603 2782 τῶν
1620 2747 1709 2781 ὅλων
1726 2754 1759 2781 et
1776 2751 1926 2793 Χριστὸν

345 2796 525 2835 assumpta
542 2803 583 2824 ex
604 2791 696 2825 13.1).
746 2792 906 2836 θεμέλιον
923 2798 1003 2838 post
1020 2796 1170 2838 Χριστὸν
1186 2800 1317 2838 transp.
1338 2795 1383 2828 1).
1713 2805 1765 2840 15.
1792 2810 1924 2840 προσυ-

344 2838 479 2881 παγέτω
500 2838 540 2872 Β.
592 2839 716 2872 Statim
735 2839 771 2872 δέ
790 2851 859 2874 οῐῃ.
881 2840 925 2873 l).
1222 2840 1273 2874 16.
1300 2841 1340 2884 δὴ
1359 2853 1427 2874 om.
1448 2841 1490 2875 B.
1790 2853 1845 2877 21.
1871 2844 1925 2877 καὶ

345 2895 414 2917 mn.
436 2884 481 2918 I).
725 2896 779 2931 23.
806 2887 887 2919 αὐτὸ
907 2887 950 2920 D.
969 2887 1071 2921 αὐτοῦ
1091 2886 1182 2921 Edd.
1247 2888 1299 2921 καὶ
1318 2899 1387 2921 om.
1408 2887 1454 2922 D.
1518 2888 1640 2922 Statim
1660 2890 1863 2934 κεκράγασιν
1881 2890 1924 2925 Β.
2003 2899 2007 2928 J

345 2932 529 2974 κεκραγότα
549 2931 638 2975 (sic)
660 2932 704 2965 D.
725 2935 946 2978 κεκράγουσιν
964 2934 1055 2968 Edd.
1573 2946 1627 2977 24.
1654 2934 1760 2981 οἶκον]
1781 2937 1858 2971 ναὸν
1878 2936 1923 2970 D.
2004 2941 2007 2990 1

348 2985 403 3019 25.
430 2980 683 3021 παραπίπτουσι
702 2979 761 3014 ὶίίῖ.
2003 2991 2007 3025 l
