1997 3361
99 150 152 191 iv.
186 165 273 206 1—3.
473 153 543 192 IN
585 151 1003 192 ZACHARIAM.
1064 150 1215 190 TUM.
1257 149 1314 188 ΙΙ.
1591 146 1664 184 331

99 266 126 288 ‘⁶
152 259 428 324 ἐλάβομεν.”
494 267 595 330 φῶς
634 262 681 312 δὲ
725 261 947 329 ὑπάρχων
987 261 1041 311 τὸ
1082 258 1306 323 ἀληθινὸν
1344 258 1368 306 ὁ
1407 255 1534 316 Υἱὸς,
1574 258 1715 321 φῶςῡ

98 342 300 409 ὠνόμαζε
349 349 432 394 τοῦ
476 345 659 408 κόσμου
703 343 808 398 τοὺς
858 347 941 407 τῆς
990 344 1097 409 παρ’
1153 343 1293 392 αὐτοῦ
1344 337 1674 404 λαμπρότητος

98 426 146 475 ἐν
183 426 365 494 μεθέξει
404 427 749 492 γεγενημένους·
805 427 895 494 ἔφη
935 425 1028 491 γὰρ
1065 429 1161 478 τοῖς
1201 424 1347 489 ἁγίοις
1389 418 1676 472 ἀποστόλοις

100 514 125 536 “
151 507 310 571 “Υμεΐς
349 509 456 558 ε’στε
493 508 545 559 τὸ
581 513 682 576 φῶς
714 514 796 559 τοῦ
837 507 1067 571 κόσμου.”
1133 509 1178 556 αἱ
1215 503 1284 556 δύο
1323 503 1471 570 γεμὴν
1509 504 1676 563 ἐλαῖαι,
1739 508 1896 538 samm.

1741 564 1769 582 V.
1793 561 1814 581 1.
1833 576 1837 580 .

100 590 190 657 μία
223 590 273 640 ἐκ
309 588 451 659 δεξιῶν
490 597 566 642 καὶ
607 594 696 658 μία
732 592 777 660 ἐξ
817 590 1030 658 εὐωνύμων
1061 594 1143 639 τοῦ
1170 587 1438 650 λαμπαδίου
1465 585 1676 646 κείμεναι,
1817 564 1823 589 ⁴

58 603 80 642 ΕΠ.

101 669 208 724 τοὺς
250 671 331 722 δύο
382 672 524 726 λαοὺς
573 673 962 737 ὑποσημαίνουσι,
1013 673 1260 737 μονονουχὶ
1312 671 1386 720 καὶ
1428 670 1475 718 ἐν
1520 667 1678 735 κύκλῳ

102 759 417 820 περιεστῶτας
462 756 693 822 Χριστόν.
762 755 1023 819 τετίμηνται
1074 752 1167 819 γὰρ
1218 755 1279 805 ὡς
1330 749 1575 815 ἠλεημένοι
1622 753 1679 815 τῇ

1746 823 1838 852 llum.
1859 820 1902 851 xi.

103 839 255 905 τοιᾷδε
282 837 469 888 στάσει.
537 840 613 889 καὶ
651 841 693 889 οὶ
727 836 811 901 μὲν
851 837 975 901 ἦσαν
1008 837 1056 886 ἐκ
1095 838 1177 899 τῆς
1201 834 1521 894 καλλιελαίου,
1547 854 1679 882 τουτ-
1746 876 1760 896 2
1765 876 1794 905 4·

104 919 234 970 έστιν
274 921 324 971 ἐκ
363 923 444 984 τῆς
485 922 721 972 Ἰουδαίων
767 921 1072 985 Συναγωγῆς·
1115 920 1157 968 οἱ
1202 916 1249 968 δὲ
1287 919 1369 979 τῆς
1413 914 1682 979 ἀγριελαίου

38 1021 85 1045 10
104 1000 190 1066 μὲν
238 1001 489 1071 ἐξέφυσαν,
541 1002 754 1053 τουτέστι
805 1004 887 1065 τῆς
937 1005 1031 1051 τῶν
1080 1001 1226 1050 ἐθνῶν
1277 997 1504 1062 πληθύος,
1555 993 1684 1058 πλὴν

105 1084 504 1150 ἐγκεντρισθέντες
538 1088 600 1138 εἷς
635 1083 938 1135 καλλιέλαιον
972 1085 1179 1133 κοινωνοὶ
1216 1080 1443 1147 γεγόνασι
1475 1081 1556 1142 τῆς
1582 1077 1683 1128 πιό-
1702 1101 1723 1125 a
1753 1091 1841 1125 684
1855 1090 1905 1123 A.

106 1189 244 1230 τητος
285 1169 367 1230 τῆς
408 1167 550 1234 ῥίζης,
595 1165 713 1217 κατὰ
753 1165 838 1229 τὴν
879 1171 961 1215 τοῦ
1002 1164 1229 1230 μακαρίου
1270 1163 1469 1214 Παύλου
1508 1158 1684 1229 φωνήν.
1746 1157 1787 1188 Ib
1820 1164 1867 1196 ¹7·

108 1249 238 1314 ἄθρει
273 1248 320 1299 δὲ
358 1248 482 1303 ὅπως
520 1251 593 1300 ἐπὶ
630 1250 715 1313 τὴν
748 1251 942 1311 λυχνίσιν
974 1248 1091 1311 ὁμοῦ
1129 1250 1195 1315 τῷ
1229 1241 1493 1313 λαμπαὸἶῳ
1536 1245 1609 1292 καὶ
1646 1244 1687 1291 οἱ

109 1332 261 1393 λύχνοι
300 1333 374 1382 καὶ
416 1334 462 1381 αἱ
504 1328 575 1382 δύο
614 1331 783 1382 ἐλαῖαι.
847 1330 1044 1380 σύνεστι
1078 1327 1171 1395 γὰρ
1210 1327 1319 1391 ἡμῖν
1349 1328 1396 1376 ἐν
1420 1322 1689 1391 Ἐκκλησία

44 1429 89 1466 15
110 1412 336 1479 Χριστὸς,
361 1415 437 1464 καὶ
468 1413 495 1478 ἡ
526 1417 621 1464 τῶν
657 1410 1036 1464 πεπιστευκότων
1070 1409 1302 1475 ἠλεημένη
1337 1407 1522 1471 πληθὺς
1549 1429 1690 1456 κατα-

110 1494 346 1558 λάμπεται
380 1493 464 1558 μέν
506 1499 572 1565 τῷ
616 1495 724 1561 παρ’
765 1495 908 1545 αὐτοῦ
950 1494 1086 1563 φωτὶ,
1132 1490 1377 1560 φωτίζεται
1415 1489 1463 1541 δὲ
1502 1490 1577 1540 καὶ
1616 1485 1691 1539 διὰ

109 1576 309 1640 λύχνων,
341 1576 383 1629 οἳ
408 1576 629 1640 μεθεκτόν
655 1577 816 1646 ε”χουσι
842 1579 918 1628 καὶ
940 1577 1048 1643 παρ’
1078 1575 1218 1626 αὐτοῦ
1243 1573 1297 1624 τὸ
1324 1577 1439 1642 φῶς.

182 1659 364 1711 Ἰστεόν
406 1660 468 1724 δὲ,
509 1660 579 1711 ὅτι
619 1663 695 1711 καὶ
728 1661 776 1711 ἐν
809 1664 868 1728 τῇ
907 1662 1173 1726 κατασκευῇ
1211 1659 1292 1721 τῆς
1332 1655 1467 1722 ἁγίας
1501 1656 1692 1718 σκηνῆς,

112 1744 255 1796 ἔκειτο
294 1744 379 1809 μὲν
423 1750 486 1800 εἷς
529 1745 588 1797 τὰ
631 1745 743 1811 ἅγια
782 1750 877 1796 τῶν
922 1744 1069 1809 ἁγίων
1113 1741 1231 1794 ἑπτὰ
1275 1740 1477 1809 λύχνους
1516 1740 1693 1807 ε”χουσα

46 1847 95 1871 20
113 1827 283 1895 λυχνία
309 1831 480 1895 χρυσῆ.
543 1828 834 1895 προσέταττε
866 1826 915 1877 δὲ
950 1825 1072 1879 Θεὸς
1103 1828 1168 1894 τῷ
1192 1822 1393 1890 ἰλαρών,
1422 1822 1593 1888 λέγων,
1624 1820 1693 1872 ὅτι
1711 1831 1738 1872 b

114 1916 142 1939 “
167 1908 286 1960 κατὰ
310 1909 570 1976 πρόσωπον
595 1913 677 1974 τῆς
709 1910 903 1976 λυχνίας
934 1909 983 1959 ἐκ
1018 1913 1100 1958 τοῦ
1134 1906 1233 1960 ἑνὸς
1266 1906 1432 1972 μερους
1459 1909 1694 1974 φανοῦσιν
1755 1895 1870 1969 {fimi

116 2002 143 2025 ‘⁶
168 1998 210 2046 οἱ
247 1993 364 2046 ἑπτὰ
399 1994 609 2063 λύχνοι.”
675 1995 728 2045 οὐ
766 1992 859 2060 γὰρ
897 1998 991 2047 τοῖς
1030 1990 1225 2044 κατόπιν
1263 1992 1403 2055 αὐτῆς
1435 1991 1460 2041 ὁ
1494 1988 1569 2040 διὰ
1602 1993 1696 2040 τῶν

117 2079 306 2148 λύχνων
358 2080 540 2131 δέδοται
601 2077 867 2146 φωτισμὸς,
917 2077 1047 2128 ἀλλὰ
1097 2082 1192 2131 τοῖς
1244 2078 1305 2131 ὡς
1355 2077 1403 2126 ἐν
1452 2074 1697 2143 προσώπῳ

117 2166 334 2229 Χριστοῦ
368 2161 443 2213 διὰ
476 2165 559 2226 τῆς
595 2163 800 2214 πίστεως
840 2160 1167 2226 ἐνηνεγμένοις.
1236 2161 1310 2209 καὶ
1342 2163 1459 2224 γοῦν
1484 2156 1698 2208 Ἰουδαῖοι

52 2262 101 2300 25
120 2244 314 2295 κατόπιν
340 2242 502 2310 ὥσπερ
526 2244 667 2294 αὐτοῦ
694 2245 769 2293 καὶ
796 2246 858 2297 εἷς
884 2247 1009 2294 νῶτα
1035 2243 1245 2305 κείμενοι,
1273 2238 1699 2303 κατεσκοτισμένον

119 2326 282 2394 ἔχουσι
306 2325 388 2377 τὸν
414 2331 539 2377 νοῦν·
582 2328 624 2376 οἱ
650 2325 697 2376 δὲ
722 2324 779 2393 ἐξ
801 2326 946 2375 ἐθνῶν
971 2323 1323 2385 πιστεύσαντες,
1352 2327 1413 2376 εἰς
1438 2321 1700 2389 πρόσωπον

122 2408 284 2476 ε”χουσι
309 2407 417 2462 τοὺς
442 2407 663 2475 λύχνους,
693 2408 933 2472 ἐλεύθερος
960 2405 1053 2471 γὰρ
1080 2406 1234 2458 αὐτοῖς
1260 2405 1336 2455 καὶ
1363 2401 1694 2470 ἀπαραπόδισ-

121 2513 201 2545 τος
226 2494 470 2543 παντελῶς
496 2491 521 2541 ὁ
549 2488 624 2541 διὰ
657 2493 749 2540 τῶν
781 2488 928 2554 ἁγίων
958 2489 1177 2554 ἐγγέγονε
1212 2485 1472 2556 φωτισμός.
1525 2486 1700 2536 ἐκαίετο
1719 2505 1740 2531 c

122 2573 171 2625 δὲ
212 2574 288 2624 καὶ
328 2572 501 2641 λύχνος
545 2570 607 2626 εἷς
653 2573 701 2622 ἐν
741 2574 798 2638 τῇ
842 2569 1006 2637 πρώτῃ
1049 2573 1220 2637 σκηνῇ·
1272 2571 1354 2632 τῆς
1397 2569 1702 2633 εὐαγγελικῆς

171 2746 205 2776 4.
230 2734 263 2767 αἶ
280 2745 351 2768 om.
370 2732 412 2768 C.
570 2731 603 2766 6.
629 2730 924 2774 ὑποσημαίνουσαι
943 2727 983 2762 C.
1003 2728 1111 2762 invito
1129 2727 1164 2762 b.
1307 2736 1338 2772 7.
1364 2729 1576 2769 περιεστῶτα
1595 2737 1702 2759 manu

124 2781 237 2826 prima
254 2780 295 2814 C.
624 2790 657 2824 9.
682 2779 716 2812 ἐκ
742 2782 964 2820 assumptum
989 2787 1030 2808 ex
1049 2774 1090 2809 C.
1162 2774 1358 2819 ἀγριελαίου
1377 2773 1454 2807 C.b.
1473 2773 1591 2818 ἀγρίου
1610 2771 1704 2807 Edd.

132 2838 184 2861 10.
210 2830 276 2861 τῶν
293 2826 372 2861 C.b.
391 2827 428 2871 ἐξ
446 2825 538 2860 Edd.
743 2835 797 2859 ΙΙ.
823 2822 885 2867 εἷς]
909 2827 945 2863 -f-
966 2822 1026 2865 τὴν
1044 2821 1135 2855 Edd.
1153 2821 1224 2854 inv.
1245 2820 1323 2854 C.b.
1524 2831 1575 2863 15.
1603 2818 1621 2861 ἡ
1639 2822 1705 2852 τῶν

127 2887 266 2909 πεπιστ.
283 2873 351 2908 hoc
368 2873 490 2907 ordine
508 2872 587 2908 C.b.
777 2882 832 2905 21.
859 2870 930 2905 ἑνὸς
949 2868 990 2903 C.
1008 2868 1118 2903 νοτίου
1137 2867 1228 2901 Edd.
1430 2877 1485 2910 23.
1511 2866 1555 2900 ὡς
1572 2877 1641 2899 om.
1663 2865 1704 2898 C.

129 2921 165 2954 ἐν
181 2921 367 2964 προσώπου
386 2920 465 2963 (Sic)
484 2919 525 2954 C.
1028 2916 1083 2950 28.
1111 2914 1268 2960 ἐγγέγονε
1289 2913 1330 2947 Β.
1351 2912 1485 2958 ἐγέγονε
1504 2913 1583 2956 (sic)
1603 2912 1707 2947 Pont.

129 2967 248 3013 γέγονε
266 2966 356 3001 C.D.
375 2966 468 3000 Aub.

872 3034 898 3059 U
921 3035 946 3060 U
966 3033 989 3062 2
