2060 3387
110 207 148 231 x.
180 206 211 232 1.
478 191 552 231 IN
597 191 1014 231 ½A(¹11A1{l.xM.
1076 190 1228 231 TOM.
1264 189 1340 229 lv.
1620 188 1702 227 420

113 303 334 368 λέγοντος
375 311 401 333 “
424 303 605 370 Φάγετε
643 306 718 354 καὶ
758 303 899 365 πίετε,
946 306 1019 353 καὶ
1061 302 1326 366 μεθύσθητε
1366 304 1407 350 οὶ
1446 299 1701 363 πλησίον.”
1766 307 1866 378 2²⁴¹!st-

111 387 322 449 πλησίον
367 385 460 452 γὰρ
503 390 544 437 οἱ
587 385 753 436 τοιοίδε
800 389 942 435 Θεοῦ·
1005 388 1079 436 καὶ
1132 385 1185 435 οὐ
1229 384 1433 451 σχέσεσι
1476 385 1703 435 τυπικαῖς·

114 469 254 532 ληρία
296 468 389 533 γὰρ
435 474 574 519 τοῦτο
620 473 739 518 νοεῖν
778 466 805 531 ἦ
852 467 1056 535 φράσαι·
1120 464 1460 531 παραστήματι
1506 463 1554 514 δὲ
1599 465 1700 513 δια·

115 550 239 603 νοίας
277 554 343 619 τῷ
382 551 490 600 λίαν
525 550 853 619 ἀλκιμωτάτῳ,
895 552 968 599 καὶ
1012 554 1070 617 τῇ
1111 548 1229 614 πρὸς
1272 551 1367 598 πᾶν
1412 547 1567 597 ὁτιοῦν
1612 549 1707 624 τῶν

73 631 323 697 5ἀρίστων
371 632 529 699 ἐφέσει
579 634 654 682 καὶ
704 631 867 699 ἀγάπῃ
924 635 981 698 τῇ
1039 635 1101 685 εὶς
1156 628 1314 681 αὐτόν.
1400 626 1564 692 ὥσπερ
1613 627 1707 693 γὰρ

114 714 362 781 ἐξίστησιν
415 715 534 777 ἡμᾶς
586 717 661 765 καὶ
712 713 810 764 οἷον
856 714 1082 781 ἀποφέρει
1133 710 1319 779 μακρὰν
1361 711 1387 774 ἡ
1441 710 1747 777 φαυλότης·ο

115 797 236 846 οὕτω
291 799 399 863 Θεῷ
453 796 745 861 παρίστησιν
802 796 829 858 ἡ
887 794 1042 860 ἀρετὴ,
1100 795 1154 844 τὸ
1211 797 1396 844 διιστᾶν
1452 792 1572 854 ἡμᾶς
1632 793 1708 841 καὶ

115 883 423 941 μεσολαβοῦν
462 880 510 928 ἐκ
555 878 705 941 με’σου
745 877 964 943 γενέσθαι
1009 875 1450 943 παρασκευάζουσα,
1491 876 1611 944 φημὶ
1651 873 1708 937 δὴ

116 958 202 1023 τὴν
242 959 486 1026 ἁμαρτίαν.

53 1228 100 1253 10
175 1204 364 1249 Αἰτεῖοθε
392 1207 514 1249 ὑετὸν
542 1208 657 1264 Παρὰ
689 1207 835 1265 Κυρίου
865 1208 955 1248 καθ’
991 1209 1125 1264 ὥραν,
1152 1206 1349 1263 Πρώϊμον
1378 1207 1444 1246 καὶ
1473 1206 1644 1256 ὄψιμον.
1736 1216 1836 1265 Κεφ,
1861 1211 1898 1253 ι’,

186 1364 382 1431 ΓὨσπερ
426 1365 519 1432 γὰρ
559 1367 653 1417 οὔτ’
700 1365 759 1416 ἂν
799 1370 933 1419 σῖτος
976 1367 1023 1416 ἐν
1067 1366 1228 1431 ἀγροῖς
1267 1364 1432 1431 γένοιτ’
1475 1362 1530 1414 ἂν
1567 1362 1715 1415 πόνον
1734 1376 1761 1416 d

121 1447 242 1514 δίχα,
270 1449 362 1498 οὔτ’
392 1447 449 1498 ἂν
476 1448 700 1514 εὔβοτρύς
730 1471 779 1499 τε
815 1451 890 1498 καὶ
923 1449 1095 1501 εὕοινος
1122 1447 1367 1510 ἀμπελών·
1407 1448 1528 1497 οὕτω
1566 1448 1640 1496 καὶ
1668 1447 1717 1496 ἐν

121 1531 230 1593 ἡμῖν
255 1531 336 1580 οὐκ
366 1528 423 1580 ἂν
454 1530 635 1595 γένοιτό
665 1553 735 1584 τις
771 1531 996 1596 εὐκαρπιά
1028 1528 1332 1592 πνευματικὴ,
1361 1527 1426 1592 μὴ
1459 1529 1561 1596 οὐχὶ
1590 1531 1716 1579 Θεοῦ

122 1611 359 1666 καθιέντος
401 1613 528 1663 ὑετοῦ
564 1613 694 1677 δίκην
733 1616 795 1666 εἷς
829 1618 937 1663 νοῦν
976 1615 1050 1662 καὶ
1090 1611 1283 1677 καρδίαν
1311 1615 1405 1662 τῶν
1431 1611 1596 1662 ἑαυτοῦ
1623 1617 1711 1661 λο-

56 1718 102 1754 Ιῑ,
125 1693 238 1760 γίων
279 1693 364 1758 τὴν
406 1695 725 1763 ἀποκάλυψιν,
773 1696 848 1745 καὶ
890 1699 1072 1760 γνῶσιν
1117 1694 1226 1757 ἡμῖν
1264 1693 1499 1746 οἱονείπως
1539 1691 1710 1743 ἐνστά-

124 1775 280 1842 §maroc
331 1782 414 1827 τοῦ
452 1799 501 1826 τε
541 1777 738 1844 ἀρχαίου
778 1778 852 1826 καὶ
894 1776 998 1826 νεόυ
1042 1774 1333 1841 γράμματος,
1375 1774 1590 1826 τουτέστι
1632 1780 1716 1825 τοῦ

125 1864 313 1921 νομικοῦ
341 1861 414 1909 καὶ
441 1859 758 1924 εὐαγγελικοῦ·
800 1859 912 1910 ὑετοὶ
947 1857 1041 1924 γὰρ
1073 1861 1113 1908 οἱ
1145 1858 1309 1908 τοιοίδε
1337 1857 1530 1925 πρώϊμὸς
1557 1879 1606 1907 τε
1635 1863 1713 1908 καὶ

126 1937 299 2007 ἵψιμος
343 1938 431 1990 εἷεν
474 1940 543 1992 ἄν.
608 1940 677 1991 ὅτι
724 1939 772 1991 δὲ
817 1941 900 1991 οὐκ
944 1938 1209 2003 ἀσυντελὴς
1250 1943 1311 1993 εἷς
1356 1938 1522 2003 ὄνησιν
1566 1939 1593 2001 ἡ
1633 1944 1716 1989 τοῦ

126 2020 269 2084 νόμου
308 2027 483 2086 γνῶσις
522 2024 596 2072 καὶ
637 2023 804 2088 θεωρία
841 2020 1147 2084 πνευματικὴ,
1178 2024 1473 2086 παιδαγωγεῖ
1502 2020 1549 2071 δὲ
1581 2025 1710 2083 μᾶλ-
1733 2045 1754 2071 e

57 2131 107 2156 20
127 2112 214 2154 λον
246 2104 364 2167 ἡμᾶς
402 2103 478 2154 διὰ
513 2104 661 2155 τύπου
700 2108 775 2155 καὶ
815 2108 954 2158 σκιᾶς
991 2106 1065 2155 ἐπὶ
1103 2103 1157 2155 τὸ
1189 2107 1405 2169 Χριστοῦ
1439 2102 1714 2168 μυστήριον,

125 2186 420 2237 πιστώσεται
460 2187 616 2251 λέγων
663 2187 800 2240 αὐτὸς
847 2187 872 2237 ὁ
918 2185 1086 2252 Σωτὴρ
1133 2190 1228 2238 τοῖς
1271 2185 1510 2236 Ἰουδαίων
1554 2183 1716 2248 δήμοις

128 2275 155 2297 “
181 2267 268 2331 Μὴ
296 2272 467 2319 δοκεῖτε
507 2268 577 2319 ὅτι
615 2268 707 2333 ἐγὼ
746 2268 1061 2334 κατηγορήσω
1093 2269 1222 2331 ὑμῶν
1254 2266 1372 2333 πρὸς
1398 2266 1481 2318 τὸν
1510 2266 1714 2333 Πατέρα·
1777 2273 1808 2304 S·
1827 2273 1927 2306 ³0²ss-

129 2356 155 2379 “
183 2349 313 2399 ἔστιν
340 2351 365 2399 ὁ
392 2355 668 2415 κατηγορῶν
702 2352 831 2413 ὑμῶν
859 2353 1091 2413 Μωυσῆς,
1118 2353 1179 2403 εἰς
1215 2348 1268 2400 ὃν
1308 2351 1432 2411 ὑμεῖς
1464 2349 1712 2413 ἠλπίκατε.
1779 2361 1831 2399 46·

130 2437 156 2460 ‘⁶
182 2434 218 2481 εἰ
258 2429 351 2496 γὰρ
384 2432 647 2482 ἐπιστεύετε
686 2435 892 2499 Μωυσῇ,
928 2431 1192 2482 ἐπιστεύετε
1231 2430 1288 2481 ἂν
1327 2432 1439 2494 ἐμοί·
1477 2434 1581 2497 περὶ
1624 2431 1717 2498 γὰρ

61 2533 108 2569 25
130 2520 156 2541 ‘⁶
184 2514 296 2574 ἐμοῦ
334 2515 500 2567 ἐκεῖνος
535 2513 789 2581 ἐγραψεν.”
844 2513 934 2581 ἔφη
975 2513 1029 2563 δέ
1061 2536 1153 2564 που
1193 2515 1267 2563 καὶ
1305 2514 1409 2579 περὶ
1441 2517 1535 2564 τῶν
1565 2536 1717 2579 γραμ-

178 2691 210 2725 3.
236 2681 370 2726 φράσαι
391 2679 478 2715 B.C.
495 2681 668 2726 φρονῆσαι
687 2679 779 2714 Edd.
1107 2691 1140 2721 4.
1167 2682 1234 2713 τῶν
1250 2678 1398 2724 ἀρίστων
1416 2678 1536 2723 ἐφέσει
1556 2678 1602 2713 D.
1623 2679 1716 2715 Edd.

131 2727 260 2773 ἀρίστῳ
278 2727 398 2771 ἐφέσει
418 2726 458 2762 C.
753 2736 784 2769 7.
811 2727 849 2760 τὸ
868 2726 1001 2760 διιστᾶν
1020 2725 1065 2760 D.
1082 2727 1120 2759 τὸ
1138 2726 1173 2759 δέ
1192 2727 1291 2760 ἶστᾶν
1308 2737 1416 2759 manu
1433 2726 1544 2770 prima
1562 2725 1620 2769 (ἐξ
1638 2733 1718 2771 post

131 2774 168 2807 δὲ
186 2785 295 2807 manu
312 2774 494 2808 recentiori
513 2772 772 2818 suprascripto)
791 2772 832 2807 C.
849 2774 887 2807 τὸ
905 2773 1044 2807 διιστῶν
1062 2771 1153 2806 Edd.
1550 2772 1583 2806 8.
1609 2787 1717 2817 παρα-

133 2821 296 2862 σκευάζον
312 2832 329 2853 e
347 2821 575 2865 castigatione
595 2819 635 2855 C.
915 2830 967 2853 10.
995 2819 1161 2853 αἰτεῖσθαι
1181 2817 1223 2853 C.
1287 2818 1383 2852 ὑετὸν
1399 2818 1489 2861 παρὰ
1508 2818 1633 2862 Κυρίου
1650 2819 1718 2854 hoc

133 2865 256 2900 ordine
274 2866 366 2900 C.D.
387 2867 502 2911 (Alex.
521 2867 625 2909 XII.)
901 2877 953 2899 ΙΙ.
980 2864 1047 2899 οὔτ’
1065 2864 1105 2899 ἂν
1123 2864 1216 2900 C.D.
1235 2867 1311 2898 οὔτε
1328 2865 1363 2899 b.
1382 2864 1475 2899 Edd.
1533 2865 1664 2910 γένοιτο
1683 2866 1718 2900 b.

138 2922 190 2956 15.
217 2913 389 2949 οἶονείπως
408 2913 539 2947 C.D.b.
557 2911 722 2957 οἱονείπερ
742 2912 834 2947 Edd.
899 2912 1123 2955 ἐνστάξαντος
1140 2912 1174 2946 b.
1451 2920 1503 2956 17.
1532 2913 1584 2945 καὶ
1602 2911 1718 2958 prius]

139 2964 175 2998 —{-
197 2961 257 2992 τοῦ
275 2959 367 2993 Edd.
386 2960 504 2994 invitis
525 2960 603 2994 C.b.
1026 2970 1077 3004 19.
1102 2957 1303 3002 πνευματικὴ
1323 2958 1369 2993 D.
1388 2957 1480 2993 Edd.
1498 2957 1659 3002 πνεύματι
1679 2959 1720 2994 C.

134 3005 330 3050 παιδιιγωγη
350 3005 390 3039 C.
629 3017 683 3048 24.
711 3008 841 3049 Μωυσῇ
862 3004 902 3040 C.
924 3007 1042 3040 Μωσεῖ
1063 3004 1153 3041 Edd.
