2053 3382
90 271 143 302 Ps.
165 271 242 303 xliv.

95 335 121 353 ae·

89 445 141 476 ΙΙ).
159 446 220 477 cix.

92 500 120 520 2.

90 777 171 807 Mic.
185 776 239 807 vii.

93 829 139 859 14.

88 1184 118 1211 S.
132 1181 232 1211 δότω.

88 1236 119 1256 x.
140 1235 187 1255 11.

97 1671 179 1701 Hos.
191 1670 258 1701 xiii.

97 1723 126 1754 5.

317 163 402 202 456
718 163 768 203 B.
811 160 1094 202 CYRILLI
1136 160 1525 202 ALEXANDR.
1791 160 1847 200 xi.
1875 169 1909 211 7.

1424 272 1442 280 Α

315 270 585 331 βασιλείαν,
630 271 690 322 ὡς
739 268 852 319 ὅταν
898 268 1094 333 λέγηται
1137 271 1202 337 τῷ
1243 271 1445 337 Χριστῳ
1484 266 1729 328 ίζῬάβδος
1771 267 1906 317 εὐθύ·-

318 359 344 380 “
368 374 505 415 τητος
544 352 571 414 ἡ
609 350 787 417 ῥάβδος
821 353 904 414 τῆς
942 350 1194 411 βασιλείας
1232 350 1373 400 σου·”
1414 348 1527 401 ποτὲ
1567 349 1615 400 δὲ
1654 348 1808 416 ἰσχὺν,
1848 350 1910 402 ὡς

316 433 363 483 ε”ν
400 456 453 498 γε
485 437 551 502 τῷ
586 432 733 500 φάναι
759 432 1008 493 ΨΡάβδον
1039 431 1276 495 δυνάμεως
1311 432 1626 500 ἐξαποστελεῖ
1659 431 1830 496 Κύριος
1860 431 1910 480 ἐκ

315 522 343 544 “
370 513 510 565 Σιών·
573 516 647 565 καὶ
697 513 1075 581 κατακυριεύσας
1118 516 1167 565 ἐν
1219 513 1352 583 μέσῳ
1404 518 1498 564 τῶν
1542 516 1724 581 ἐχθρῶν
1767 512 1905 562 σου·”

313 595 660 659 ἐκλαμβάνεται
705 595 753 647 δὲ
798 599 872 647 καὶ
915 600 978 650 εἷς
1015 597 1229 647 παιδείαν
1269 598 1343 646 καὶ
1388 595 1653 660 ἐπιστήμην
1693 595 1797 645 ἔσθ’
1832 593 1949 647 ὅτεό

313 677 399 741 τὴν
429 677 755 743 ποιμαντικήν·
803 678 977 744 ε’ίρηται
1016 683 1132 744 γοῦν
1166 677 1314 729 πάλιν
1350 677 1425 728 διὰ
1465 680 1625 746 φωνῆς
1660 675 1909 745 προφήτου

312 759 431 827 πρὸς
471 759 553 811 τὸν
579 760 697 812 Υἱόν
729 768 755 790 “
776 762 1003 823 Ποίμαινε
1043 759 1162 811 λαόν
1198 783 1290 811 σου
1325 761 1373 810 ἐν
1406 759 1570 828 ῥάβδῳ
1608 762 1764 827 φυλῆς
1803 782 1909 820 σου,

313 849 340 872 “
367 842 590 909 πρόβατα
623 843 939 909 κληρονομιάς
974 843 1107 894 σου.”
1154 842 1264 893 ἀλλ’
1294 842 1342 892 ἔν
1376 865 1430 908 γε
1466 848 1561 895 τοῖς
1596 841 1911 907 προκειμένοις

313 926 630 989 σημαίνουσιν
663 929 709 976 αἱ
749 921 905 995 ῥάβδοι
942 924 1145 991 τρόπους
1180 925 1289 988 ἡμῖν
1323 927 1594 987 ποιμενικῆς
1629 922 1907 987 ἐπιστήμης,

314 1010 389 1057 καὶ
431 1007 588 1058 διττὸν
629 1007 919 1061 παιδεύσεως
959 1005 1091 1070 εἶδος,
1133 1005 1253 1058 κατά
1290 1030 1342 1073 γε
1383 1006 1436 1057 τὸ
1479 1005 1745 1070 ἀμωμήτως
1791 1005 1911 1072 ἔχειν
1934 1025 1981 1050 10

315 1093 497 1140 δοκοῦν.
580 1090 759 1158 δέχεται
818 1089 864 1140 δὲ
918 1088 1000 1142 τὰς
1059 1086 1250 1159 ῥάβδους
1302 1090 1326 1139 ὁ
1382 1089 1573 1140 πάντων
1626 1087 1911 1155 ἀρχιποίμην

317 1178 343 1199 “
371 1173 396 1222 ὁ
435 1170 521 1236 τὴν
560 1171 724 1240 ψυχὴν
764 1173 906 1223 αὑτοῦ
946 1174 1038 1225 θεὶς
1080 1170 1194 1237 ὑπὲρ
1232 1176 1327 1222 τῶν
1366 1169 1660 1236 προβάτων,”
1694 1170 1912 1220 τούτεστι

317 1254 550 1320 Χριστὸς,
581 1254 656 1304 ἵνα
682 1256 730 1304 ἐν
755 1255 914 1307 αὐταῖς
940 1253 1265 1321 καταποιμάνῃ
1289 1253 1347 1303 τὰ
1375 1254 1467 1303 ἴδια
1493 1252 1728 1318 πρόβατα.

396 1334 559 1386 Πάλαι
603 1336 688 1400 μὲν
723 1337 830 1402 γάρ·
892 1336 1121 1399 τουτέστι,
1168 1338 1242 1386 καὶ
1285 1335 1379 1400 πρὸ
1419 1339 1513 1386 τῶν
1553 1337 1636 1398 τῆς
1675 1335 1907 1399 ε’νανθρω-

319 1417 509 1481 πήσεως
543 1418 738 1485 χρόνων·
781 1418 900 1473 Θεὸς
935 1417 999 1468 ὧν
1031 1421 1105 1469 καὶ
1142 1418 1393 1482 νομοθέτης
1428 1419 1452 1468 ὁ
1486 1420 1535 1468 ἐκ
1568 1420 1693 1468 Θεοῦ
1722 1414 1912 1481 Πατρός
1935 1432 1982 1469 15

322 1499 479 1565 Λόγος
516 1501 774 1561 κατέβοσκε
811 1499 893 1551 τὸν
923 1498 1140 1565 Ἰσραὴλ,
1177 1503 1311 1551 οἱονεὶ
1346 1499 1509 1569 ῥάβδῳ
1541 1502 1625 1567 μιᾷ
1660 1498 1912 1565 χρώμενος’,

323 1586 380 1650 τῇ
416 1582 534 1633 κατὰ
572 1581 714 1645 νόμον
744 1583 944 1651 παιδείᾳ.
1000 1583 1091 1650 ἔφη
1118 1582 1211 1649 γάρ
1244 1606 1335 1633 που
1367 1581 1441 1633 διὰ
1471 1579 1721 1650 προφήτου
1753 1582 1914 1649 φωνῆς

323 1664 441 1730 πρὸς
481 1665 622 1715 αὐτόν
650 1672 676 1694 “
696 1665 825 1730 Ἐγὼ
865 1665 1132 1727 ε’ποίμαινόν
1164 1687 1220 1714 σε
1254 1666 1301 1715 ἐν
1333 1669 1390 1730 τῇ
1424 1663 1618 1732 ε’ρήμῳ.”
1674 1660 1830 1725 ἐπειδὴ
1866 1661 1914 1712 δὲ

324 1746 489 1812 γέγονε
525 1748 632 1797 καθ’
662 1747 781 1810 ἡμᾶς
815 1747 1076 1813 ἅνθρωπος,
1104 1744 1175 1798 δύο
1203 1747 1383 1813 δέχεται
1416 1742 1619 1813 ῥάβδους.
1672 1743 1916 1806 κατανέμει

324 1828 418 1894 γὰρ
457 1827 622 1894 ὥσπερ
660 1829 768 1882 τοὺς
808 1830 947 1883 ἰδίους
985 1828 1332 1895 προσκυνητὰς,
1369 1827 1476 1881 τοὺς
1515 1826 1591 1877 διὰ
1628 1826 1833 1878 πίστεως
1868 1823 1915 1875 δὲ
1939 1844 1987 1868 20

325 1910 545 1976 δηλονότι
602 1912 995 1975 δεδικαιωμένους,
1057 1913 1132 1961 καὶ
1187 1911 1497 1976 ἡγιασμένους
1562 1910 1610 1959 ἐν
1663 1907 1917 1970 Πνεύματι,

328 1998 532 2058 νομικοῖς
558 2016 607 2043 τε
641 1992 738 2056 ἅμα
771 1995 845 2044 καὶ
879 1995 1195 2059 εὐαγγελικοῖς
1221 1993 1565 2054 θεσπίσμασιν,
1592 1991 1646 2041 οὐ
1671 1993 1917 2051 βουθυτεῖν

327 2075 607 2137 ἀναπείθων,
643 2077 746 2126 οὔτε
785 2075 878 2139 μὴν
911 2080 1010 2128 ταῖς
1046 2075 1164 2126 κατὰ
1199 2075 1342 2136 νόμον
1375 2077 1717 2140 προσαγωγαῖς
1754 2094 1910 2138 προσ-

328 2161 511 2208 κεῖσθαι
551 2157 802 2208 διδάσκων·
855 2161 1091 2208 ποιεῖσθαι
1132 2157 1178 2207 δὲ
1225 2163 1414 2220 μᾶλλον
1456 2154 1794 2221 προστεταχὼς
1836 2157 1918 2216 τῆς

328 2241 376 2289 ἐν
417 2241 656 2302 Πνεύματι
702 2241 919 2305 λατρείας
957 2238 1042 2303 τὴν
1081 2240 1277 2302 δύναμιν
1316 2242 1378 2292 εἰς
1423 2236 1709 2301 ἀναιμάκτου
1751 2236 1919 2289 θυσίας
1940 2256 1987 2292 25

330 2322 522 2388 τρόπον.
578 2321 889 2385 μετατέθειται
919 2320 1012 2387 γὰρ
1044 2322 1072 2385 ἡ
1099 2320 1213 2372 σκιὰ
1246 2320 1364 2387 πρὸς
1396 2318 1631 2383 ἀλήθειαν,
1663 2319 1736 2368 καὶ
1771 2340 1916 2380 μετα-

382 2550 413 2573 2.
440 2539 541 2584 ι’σχύς
560 2538 600 2573 C.
732 2550 764 2583 3.
792 2537 1034 2583 ἐξαποστελεῖ]
1060 2543 1096 2579 -ἱ-
1118 2553 1174 2573 σοι
1195 2537 1285 2572 Edd.
1307 2538 1417 2571 invito
1436 2537 1475 2571 C.
1497 2537 1630 2578 (Alex.)
1762 2547 1795 2575 4.
1825 2533 1919 2567 Haec

334 2586 387 2619 καὶ
405 2586 657 2630 κατ.-ε’χθρῶν
672 2600 736 2620 σου
754 2589 978 2619 accesserunt
996 2598 1035 2619 ex
1053 2585 1145 2619 C.D.
1195 2583 1447 2628 κατακυριειῖσει
1466 2584 1511 2616 D.
1528 2584 1598 2627 (52,
1615 2581 1708 2626 277).
1758 2580 1792 2613 ἐκ
1810 2580 1919 2623 μέσου

334 2633 445 2676 prima
462 2644 570 2666 manu
589 2632 630 2665 C.
1040 2641 1074 2676 5.
1101 2631 1147 2666 εἷς
1163 2632 1317 2665 παιδείαν
1334 2631 1387 2664 καὶ
1405 2629 1592 2673 ἐπιστήμην
1612 2628 1697 2661 B.C.
1714 2627 1847 2660 παιδεία
1865 2627 1918 2660 καὶ

334 2678 502 2722 ἐπιστήμη
524 2678 615 2712 Edd.
855 2678 887 2711 6.
914 2678 973 2722 τὴν
992 2677 1088 2712 deest
1105 2678 1140 2711 in
1161 2677 1252 2712 Edd.
1317 2675 1535 2720 ποιμαντικήν
1554 2674 1646 2708 Β.Ι).
1665 2672 1857 2716 ποιμενικὴν
1876 2672 1916 2707 C.

334 2724 531 2768 ποιμαντικὴ
551 2724 643 2758 Edd.
707 2723 806 2769 γοῦν]
827 2723 885 2758 οὖν
903 2724 943 2758 C.
1374 2732 1403 2767 7.
1430 2723 1565 2765 ποίμενε
1584 2720 1625 2754 C.
1696 2719 1789 2753 Haec
1807 2721 1919 2764 φυλῆς

336 2786 411 2814 σου,
429 2773 586 2815 πρόβατα
604 2772 826 2815 κληρονομίας
844 2786 908 2805 σου
927 2777 1148 2805 accesserunt
1166 2782 1205 2804 ex
1227 2769 1266 2804 C.
1524 2769 1556 2801 8.
1583 2766 1812 2811 προκειμένοις
1831 2766 1917 2800 B.C.

335 2817 587 2862 προειρημένοις
607 2817 698 2851 Edd.
1057 2828 1070 2850 1
1082 2828 1109 2850 1.
1134 2818 1268 2850 πάντων
1284 2816 1487 2859 ἀρχιποίμην
1505 2814 1546 2847 C.
1564 2813 1687 2856 ποιμὴν
1704 2814 1722 2845 ὁ
1740 2814 1842 2847 καλὸς
1858 2811 1917 2846 iid.

342 2875 393 2898 12.
421 2864 577 2898 τουτέστι
596 2875 665 2898 om.
686 2864 727 2898 C.
833 2875 884 2909 13.
911 2863 949 2898 ἵν’
971 2863 1011 2897 C.
1078 2864 1315 2907 καταποιμανεῖ
1334 2862 1374 2896 C.
1480 2860 1531 2893 18.
1560 2860 1595 2893 δέ
1614 2871 1682 2893 om.
1702 2858 1742 2893 C.
1761 2859 1865 2893 habet
1883 2858 1918 2892 b.

340 2921 394 2944 20.
420 2911 455 2944 δὲ
475 2913 696 2954 assumptum
716 2923 756 2944 ex
778 2910 863 2944 B.C.
1170 2919 1225 2953 25.
1252 2909 1298 2944 εἷς
1315 2908 1346 2941 (ἰ.
1366 2908 1397 2942 θ.
1416 2904 1559 2950 τρόπον]
1579 2907 1637 2949 τῆς
1653 2906 1685 2939 ἀ.
1703 2906 1734 2939 θ.
1754 2907 1867 2950 τρόπῳ
1885 2905 1919 2938 b.

341 2955 394 2989 26.
420 2957 629 2999 μετατίθεται
649 2956 689 2989 C.
