<?xml version="1.0" encoding="UTF-8"?>
<!DOCTYPE html PUBLIC "-//W3C//DTD XHTML 1.0 Transitional//EN"
    "http://www.w3.org/TR/xhtml1/DTD/xhtml1-transitional.dtd">
<html xmlns="http://www.w3.org/1999/xhtml" xml:lang="en" lang="en">
 <head>
  <title>
</title>
<meta http-equiv="Content-Type" content="text/html;charset=utf-8" />
  <meta name='ocr-system' content='tesseract 3.04.00' />
  <meta name='ocr-capabilities' content='ocr_page ocr_carea ocr_par ocr_line ocrx_word'/>
</head>
<body>
  <div class='ocr_page' id='page_1' title='image "./operacyrilli02cyriuoft/operacyrilli02cyriuoft_0403.png"; bbox 0 0 2060 3387; ppageno 0'>
   <div class='ocr_carea' id='block_1_1' title="bbox 138 174 1721 235">
    <p class='ocr_par' dir='ltr' id='par_1_1' title="bbox 138 174 1721 235">
     <span class='ocr_line' id='line_1_1' title="bbox 138 174 1721 235; baseline -0.005 -17"><span class='ocrx_word' id='word_1_1' title='bbox 138 180 225 219; x_wconf 89' lang='lat' dir='ltr'><strong>viii.</strong></span> <span class='ocrx_word' id='word_1_2' title='bbox 252 194 313 232; x_wconf 78' lang='lat'>14,</span> <span class='ocrx_word' id='word_1_3' title='bbox 341 193 400 235; x_wconf 83' lang='lat'>15.</span> <span class='ocrx_word' id='word_1_4' title='bbox 506 181 579 221; x_wconf 92' lang='lat' dir='ltr'>IN</span> <span class='ocrx_word' id='word_1_5' title='bbox 622 180 1042 220; x_wconf 75' lang='lat' dir='ltr'><strong>ZACHARIAM.</strong></span> <span class='ocrx_word' id='word_1_6' title='bbox 1104 177 1254 218; x_wconf 78' lang='lat' dir='ltr'><strong>TOM.</strong></span> <span class='ocrx_word' id='word_1_7' title='bbox 1290 175 1377 215; x_wconf 88' lang='lat' dir='ltr'><strong>III.</strong></span> <span class='ocrx_word' id='word_1_8' title='bbox 1640 174 1721 212; x_wconf 82' lang='lat'>395</span> 
     </span>
    </p>
   </div>
   <div class='ocr_carea' id='block_1_2' title="bbox 70 279 1764 1666">
    <p class='ocr_par' dir='ltr' id='par_1_2' title="bbox 70 279 1764 1666">
     <span class='ocr_line' id='line_1_2' title="bbox 138 279 1725 354; baseline -0.005 -17"><span class='ocrx_word' id='word_1_9' title='bbox 138 289 330 354; x_wconf 86' lang='grc' dir='ltr'>κτείρειν</span> <span class='ocrx_word' id='word_1_10' title='bbox 370 287 579 340; x_wconf 71' lang='grc' dir='ltr'>ἐθέλοντι</span> <span class='ocrx_word' id='word_1_11' title='bbox 626 288 948 353; x_wconf 78' lang='grc' dir='ltr'>πεπονηκότας</span> <span class='ocrx_word' id='word_1_12' title='bbox 999 287 1276 352; x_wconf 80' lang='grc' dir='ltr'>ἀρκούντως,</span> <span class='ocrx_word' id='word_1_13' title='bbox 1321 281 1452 334; x_wconf 74' lang='grc' dir='ltr'>οὐδὲν</span> <span class='ocrx_word' id='word_1_14' title='bbox 1493 281 1626 332; x_wconf 75' lang='grc' dir='ltr'>ε”σται</span> <span class='ocrx_word' id='word_1_15' title='bbox 1670 279 1725 330; x_wconf 79' lang='grc' dir='ltr'>τὸ</span> 
     </span>
     <span class='ocr_line' id='line_1_3' title="bbox 133 363 1726 441; baseline -0.004 -21"><span class='ocrx_word' id='word_1_16' title='bbox 133 371 365 433; x_wconf 78' lang='grc' dir='ltr'>ἐμποδών.</span> <span class='ocrx_word' id='word_1_17' title='bbox 435 372 800 441; x_wconf 39' lang='grc' dir='ltr'>παρατεΙταγμαι</span> <span class='ocrx_word' id='word_1_18' title='bbox 852 371 944 438; x_wconf 80' lang='grc' dir='ltr'>γὰρ</span> <span class='ocrx_word' id='word_1_19' title='bbox 997 370 1039 422; x_wconf 72' lang='grc' dir='ltr'>εὖ</span> <span class='ocrx_word' id='word_1_20' title='bbox 1091 370 1273 429; x_wconf 60' lang='grc' dir='ltr'>ποιῆσαι</span> <span class='ocrx_word' id='word_1_21' title='bbox 1325 366 1394 427; x_wconf 61' lang='grc' dir='ltr'>τὴν</span> <span class='ocrx_word' id='word_1_22' title='bbox 1437 363 1726 435; x_wconf 57' lang='grc' dir='ltr'>Ἰερουσαλὴμ</span> 
     </span>
     <span class='ocr_line' id='line_1_4' title="bbox 137 446 1726 522; baseline -0.004 -20"><span class='ocrx_word' id='word_1_23' title='bbox 137 457 213 502; x_wconf 65' lang='grc' dir='ltr'>καὶ</span> <span class='ocrx_word' id='word_1_24' title='bbox 250 452 317 503; x_wconf 65' lang='grc' dir='ltr'>τὶν</span> <span class='ocrx_word' id='word_1_25' title='bbox 359 452 468 504; x_wconf 76' lang='grc' dir='ltr'>οἷκον</span> <span class='ocrx_word' id='word_1_26' title='bbox 503 451 660 506; x_wconf 54' lang='grc' dir='ltr'>Ἰούδα.</span> <span class='ocrx_word' id='word_1_27' title='bbox 723 453 984 522; x_wconf 83' lang='grc' dir='ltr'>ἐμφαντικὴ</span> <span class='ocrx_word' id='word_1_28' title='bbox 1027 453 1074 503; x_wconf 74' lang='grc' dir='ltr'>δὲ</span> <span class='ocrx_word' id='word_1_29' title='bbox 1120 453 1228 502; x_wconf 82' lang='grc' dir='ltr'>λίαν</span> <span class='ocrx_word' id='word_1_30' title='bbox 1267 452 1295 514; x_wconf 82' lang='grc' dir='ltr'>ἡ</span> <span class='ocrx_word' id='word_1_31' title='bbox 1335 449 1475 517; x_wconf 73' lang='grc' dir='ltr'>λέξις.</span> <span class='ocrx_word' id='word_1_32' title='bbox 1541 448 1595 497; x_wconf 82' lang='grc' dir='ltr'>οὐ</span> <span class='ocrx_word' id='word_1_33' title='bbox 1634 446 1726 512; x_wconf 75' lang='grc' dir='ltr'>γὰρ</span> 
     </span>
     <span class='ocr_line' id='line_1_5' title="bbox 134 530 1725 602; baseline -0.002 -18"><span class='ocrx_word' id='word_1_34' title='bbox 134 534 226 602; x_wconf 73' lang='grc' dir='ltr'>ἔφη</span> <span class='ocrx_word' id='word_1_35' title='bbox 264 533 409 597; x_wconf 85' lang='grc' dir='ltr'>μόνον</span> <span class='ocrx_word' id='word_1_36' title='bbox 445 534 516 585; x_wconf 78' lang='grc' dir='ltr'>ὅτι</span> <span class='ocrx_word' id='word_1_37' title='bbox 553 536 876 597; x_wconf 85' lang='grc' dir='ltr'>Βεβούλευμαι</span> <span class='ocrx_word' id='word_1_38' title='bbox 914 540 990 585; x_wconf 63' lang='grc' dir='ltr'>καὶ</span> <span class='ocrx_word' id='word_1_39' title='bbox 1029 532 1301 600; x_wconf 54' lang='grc' dir='ltr'>διανενόημαι</span> <span class='ocrx_word' id='word_1_40' title='bbox 1334 530 1491 598; x_wconf 81' lang='grc' dir='ltr'>τυχὸν,</span> <span class='ocrx_word' id='word_1_41' title='bbox 1519 531 1628 579; x_wconf 78' lang='grc' dir='ltr'>ἀλλ’</span> <span class='ocrx_word' id='word_1_42' title='bbox 1660 533 1725 581; x_wconf 80' lang='grc' dir='ltr'>εἷς</span> 
     </span>
     <span class='ocr_line' id='line_1_6' title="bbox 92 610 1725 683; baseline -0.004 -17"><span class='ocrx_word' id='word_1_43' title='bbox 92 628 114 666; x_wconf 89' lang='grc'><strong>5</strong></span> <span class='ocrx_word' id='word_1_44' title='bbox 135 620 273 666; x_wconf 90' lang='grc' dir='ltr'>τοῦτο</span> <span class='ocrx_word' id='word_1_45' title='bbox 310 619 556 682; x_wconf 81' lang='grc' dir='ltr'>προῆλθον</span> <span class='ocrx_word' id='word_1_46' title='bbox 591 617 782 682; x_wconf 78' lang='grc' dir='ltr'>γνώμης</span> <span class='ocrx_word' id='word_1_47' title='bbox 808 619 883 667; x_wconf 77' lang='grc' dir='ltr'>καὶ</span> <span class='ocrx_word' id='word_1_48' title='bbox 915 619 997 679; x_wconf 81' lang='grc' dir='ltr'>τῆς</span> <span class='ocrx_word' id='word_1_49' title='bbox 1036 615 1109 683; x_wconf 82' lang='grc' dir='ltr'>ἐφ’</span> <span class='ocrx_word' id='word_1_50' title='bbox 1140 617 1244 677; x_wconf 79' lang='grc' dir='ltr'>ὑμῖν</span> <span class='ocrx_word' id='word_1_51' title='bbox 1281 611 1574 679; x_wconf 78' lang='grc' dir='ltr'>ἡμερότητος,</span> <span class='ocrx_word' id='word_1_52' title='bbox 1603 610 1725 660; x_wconf 82' lang='grc' dir='ltr'>ὥστε</span> 
     </span>
     <span class='ocr_line' id='line_1_7' title="bbox 135 691 1726 766; baseline -0.002 -19"><span class='ocrx_word' id='word_1_53' title='bbox 135 697 211 747; x_wconf 79' lang='grc' dir='ltr'>καὶ</span> <span class='ocrx_word' id='word_1_54' title='bbox 237 696 610 766; x_wconf 70' lang='grc' dir='ltr'>παρατέταγμαι.</span> <span class='ocrx_word' id='word_1_55' title='bbox 680 704 818 748; x_wconf 92' lang='grc' dir='ltr'>τοῦτο</span> <span class='ocrx_word' id='word_1_56' title='bbox 855 697 910 749; x_wconf 79' lang='grc' dir='ltr'>δέ</span> <span class='ocrx_word' id='word_1_57' title='bbox 935 700 1037 748; x_wconf 86' lang='grc' dir='ltr'>ἐστι</span> <span class='ocrx_word' id='word_1_58' title='bbox 1074 696 1291 764; x_wconf 76' lang='grc' dir='ltr'>σκέψεως</span> <span class='ocrx_word' id='word_1_59' title='bbox 1315 693 1500 746; x_wconf 83' lang='grc' dir='ltr'>ἐντόνου</span> <span class='ocrx_word' id='word_1_60' title='bbox 1526 691 1726 756; x_wconf 84' lang='grc' dir='ltr'>μήνυσις</span> 
     </span>
     <span class='ocr_line' id='line_1_8' title="bbox 135 772 1726 846; baseline -0.003 -18"><span class='ocrx_word' id='word_1_61' title='bbox 135 777 348 844; x_wconf 83' lang='grc' dir='ltr'>ἐναργής.</span> <span class='ocrx_word' id='word_1_62' title='bbox 416 779 788 846; x_wconf 69' lang='grc' dir='ltr'>κατασφραγίζῖει</span> <span class='ocrx_word' id='word_1_63' title='bbox 824 779 871 831; x_wconf 75' lang='grc' dir='ltr'>δὲ</span> <span class='ocrx_word' id='word_1_64' title='bbox 908 779 994 843; x_wconf 89' lang='grc' dir='ltr'>τὴν</span> <span class='ocrx_word' id='word_1_65' title='bbox 1030 779 1296 846; x_wconf 83' lang='grc' dir='ltr'>ὑπόσχεσιν</span> <span class='ocrx_word' id='word_1_66' title='bbox 1320 781 1382 830; x_wconf 80' lang='grc' dir='ltr'>εἷς</span> <span class='ocrx_word' id='word_1_67' title='bbox 1408 775 1645 840; x_wconf 82' lang='grc' dir='ltr'>ἀλήθειαν,</span> <span class='ocrx_word' id='word_1_68' title='bbox 1674 772 1726 823; x_wconf 78' lang='grc' dir='ltr'>τὸ</span> 
     </span>
     <span class='ocr_line' id='line_1_9' title="bbox 136 858 638 928; baseline 0 -17"><span class='ocrx_word' id='word_1_69' title='bbox 136 858 327 928; x_wconf 72' lang='grc' dir='ltr'>θαρσεῖτε</span> <span class='ocrx_word' id='word_1_70' title='bbox 351 862 638 926; x_wconf 88' lang='grc' dir='ltr'>προστιθείς.</span> 
     </span>
     <span class='ocr_line' id='line_1_10' title="bbox 211 940 1764 1007; baseline -0.004 -15"><span class='ocrx_word' id='word_1_71' title='bbox 211 943 353 993; x_wconf 77' lang='grc' dir='ltr'>Οὕτω</span> <span class='ocrx_word' id='word_1_72' title='bbox 392 941 441 992; x_wconf 78' lang='grc' dir='ltr'>δὲ</span> <span class='ocrx_word' id='word_1_73' title='bbox 479 944 553 993; x_wconf 83' lang='grc' dir='ltr'>καὶ</span> <span class='ocrx_word' id='word_1_74' title='bbox 592 943 712 1007; x_wconf 80' lang='grc' dir='ltr'>ἡμᾶς</span> <span class='ocrx_word' id='word_1_75' title='bbox 751 943 917 998; x_wconf 73' lang='grc' dir='ltr'>αὐτοὺς</span> <span class='ocrx_word' id='word_1_76' title='bbox 947 942 1054 997; x_wconf 79' lang='grc' dir='ltr'>τοὺς</span> <span class='ocrx_word' id='word_1_77' title='bbox 1094 942 1169 994; x_wconf 80' lang='grc' dir='ltr'>διὰ</span> <span class='ocrx_word' id='word_1_78' title='bbox 1207 944 1290 1005; x_wconf 80' lang='grc' dir='ltr'>τῆς</span> <span class='ocrx_word' id='word_1_79' title='bbox 1320 940 1525 992; x_wconf 84' lang='grc' dir='ltr'>πίστεως</span> <span class='ocrx_word' id='word_1_80' title='bbox 1552 944 1720 1001; x_wconf 88' lang='grc' dir='ltr'>κεκλη-</span> <span class='ocrx_word' id='word_1_81' title='bbox 1744 954 1764 979; x_wconf 76' lang='lat'>0</span> 
     </span>
     <span class='ocr_line' id='line_1_11' title="bbox 70 1019 1722 1094; baseline -0.004 -20"><span class='ocrx_word' id='word_1_82' title='bbox 70 1045 116 1069; x_wconf 91' lang='lat'>10</span> <span class='ocrx_word' id='word_1_83' title='bbox 135 1023 298 1087; x_wconf 77' lang='grc' dir='ltr'>με’νους</span> <span class='ocrx_word' id='word_1_84' title='bbox 333 1028 394 1077; x_wconf 82' lang='grc' dir='ltr'>εἱς</span> <span class='ocrx_word' id='word_1_85' title='bbox 428 1025 685 1090; x_wconf 84' lang='grc' dir='ltr'>ἐπίγνωσιν</span> <span class='ocrx_word' id='word_1_86' title='bbox 721 1026 943 1089; x_wconf 84' lang='grc' dir='ltr'>ἀληθείας</span> <span class='ocrx_word' id='word_1_87' title='bbox 981 1023 1296 1094; x_wconf 76' lang='grc' dir='ltr'>ἀσφαλίζεται</span> <span class='ocrx_word' id='word_1_88' title='bbox 1324 1020 1554 1088; x_wconf 86' lang='grc' dir='ltr'>Χριστός.</span> <span class='ocrx_word' id='word_1_89' title='bbox 1623 1019 1722 1069; x_wconf 84' lang='grc' dir='ltr'>ὥσ-</span> 
     </span>
     <span class='ocr_line' id='line_1_12' title="bbox 135 1099 1727 1173; baseline -0.003 -16"><span class='ocrx_word' id='word_1_90' title='bbox 135 1126 224 1172; x_wconf 87' lang='grc' dir='ltr'>περ</span> <span class='ocrx_word' id='word_1_91' title='bbox 274 1105 367 1172; x_wconf 86' lang='grc' dir='ltr'>γὰρ</span> <span class='ocrx_word' id='word_1_92' title='bbox 415 1105 509 1172; x_wconf 82' lang='grc' dir='ltr'>πρὸ</span> <span class='ocrx_word' id='word_1_93' title='bbox 560 1109 642 1170; x_wconf 81' lang='grc' dir='ltr'>τῆς</span> <span class='ocrx_word' id='word_1_94' title='bbox 690 1107 906 1171; x_wconf 87' lang='grc' dir='ltr'>κλήσεως</span> <span class='ocrx_word' id='word_1_95' title='bbox 957 1105 1076 1173; x_wconf 85' lang='grc' dir='ltr'>πρὸς</span> <span class='ocrx_word' id='word_1_96' title='bbox 1127 1110 1223 1157; x_wconf 84' lang='grc' dir='ltr'>πᾶν</span> <span class='ocrx_word' id='word_1_97' title='bbox 1265 1102 1383 1157; x_wconf 79' lang='grc' dir='ltr'>εἶδος</span> <span class='ocrx_word' id='word_1_98' title='bbox 1428 1099 1727 1171; x_wconf 87' lang='grc' dir='ltr'>φαυλότητος</span> 
     </span>
     <span class='ocr_line' id='line_1_13' title="bbox 137 1182 1727 1254; baseline -0.004 -16"><span class='ocrx_word' id='word_1_99' title='bbox 137 1186 570 1252; x_wconf 87' lang='grc' dir='ltr'>κατωλισθηκότας,</span> <span class='ocrx_word' id='word_1_100' title='bbox 596 1188 892 1254; x_wconf 78' lang='grc' dir='ltr'>παραδέδωκε</span> <span class='ocrx_word' id='word_1_101' title='bbox 918 1188 1003 1252; x_wconf 77' lang='grc' dir='ltr'>μὲν</span> <span class='ocrx_word' id='word_1_102' title='bbox 1028 1192 1090 1241; x_wconf 79' lang='grc' dir='ltr'>εἷς</span> <span class='ocrx_word' id='word_1_103' title='bbox 1122 1186 1345 1250; x_wconf 86' lang='grc' dir='ltr'>ἀδόκιμον</span> <span class='ocrx_word' id='word_1_104' title='bbox 1371 1190 1494 1247; x_wconf 86' lang='grc' dir='ltr'>νοῦν,</span> <span class='ocrx_word' id='word_1_105' title='bbox 1520 1182 1727 1234; x_wconf 81' lang='grc' dir='ltr'>ἐκάκωσε</span> 
     </span>
     <span class='ocr_line' id='line_1_14' title="bbox 139 1265 1728 1341; baseline -0.003 -19"><span class='ocrx_word' id='word_1_106' title='bbox 139 1271 186 1322; x_wconf 79' lang='grc' dir='ltr'>δὲ</span> <span class='ocrx_word' id='word_1_107' title='bbox 214 1273 268 1322; x_wconf 86' lang='grc' dir='ltr'>δι’</span> <span class='ocrx_word' id='word_1_108' title='bbox 298 1274 609 1339; x_wconf 82' lang='grc' dir='ltr'>ἀκαθαρσίαν·</span> <span class='ocrx_word' id='word_1_109' title='bbox 653 1274 757 1324; x_wconf 73' lang='grc' dir='ltr'>οὕτω</span> <span class='ocrx_word' id='word_1_110' title='bbox 790 1275 865 1323; x_wconf 79' lang='grc' dir='ltr'>καὶ</span> <span class='ocrx_word' id='word_1_111' title='bbox 903 1278 940 1323; x_wconf 82' lang='grc' dir='ltr'>ἐν</span> <span class='ocrx_word' id='word_1_112' title='bbox 974 1275 1077 1327; x_wconf 70' lang='grc' dir='ltr'>ταῖς</span> <span class='ocrx_word' id='word_1_113' title='bbox 1112 1271 1291 1341; x_wconf 65' lang='grc' dir='ltr'>ἡμέραις</span> <span class='ocrx_word' id='word_1_114' title='bbox 1324 1270 1512 1323; x_wconf 80' lang='grc' dir='ltr'>ταύταις</span> <span class='ocrx_word' id='word_1_115' title='bbox 1540 1265 1728 1331; x_wconf 53' lang='grc' dir='ltr'>διενοήθη</span> 
     </span>
     <span class='ocr_line' id='line_1_15' title="bbox 139 1348 1729 1424; baseline -0.003 -20"><span class='ocrx_word' id='word_1_116' title='bbox 139 1376 187 1404; x_wconf 92' lang='grc' dir='ltr'>τε</span> <span class='ocrx_word' id='word_1_117' title='bbox 218 1359 295 1405; x_wconf 67' lang='grc' dir='ltr'>καὶ</span> <span class='ocrx_word' id='word_1_118' title='bbox 323 1354 683 1424; x_wconf 69' lang='grc' dir='ltr'>παρατέτακται,</span> <span class='ocrx_word' id='word_1_119' title='bbox 712 1354 835 1405; x_wconf 82' lang='grc' dir='ltr'>καθά</span> <span class='ocrx_word' id='word_1_120' title='bbox 867 1360 1018 1422; x_wconf 92' lang='grc' dir='ltr'>φησιν</span> <span class='ocrx_word' id='word_1_121' title='bbox 1046 1351 1198 1415; x_wconf 81' lang='grc' dir='ltr'>αὐτὸς,</span> <span class='ocrx_word' id='word_1_122' title='bbox 1225 1351 1287 1404; x_wconf 78' lang='grc' dir='ltr'>ε’ίς</span> <span class='ocrx_word' id='word_1_123' title='bbox 1313 1374 1366 1416; x_wconf 90' lang='grc' dir='ltr'>γε</span> <span class='ocrx_word' id='word_1_124' title='bbox 1392 1350 1446 1401; x_wconf 86' lang='grc' dir='ltr'>τὸ</span> <span class='ocrx_word' id='word_1_125' title='bbox 1471 1350 1519 1399; x_wconf 78' lang='grc' dir='ltr'>εὖ</span> <span class='ocrx_word' id='word_1_126' title='bbox 1545 1348 1729 1409; x_wconf 63' lang='grc' dir='ltr'>ποιῆσαι</span> 
     </span>
     <span class='ocr_line' id='line_1_16' title="bbox 73 1430 1731 1500; baseline -0.002 -13"><span class='ocrx_word' id='word_1_127' title='bbox 73 1449 118 1487; x_wconf 91' lang='lat'>15</span> <span class='ocrx_word' id='word_1_128' title='bbox 139 1433 224 1499; x_wconf 83' lang='grc' dir='ltr'>τὴν</span> <span class='ocrx_word' id='word_1_129' title='bbox 263 1438 557 1500; x_wconf 90' lang='grc' dir='ltr'>Ἐκκλησίαν</span> <span class='ocrx_word' id='word_1_130' title='bbox 604 1441 682 1488; x_wconf 68' lang='grc' dir='ltr'>καὶ</span> <span class='ocrx_word' id='word_1_131' title='bbox 721 1435 789 1487; x_wconf 70' lang='grc' dir='ltr'>τον</span> <span class='ocrx_word' id='word_1_132' title='bbox 830 1435 940 1488; x_wconf 73' lang='grc' dir='ltr'>οἶκον</span> <span class='ocrx_word' id='word_1_133' title='bbox 985 1432 1143 1496; x_wconf 56' lang='grc' dir='ltr'>Ἰούδα,</span> <span class='ocrx_word' id='word_1_134' title='bbox 1185 1431 1427 1484; x_wconf 74' lang='grc' dir='ltr'>τουτέστιν</span> <span class='ocrx_word' id='word_1_135' title='bbox 1465 1432 1585 1495; x_wconf 81' lang='grc' dir='ltr'>ἡμᾶς</span> <span class='ocrx_word' id='word_1_136' title='bbox 1623 1430 1731 1484; x_wconf 72' lang='grc' dir='ltr'>τοὺς</span> 
     </span>
     <span class='ocr_line' id='line_1_17' title="bbox 139 1514 1731 1587; baseline -0.001 -20"><span class='ocrx_word' id='word_1_137' title='bbox 139 1518 596 1585; x_wconf 78' lang='grc' dir='ltr'>ἐξομολογουμένους</span> <span class='ocrx_word' id='word_1_138' title='bbox 631 1519 768 1587; x_wconf 75' lang='grc' dir='ltr'>αὐτῷ,</span> <span class='ocrx_word' id='word_1_139' title='bbox 796 1519 871 1568; x_wconf 76' lang='grc' dir='ltr'>καὶ</span> <span class='ocrx_word' id='word_1_140' title='bbox 906 1522 1005 1571; x_wconf 83' lang='grc' dir='ltr'>ταῖς</span> <span class='ocrx_word' id='word_1_141' title='bbox 1035 1517 1281 1584; x_wconf 79' lang='grc' dir='ltr'>εὐφημίαις</span> <span class='ocrx_word' id='word_1_142' title='bbox 1308 1514 1731 1580; x_wconf 78' lang='grc' dir='ltr'>καταγεραίροντας</span> 
     </span>
     <span class='ocr_line' id='line_1_18' title="bbox 139 1593 1729 1666; baseline -0.004 -17"><span class='ocrx_word' id='word_1_143' title='bbox 139 1601 202 1651; x_wconf 86' lang='grc' dir='ltr'>ὡς</span> <span class='ocrx_word' id='word_1_144' title='bbox 247 1599 517 1665; x_wconf 82' lang='grc' dir='ltr'>Δεσπότην,</span> <span class='ocrx_word' id='word_1_145' title='bbox 560 1603 622 1654; x_wconf 86' lang='grc' dir='ltr'>ὡς</span> <span class='ocrx_word' id='word_1_146' title='bbox 667 1602 864 1666; x_wconf 85' lang='grc' dir='ltr'>σωτῆρα</span> <span class='ocrx_word' id='word_1_147' title='bbox 907 1601 983 1650; x_wconf 81' lang='grc' dir='ltr'>καὶ</span> <span class='ocrx_word' id='word_1_148' title='bbox 1035 1596 1297 1663; x_wconf 85' lang='grc' dir='ltr'>λυτρωτήν·</span> <span class='ocrx_word' id='word_1_149' title='bbox 1350 1596 1525 1648; x_wconf 85' lang='grc' dir='ltr'>α’ίνεσις</span> <span class='ocrx_word' id='word_1_150' title='bbox 1566 1593 1660 1660; x_wconf 79' lang='grc' dir='ltr'>γὰρ</span> <span class='ocrx_word' id='word_1_151' title='bbox 1705 1596 1729 1643; x_wconf 83' lang='grc' dir='ltr'><strong>ὁ</strong></span> 
     </span>
    </p>
   </div>
   <div class='ocr_carea' id='block_1_3' title="bbox 1883 886 1919 935">
    <p class='ocr_par' dir='ltr' id='par_1_3' title="bbox 1883 886 1919 935">
     <span class='ocr_line' id='line_1_19' title="bbox 1883 886 1919 935; baseline 0 0"><span class='ocrx_word' id='word_1_152' title='bbox 1883 886 1919 935; x_wconf 60' lang='grc' dir='ltr'><strong>Χ</strong></span> 
     </span>
    </p>
   </div>
   <div class='ocr_carea' id='block_1_4' title="bbox 1791 1191 1927 1266">
    <p class='ocr_par' dir='ltr' id='par_1_4' title="bbox 1791 1191 1927 1266">
     <span class='ocr_line' id='line_1_20' title="bbox 1791 1191 1927 1221; baseline 0 0"><span class='ocrx_word' id='word_1_153' title='bbox 1791 1192 1886 1221; x_wconf 78' lang='lat' dir='ltr'><strong>Rom.</strong></span> <span class='ocrx_word' id='word_1_154' title='bbox 1906 1191 1927 1221; x_wconf 91' lang='lat' dir='ltr'><strong>i.</strong></span> 
     </span>
     <span class='ocr_line' id='line_1_21' title="bbox 1792 1236 1841 1266; baseline 0 -1"><span class='ocrx_word' id='word_1_155' title='bbox 1792 1236 1841 1266; x_wconf 85' lang='lat'><strong>28.</strong></span> 
     </span>
    </p>
   </div>
   <div class='ocr_carea' id='block_1_5' title="bbox 138 1674 1954 1747">
    <p class='ocr_par' dir='ltr' id='par_1_5' title="bbox 138 1674 1954 1747">
     <span class='ocr_line' id='line_1_22' title="bbox 138 1674 1954 1747; baseline 0 -17"><span class='ocrx_word' id='word_1_156' title='bbox 138 1680 316 1735; x_wconf 85' lang='grc' dir='ltr'>Ἰούδας</span> <span class='ocrx_word' id='word_1_157' title='bbox 354 1681 662 1747; x_wconf 84' lang='grc' dir='ltr'>ἑρμηνεύεται.</span> <span class='ocrx_word' id='word_1_158' title='bbox 730 1681 846 1736; x_wconf 77' lang='grc' dir='ltr'>οἶκος</span> <span class='ocrx_word' id='word_1_159' title='bbox 877 1680 925 1732; x_wconf 81' lang='grc' dir='ltr'>δὲ</span> <span class='ocrx_word' id='word_1_160' title='bbox 951 1678 1094 1732; x_wconf 57' lang='grc' dir='ltr'>Ἰούδα</span> <span class='ocrx_word' id='word_1_161' title='bbox 1130 1681 1205 1729; x_wconf 83' lang='grc' dir='ltr'>καὶ</span> <span class='ocrx_word' id='word_1_162' title='bbox 1240 1679 1405 1744; x_wconf 77' lang='grc' dir='ltr'>ἑτέρως</span> <span class='ocrx_word' id='word_1_163' title='bbox 1445 1677 1581 1728; x_wconf 84' lang='grc' dir='ltr'>νοοῖτ’</span> <span class='ocrx_word' id='word_1_164' title='bbox 1612 1674 1670 1727; x_wconf 78' lang='grc' dir='ltr'>ἂν</span> <span class='ocrx_word' id='word_1_165' title='bbox 1701 1676 1772 1740; x_wconf 74' lang='grc' dir='ltr'>ἡει</span> <span class='ocrx_word' id='word_1_166' title='bbox 1801 1696 1886 1732; x_wconf 85' lang='grc'>724</span> <span class='ocrx_word' id='word_1_167' title='bbox 1901 1695 1954 1730; x_wconf 89' lang='lat' dir='ltr'>A.</span> 
     </span>
    </p>
   </div>
   <div class='ocr_carea' id='block_1_6' title="bbox 73 1758 1730 2320">
    <p class='ocr_par' dir='ltr' id='par_1_6' title="bbox 73 1758 1730 2320">
     <span class='ocr_line' id='line_1_23' title="bbox 139 1758 1729 1831; baseline -0.003 -19"><span class='ocrx_word' id='word_1_168' title='bbox 139 1762 421 1827; x_wconf 87' lang='grc' dir='ltr'>Ἐκκλησία.</span> <span class='ocrx_word' id='word_1_169' title='bbox 473 1764 782 1831; x_wconf 81' lang='grc' dir='ltr'>κεχρημάτικε</span> <span class='ocrx_word' id='word_1_170' title='bbox 814 1762 908 1828; x_wconf 78' lang='grc' dir='ltr'>γὰρ</span> <span class='ocrx_word' id='word_1_171' title='bbox 940 1760 1063 1816; x_wconf 74' lang='grc' dir='ltr'>οἶκος</span> <span class='ocrx_word' id='word_1_172' title='bbox 1088 1764 1321 1827; x_wconf 81' lang='grc' dir='ltr'>Χριστοῦ,</span> <span class='ocrx_word' id='word_1_173' title='bbox 1351 1758 1402 1812; x_wconf 77' lang='grc' dir='ltr'>ὃς</span> <span class='ocrx_word' id='word_1_174' title='bbox 1428 1758 1729 1808; x_wconf 66' lang='grc' dir='ltr'>είοἰνατέταλ-</span> 
     </span>
     <span class='ocr_line' id='line_1_24' title="bbox 73 1838 1728 1913; baseline -0.003 -19"><span class='ocrx_word' id='word_1_175' title='bbox 73 1869 123 1894; x_wconf 88' lang='lat'>20</span> <span class='ocrx_word' id='word_1_176' title='bbox 142 1851 169 1873; x_wconf 71' lang='lat'>‘⁶</span> <span class='ocrx_word' id='word_1_177' title='bbox 196 1867 273 1894; x_wconf 84' lang='grc' dir='ltr'>κεν</span> <span class='ocrx_word' id='word_1_178' title='bbox 299 1845 354 1913; x_wconf 75' lang='grc' dir='ltr'>ἐξ</span> <span class='ocrx_word' id='word_1_179' title='bbox 369 1845 563 1908; x_wconf 86' lang='grc' dir='ltr'>Ἰούδα,”</span> <span class='ocrx_word' id='word_1_180' title='bbox 593 1845 814 1910; x_wconf 84' lang='grc' dir='ltr'>κέκληται</span> <span class='ocrx_word' id='word_1_181' title='bbox 841 1844 890 1895; x_wconf 77' lang='grc' dir='ltr'>δὲ</span> <span class='ocrx_word' id='word_1_182' title='bbox 924 1845 1045 1894; x_wconf 76' lang='grc' dir='ltr'>οὕτω</span> <span class='ocrx_word' id='word_1_183' title='bbox 1079 1844 1154 1894; x_wconf 80' lang='grc' dir='ltr'>καὶ</span> <span class='ocrx_word' id='word_1_184' title='bbox 1188 1839 1318 1907; x_wconf 76' lang='grc' dir='ltr'>παρὰ</span> <span class='ocrx_word' id='word_1_185' title='bbox 1343 1844 1402 1908; x_wconf 82' lang='grc' dir='ltr'>τῇ</span> <span class='ocrx_word' id='word_1_186' title='bbox 1429 1838 1728 1908; x_wconf 72' lang='grc' dir='ltr'>θεοπνεύστῳ</span> 
     </span>
     <span class='ocr_line' id='line_1_25' title="bbox 140 1922 1729 1995; baseline -0.004 -18"><span class='ocrx_word' id='word_1_187' title='bbox 140 1931 320 1995; x_wconf 86' lang='grc' dir='ltr'>γραφῇ.</span> <span class='ocrx_word' id='word_1_188' title='bbox 361 1929 436 1978; x_wconf 82' lang='grc' dir='ltr'>καὶ</span> <span class='ocrx_word' id='word_1_189' title='bbox 461 1934 577 1993; x_wconf 91' lang='grc' dir='ltr'>γοῦν</span> <span class='ocrx_word' id='word_1_190' title='bbox 602 1929 627 1978; x_wconf 87' lang='grc' dir='ltr'><strong>ὁ</strong></span> <span class='ocrx_word' id='word_1_191' title='bbox 653 1926 948 1994; x_wconf 81' lang='grc' dir='ltr'>πατριάρχης</span> <span class='ocrx_word' id='word_1_192' title='bbox 973 1924 1147 1985; x_wconf 83' lang='grc' dir='ltr'>Ἰακὼβ</span> <span class='ocrx_word' id='word_1_193' title='bbox 1187 1925 1332 1976; x_wconf 80' lang='grc' dir='ltr'>οὕτως</span> <span class='ocrx_word' id='word_1_194' title='bbox 1368 1924 1509 1973; x_wconf 82' lang='grc' dir='ltr'>αὐτοῦ</span> <span class='ocrx_word' id='word_1_195' title='bbox 1537 1922 1729 1985; x_wconf 78' lang='grc' dir='ltr'>διαμέμ-</span> 
     </span>
     <span class='ocr_line' id='line_1_26' title="bbox 141 2004 1729 2074; baseline -0.004 -15"><span class='ocrx_word' id='word_1_196' title='bbox 141 2031 275 2073; x_wconf 91' lang='grc' dir='ltr'>νηται</span> <span class='ocrx_word' id='word_1_197' title='bbox 313 2008 467 2074; x_wconf 75' lang='grc' dir='ltr'>λέγων</span> <span class='ocrx_word' id='word_1_198' title='bbox 499 2016 527 2038; x_wconf 80' lang='grc'><strong>“</strong></span> <span class='ocrx_word' id='word_1_199' title='bbox 551 2008 720 2071; x_wconf 86' lang='grc' dir='ltr'>Ἰούδα,</span> <span class='ocrx_word' id='word_1_200' title='bbox 754 2031 811 2059; x_wconf 93' lang='grc' dir='ltr'>σε</span> <span class='ocrx_word' id='word_1_201' title='bbox 846 2006 1123 2058; x_wconf 72' lang='grc' dir='ltr'>αἱνέσαισαν</span> <span class='ocrx_word' id='word_1_202' title='bbox 1159 2009 1201 2057; x_wconf 78' lang='grc' dir='ltr'>οἱ</span> <span class='ocrx_word' id='word_1_203' title='bbox 1240 2005 1444 2072; x_wconf 84' lang='grc' dir='ltr'>ἀδελφοί</span> <span class='ocrx_word' id='word_1_204' title='bbox 1474 2004 1611 2064; x_wconf 84' lang='grc' dir='ltr'>σου,”</span> <span class='ocrx_word' id='word_1_205' title='bbox 1653 2006 1729 2054; x_wconf 79' lang='grc' dir='ltr'>καὶ</span> 
     </span>
     <span class='ocr_line' id='line_1_27' title="bbox 140 2084 1729 2154; baseline -0.003 -14"><span class='ocrx_word' id='word_1_206' title='bbox 140 2089 288 2141; x_wconf 79' lang='grc' dir='ltr'>πάλιν</span> <span class='ocrx_word' id='word_1_207' title='bbox 316 2097 342 2120; x_wconf 81' lang='grc'>“</span> <span class='ocrx_word' id='word_1_208' title='bbox 368 2089 456 2141; x_wconf 92' lang='grc' dir='ltr'>Ἐκ</span> <span class='ocrx_word' id='word_1_209' title='bbox 481 2095 704 2151; x_wconf 80' lang='grc' dir='ltr'>βλαστοῦ</span> <span class='ocrx_word' id='word_1_210' title='bbox 739 2090 908 2154; x_wconf 79' lang='grc' dir='ltr'>ἀνέβης</span> <span class='ocrx_word' id='word_1_211' title='bbox 942 2089 1013 2140; x_wconf 78' lang='grc' dir='ltr'>υἱέ</span> <span class='ocrx_word' id='word_1_212' title='bbox 1033 2112 1122 2152; x_wconf 88' lang='grc' dir='ltr'>μου</span> <span class='ocrx_word' id='word_1_213' title='bbox 1147 2087 1340 2138; x_wconf 83' lang='grc' dir='ltr'>Ἰούδα.”</span> <span class='ocrx_word' id='word_1_214' title='bbox 1398 2085 1546 2154; x_wconf 79' lang='grc' dir='ltr'>ἀνέφυ</span> <span class='ocrx_word' id='word_1_215' title='bbox 1578 2084 1671 2152; x_wconf 79' lang='grc' dir='ltr'>γὰρ</span> <span class='ocrx_word' id='word_1_216' title='bbox 1704 2086 1729 2136; x_wconf 83' lang='grc' dir='ltr'>ὁ</span> 
     </span>
     <span class='ocr_line' id='line_1_28' title="bbox 141 2168 1730 2239; baseline -0.002 -16"><span class='ocrx_word' id='word_1_217' title='bbox 141 2171 354 2238; x_wconf 79' lang='grc' dir='ltr'>Χριστὸς</span> <span class='ocrx_word' id='word_1_218' title='bbox 389 2174 438 2223; x_wconf 87' lang='grc' dir='ltr'>ἐκ</span> <span class='ocrx_word' id='word_1_219' title='bbox 476 2172 601 2239; x_wconf 74' lang='grc' dir='ltr'>ῥίζης</span> <span class='ocrx_word' id='word_1_220' title='bbox 637 2173 841 2234; x_wconf 84' lang='grc' dir='ltr'>Ἰεσσαὶ,</span> <span class='ocrx_word' id='word_1_221' title='bbox 884 2173 958 2222; x_wconf 76' lang='grc' dir='ltr'>καὶ</span> <span class='ocrx_word' id='word_1_222' title='bbox 999 2169 1209 2235; x_wconf 81' lang='grc' dir='ltr'>καθάπερ</span> <span class='ocrx_word' id='word_1_223' title='bbox 1249 2168 1342 2219; x_wconf 84' lang='grc' dir='ltr'>ἀπὸ</span> <span class='ocrx_word' id='word_1_224' title='bbox 1384 2172 1606 2227; x_wconf 82' lang='grc' dir='ltr'>βλαστοῦ</span> <span class='ocrx_word' id='word_1_225' title='bbox 1646 2169 1730 2230; x_wconf 81' lang='grc' dir='ltr'>τῆς</span> 
     </span>
     <span class='ocr_line' id='line_1_29' title="bbox 74 2248 1725 2320; baseline -0.005 -14"><span class='ocrx_word' id='word_1_226' title='bbox 74 2277 122 2316; x_wconf 89' lang='lat'>25</span> <span class='ocrx_word' id='word_1_227' title='bbox 143 2254 278 2319; x_wconf 82' lang='grc' dir='ltr'>ἁγίας</span> <span class='ocrx_word' id='word_1_228' title='bbox 315 2255 548 2320; x_wconf 79' lang='grc' dir='ltr'>παρθένου</span> <span class='ocrx_word' id='word_1_229' title='bbox 586 2261 613 2283; x_wconf 78' lang='grc'>“</span> <span class='ocrx_word' id='word_1_230' title='bbox 635 2253 873 2318; x_wconf 89' lang='grc' dir='ltr'>Βακτηρία</span> <span class='ocrx_word' id='word_1_231' title='bbox 911 2250 1100 2316; x_wconf 83' lang='grc' dir='ltr'>εὐκλεὴς</span> <span class='ocrx_word' id='word_1_232' title='bbox 1131 2253 1205 2302; x_wconf 79' lang='grc' dir='ltr'>καὶ</span> <span class='ocrx_word' id='word_1_233' title='bbox 1234 2252 1262 2316; x_wconf 83' lang='grc' dir='ltr'>ἡ</span> <span class='ocrx_word' id='word_1_234' title='bbox 1294 2250 1470 2317; x_wconf 80' lang='grc' dir='ltr'>ῥάβδος</span> <span class='ocrx_word' id='word_1_235' title='bbox 1503 2248 1725 2313; x_wconf 83' lang='grc' dir='ltr'>μεγαλώ-</span> 
     </span>
    </p>
   </div>
   <div class='ocr_carea' id='block_1_7' title="bbox 143 2329 1775 2403">
    <p class='ocr_par' dir='ltr' id='par_1_7' title="bbox 143 2329 1775 2403">
     <span class='ocr_line' id='line_1_30' title="bbox 143 2329 1775 2403; baseline -0.005 -17"><span class='ocrx_word' id='word_1_236' title='bbox 143 2342 171 2364; x_wconf 82' lang='grc'><strong>“</strong></span> <span class='ocrx_word' id='word_1_237' title='bbox 197 2337 389 2398; x_wconf 84' lang='grc' dir='ltr'>ματος,”</span> <span class='ocrx_word' id='word_1_238' title='bbox 416 2334 536 2386; x_wconf 78' lang='grc' dir='ltr'>κατὰ</span> <span class='ocrx_word' id='word_1_239' title='bbox 558 2334 644 2398; x_wconf 87' lang='grc' dir='ltr'>τὴν</span> <span class='ocrx_word' id='word_1_240' title='bbox 667 2340 750 2385; x_wconf 93' lang='grc' dir='ltr'>τοῦ</span> <span class='ocrx_word' id='word_1_241' title='bbox 774 2335 1023 2403; x_wconf 86' lang='grc' dir='ltr'>προφήτου</span> <span class='ocrx_word' id='word_1_242' title='bbox 1051 2332 1230 2402; x_wconf 88' lang='grc' dir='ltr'>φωνήν.</span> <span class='ocrx_word' id='word_1_243' title='bbox 1292 2333 1404 2396; x_wconf 82' lang='grc' dir='ltr'>ἡμῖν</span> <span class='ocrx_word' id='word_1_244' title='bbox 1430 2332 1510 2381; x_wconf 83' lang='grc' dir='ltr'>οῦν</span> <span class='ocrx_word' id='word_1_245' title='bbox 1536 2329 1627 2395; x_wconf 78' lang='grc' dir='ltr'>ἄρα</span> <span class='ocrx_word' id='word_1_246' title='bbox 1654 2332 1729 2380; x_wconf 80' lang='grc' dir='ltr'>καὶ</span> <span class='ocrx_word' id='word_1_247' title='bbox 1749 2338 1775 2378; x_wconf 87' lang='lat' dir='ltr'>b</span> 
     </span>
    </p>
   </div>
   <div class='ocr_carea' id='block_1_8' title="bbox 144 2410 1729 2487">
    <p class='ocr_par' dir='ltr' id='par_1_8' title="bbox 144 2410 1729 2487">
     <span class='ocr_line' id='line_1_31' title="bbox 144 2410 1729 2487; baseline -0.003 -19"><span class='ocrx_word' id='word_1_248' title='bbox 144 2417 199 2468; x_wconf 79' lang='grc' dir='ltr'>τὸ</span> <span class='ocrx_word' id='word_1_249' title='bbox 238 2415 429 2487; x_wconf 74' lang='grc' dir='ltr'>θαρσεῖτε</span> <span class='ocrx_word' id='word_1_250' title='bbox 469 2416 725 2485; x_wconf 73' lang='grc' dir='ltr'>λελέξεται,</span> <span class='ocrx_word' id='word_1_251' title='bbox 760 2418 833 2467; x_wconf 76' lang='grc' dir='ltr'>καὶ</span> <span class='ocrx_word' id='word_1_252' title='bbox 873 2416 1006 2478; x_wconf 84' lang='grc' dir='ltr'>μάλα</span> <span class='ocrx_word' id='word_1_253' title='bbox 1045 2414 1244 2467; x_wconf 81' lang='grc' dir='ltr'>εἰκότως.</span> <span class='ocrx_word' id='word_1_254' title='bbox 1313 2413 1448 2481; x_wconf 75' lang='grc' dir='ltr'>ὅπλῳ</span> <span class='ocrx_word' id='word_1_255' title='bbox 1487 2410 1578 2478; x_wconf 81' lang='grc' dir='ltr'>γὰρ</span> <span class='ocrx_word' id='word_1_256' title='bbox 1610 2412 1729 2475; x_wconf 81' lang='grc' dir='ltr'>ἡμᾶς</span> 
     </span>
    </p>
   </div>
   <div class='ocr_carea' id='block_1_9' title="bbox 147 2580 1733 2945">
    <p class='ocr_par' dir='ltr' id='par_1_9' title="bbox 542 2580 556 2595">
     <span class='ocr_line' id='line_1_32' title="bbox 542 2580 556 2595; baseline 0 0"><span class='ocrx_word' id='word_1_257' title='bbox 542 2580 556 2595; x_wconf 56' lang='grc' dir='ltr'>ἱ</span> 
     </span>
    </p>

    <p class='ocr_par' dir='ltr' id='par_1_10' title="bbox 147 2612 1733 2945">
     <span class='ocr_line' id='line_1_33' title="bbox 198 2612 1731 2661; baseline -0.007 -4"><span class='ocrx_word' id='word_1_258' title='bbox 198 2634 227 2657; x_wconf 85' lang='grc' dir='ltr'>Ι.</span> <span class='ocrx_word' id='word_1_259' title='bbox 251 2621 462 2656; x_wconf 86' lang='grc' dir='ltr'>πεπονθότας</span> <span class='ocrx_word' id='word_1_260' title='bbox 480 2618 572 2654; x_wconf 83' lang='lat' dir='ltr'><strong>Edd.</strong></span> <span class='ocrx_word' id='word_1_261' title='bbox 592 2619 709 2653; x_wconf 82' lang='lat' dir='ltr'>invitis</span> <span class='ocrx_word' id='word_1_262' title='bbox 729 2616 817 2652; x_wconf 86' lang='lat' dir='ltr'><strong>B.C.</strong></span> <span class='ocrx_word' id='word_1_263' title='bbox 963 2628 993 2659; x_wconf 81' lang='lat'><strong>3.</strong></span> <span class='ocrx_word' id='word_1_264' title='bbox 1022 2615 1189 2661; x_wconf 77' lang='grc' dir='ltr'>ἔμφατικὴ</span> <span class='ocrx_word' id='word_1_265' title='bbox 1209 2615 1250 2649; x_wconf 90' lang='lat' dir='ltr'>C.</span> <span class='ocrx_word' id='word_1_266' title='bbox 1391 2624 1425 2659; x_wconf 88' lang='lat'><strong>5.</strong></span> <span class='ocrx_word' id='word_1_267' title='bbox 1452 2613 1528 2657; x_wconf 77' lang='grc' dir='ltr'>ἡμῖν</span> <span class='ocrx_word' id='word_1_268' title='bbox 1547 2612 1587 2648; x_wconf 88' lang='lat' dir='ltr'>C.</span> <span class='ocrx_word' id='word_1_269' title='bbox 1606 2613 1676 2647; x_wconf 85' lang='lat' dir='ltr'><strong>inv.</strong></span> <span class='ocrx_word' id='word_1_270' title='bbox 1696 2613 1731 2647; x_wconf 92' lang='lat' dir='ltr'>b.</span> 
     </span>
     <span class='ocr_line' id='line_1_34' title="bbox 147 2660 1733 2707; baseline -0.005 -4"><span class='ocrx_word' id='word_1_271' title='bbox 147 2669 180 2704; x_wconf 91' lang='lat'>6.</span> <span class='ocrx_word' id='word_1_272' title='bbox 207 2669 340 2703; x_wconf 87' lang='grc' dir='ltr'>ἐντόνου</span> <span class='ocrx_word' id='word_1_273' title='bbox 359 2667 449 2702; x_wconf 80' lang='lat' dir='ltr'><strong>C.D.</strong></span> <span class='ocrx_word' id='word_1_274' title='bbox 470 2666 562 2700; x_wconf 86' lang='lat' dir='ltr'><strong>Edd.</strong></span> <span class='ocrx_word' id='word_1_275' title='bbox 582 2666 721 2700; x_wconf 75' lang='grc' dir='ltr'>εὐτόνου</span> <span class='ocrx_word' id='word_1_276' title='bbox 737 2665 772 2699; x_wconf 89' lang='lat' dir='ltr'><strong>b.</strong></span> <span class='ocrx_word' id='word_1_277' title='bbox 1121 2674 1154 2707; x_wconf 90' lang='lat'>9.</span> <span class='ocrx_word' id='word_1_278' title='bbox 1181 2663 1376 2706; x_wconf 83' lang='lat' dir='ltr'>Assumpta</span> <span class='ocrx_word' id='word_1_279' title='bbox 1394 2662 1429 2694; x_wconf 79' lang='grc' dir='ltr'>δὲ</span> <span class='ocrx_word' id='word_1_280' title='bbox 1449 2672 1490 2694; x_wconf 75' lang='lat' dir='ltr'>ex</span> <span class='ocrx_word' id='word_1_281' title='bbox 1510 2660 1638 2694; x_wconf 63' lang='lat' dir='ltr'><strong>C.D.b.</strong></span> <span class='ocrx_word' id='word_1_282' title='bbox 1655 2660 1733 2695; x_wconf 72' lang='grc' dir='ltr'>τοὺς·</span> 
     </span>
     <span class='ocr_line' id='line_1_35' title="bbox 147 2705 1731 2756; baseline -0.007 -6"><span class='ocrx_word' id='word_1_283' title='bbox 147 2728 189 2750; x_wconf 82' lang='lat' dir='ltr'>ex</span> <span class='ocrx_word' id='word_1_284' title='bbox 209 2715 286 2749; x_wconf 90' lang='lat' dir='ltr'><strong>C.b.</strong></span> <span class='ocrx_word' id='word_1_285' title='bbox 552 2723 604 2747; x_wconf 85' lang='lat'><strong>12.</strong></span> <span class='ocrx_word' id='word_1_286' title='bbox 628 2711 845 2756; x_wconf 83' lang='grc' dir='ltr'>παραδέδωκε</span> <span class='ocrx_word' id='word_1_287' title='bbox 861 2710 922 2754; x_wconf 74' lang='grc' dir='ltr'>μὲν</span> <span class='ocrx_word' id='word_1_288' title='bbox 940 2709 986 2743; x_wconf 92' lang='lat' dir='ltr'><strong>D.</strong></span> <span class='ocrx_word' id='word_1_289' title='bbox 1006 2708 1098 2743; x_wconf 85' lang='lat' dir='ltr'><strong>Edd.</strong></span> <span class='ocrx_word' id='word_1_290' title='bbox 1116 2709 1289 2752; x_wconf 85' lang='grc' dir='ltr'>παρέδωκε</span> <span class='ocrx_word' id='word_1_291' title='bbox 1306 2708 1366 2751; x_wconf 81' lang='grc' dir='ltr'>μὲν</span> <span class='ocrx_word' id='word_1_292' title='bbox 1384 2707 1418 2741; x_wconf 92' lang='lat' dir='ltr'><strong>b.</strong></span> <span class='ocrx_word' id='word_1_293' title='bbox 1436 2706 1671 2750; x_wconf 78' lang='grc' dir='ltr'>παραδέδωκεν</span> <span class='ocrx_word' id='word_1_294' title='bbox 1690 2705 1731 2740; x_wconf 88' lang='lat' dir='ltr'>C.</span> 
     </span>
     <span class='ocr_line' id='line_1_36' title="bbox 151 2754 1733 2807; baseline -0.007 -11"><span class='ocrx_word' id='word_1_295' title='bbox 151 2774 204 2804; x_wconf 85' lang='lat'><strong>14.</strong></span> <span class='ocrx_word' id='word_1_296' title='bbox 230 2760 332 2807; x_wconf 79' lang='grc' dir='ltr'>καθὰ]</span> <span class='ocrx_word' id='word_1_297' title='bbox 352 2761 405 2795; x_wconf 82' lang='grc' dir='ltr'>καὶ</span> <span class='ocrx_word' id='word_1_298' title='bbox 423 2759 507 2794; x_wconf 82' lang='grc' dir='ltr'>καθὰ</span> <span class='ocrx_word' id='word_1_299' title='bbox 526 2760 570 2793; x_wconf 90' lang='lat' dir='ltr'><strong>D.</strong></span> <span class='ocrx_word' id='word_1_300' title='bbox 590 2760 643 2793; x_wconf 87' lang='grc' dir='ltr'>καὶ</span> <span class='ocrx_word' id='word_1_301' title='bbox 663 2759 703 2793; x_wconf 89' lang='lat' dir='ltr'><strong>C.</strong></span> <span class='ocrx_word' id='word_1_302' title='bbox 754 2758 865 2792; x_wconf 79' lang='grc' dir='ltr'>αὐτοῖς</span> <span class='ocrx_word' id='word_1_303' title='bbox 883 2756 962 2799; x_wconf 78' lang='lat' dir='ltr'>(Sic)</span> <span class='ocrx_word' id='word_1_304' title='bbox 983 2755 1021 2790; x_wconf 87' lang='lat' dir='ltr'>C.</span> <span class='ocrx_word' id='word_1_305' title='bbox 1312 2754 1364 2787; x_wconf 89' lang='lat'>16.</span> <span class='ocrx_word' id='word_1_306' title='bbox 1392 2755 1445 2787; x_wconf 83' lang='grc' dir='ltr'>καὶ</span> <span class='ocrx_word' id='word_1_307' title='bbox 1463 2755 1534 2787; x_wconf 83' lang='grc' dir='ltr'>ταῖς</span> <span class='ocrx_word' id='word_1_308' title='bbox 1551 2758 1733 2796; x_wconf 83' lang='lat' dir='ltr'>assumpta</span> 
     </span>
     <span class='ocr_line' id='line_1_37' title="bbox 149 2798 1732 2850; baseline -0.007 -8"><span class='ocrx_word' id='word_1_309' title='bbox 149 2820 191 2842; x_wconf 88' lang='lat' dir='ltr'>ex</span> <span class='ocrx_word' id='word_1_310' title='bbox 211 2807 299 2841; x_wconf 90' lang='lat' dir='ltr'><strong>B.C.</strong></span> <span class='ocrx_word' id='word_1_311' title='bbox 414 2818 467 2850; x_wconf 85' lang='lat'><strong>17.</strong></span> <span class='ocrx_word' id='word_1_312' title='bbox 494 2808 512 2839; x_wconf 92' lang='grc' dir='ltr'>ὁ</span> <span class='ocrx_word' id='word_1_313' title='bbox 531 2817 600 2839; x_wconf 91' lang='lat' dir='ltr'><strong>om.</strong></span> <span class='ocrx_word' id='word_1_314' title='bbox 621 2805 661 2840; x_wconf 89' lang='lat' dir='ltr'><strong>C.</strong></span> <span class='ocrx_word' id='word_1_315' title='bbox 779 2815 833 2848; x_wconf 82' lang='lat'><strong>23.</strong></span> <span class='ocrx_word' id='word_1_316' title='bbox 859 2802 979 2846; x_wconf 78' lang='grc' dir='ltr'>ἀνέβης</span> <span class='ocrx_word' id='word_1_317' title='bbox 997 2801 1048 2836; x_wconf 83' lang='grc' dir='ltr'>υἱέ</span> <span class='ocrx_word' id='word_1_318' title='bbox 1063 2816 1128 2846; x_wconf 88' lang='grc' dir='ltr'>μου</span> <span class='ocrx_word' id='word_1_319' title='bbox 1144 2800 1211 2834; x_wconf 86' lang='lat' dir='ltr'>hoc</span> <span class='ocrx_word' id='word_1_320' title='bbox 1229 2800 1351 2834; x_wconf 82' lang='lat' dir='ltr'>ordine</span> <span class='ocrx_word' id='word_1_321' title='bbox 1370 2800 1410 2833; x_wconf 93' lang='lat' dir='ltr'>C.</span> <span class='ocrx_word' id='word_1_322' title='bbox 1459 2798 1571 2832; x_wconf 80' lang='grc' dir='ltr'>Ἰούδα</span> <span class='ocrx_word' id='word_1_323' title='bbox 1588 2800 1732 2832; x_wconf 81' lang='lat' dir='ltr'>accessit</span> 
     </span>
     <span class='ocr_line' id='line_1_38' title="bbox 149 2845 1732 2898; baseline -0.006 -10"><span class='ocrx_word' id='word_1_324' title='bbox 149 2866 193 2888; x_wconf 86' lang='lat' dir='ltr'>ex</span> <span class='ocrx_word' id='word_1_325' title='bbox 211 2853 298 2888; x_wconf 86' lang='lat' dir='ltr'><strong>B.C.</strong></span> <span class='ocrx_word' id='word_1_326' title='bbox 362 2852 469 2898; x_wconf 84' lang='grc' dir='ltr'>ἀνέφυ</span> <span class='ocrx_word' id='word_1_327' title='bbox 489 2851 529 2886; x_wconf 89' lang='lat' dir='ltr'><strong>C.</strong></span> <span class='ocrx_word' id='word_1_328' title='bbox 547 2852 649 2895; x_wconf 82' lang='grc' dir='ltr'>ἀνέβη</span> <span class='ocrx_word' id='word_1_329' title='bbox 668 2850 760 2884; x_wconf 90' lang='lat' dir='ltr'><strong>Edd.</strong></span> <span class='ocrx_word' id='word_1_330' title='bbox 1120 2859 1175 2889; x_wconf 83' lang='lat'><strong>25.</strong></span> <span class='ocrx_word' id='word_1_331' title='bbox 1202 2848 1395 2892; x_wconf 81' lang='lat' dir='ltr'>Assumpta</span> <span class='ocrx_word' id='word_1_332' title='bbox 1413 2846 1548 2888; x_wconf 80' lang='grc' dir='ltr'>εὐκλεὴς</span> <span class='ocrx_word' id='word_1_333' title='bbox 1566 2857 1607 2879; x_wconf 82' lang='lat' dir='ltr'>ex</span> <span class='ocrx_word' id='word_1_334' title='bbox 1627 2845 1732 2885; x_wconf 90' lang='lat' dir='ltr'><strong>C.D.,</strong></span> 
     </span>
     <span class='ocr_line' id='line_1_39' title="bbox 150 2891 1733 2945; baseline -0.006 -11"><span class='ocrx_word' id='word_1_335' title='bbox 150 2900 170 2944; x_wconf 89' lang='grc' dir='ltr'>ἡ</span> <span class='ocrx_word' id='word_1_336' title='bbox 189 2912 230 2934; x_wconf 82' lang='lat' dir='ltr'>ex</span> <span class='ocrx_word' id='word_1_337' title='bbox 250 2899 290 2934; x_wconf 88' lang='lat' dir='ltr'>C.</span> <span class='ocrx_word' id='word_1_338' title='bbox 354 2901 596 2945; x_wconf 86' lang='grc' dir='ltr'>μεγαλώματος</span> <span class='ocrx_word' id='word_1_339' title='bbox 615 2898 706 2932; x_wconf 90' lang='lat' dir='ltr'><strong>C.D.</strong></span> <span class='ocrx_word' id='word_1_340' title='bbox 724 2897 892 2941; x_wconf 81' lang='grc' dir='ltr'>δυνάμεως</span> <span class='ocrx_word' id='word_1_341' title='bbox 910 2894 1002 2929; x_wconf 89' lang='lat' dir='ltr'><strong>Edd.</strong></span> <span class='ocrx_word' id='word_1_342' title='bbox 1371 2902 1425 2937; x_wconf 78' lang='lat'><strong>27.</strong></span> <span class='ocrx_word' id='word_1_343' title='bbox 1450 2892 1627 2935; x_wconf 81' lang='grc' dir='ltr'>λελέξεται</span> <span class='ocrx_word' id='word_1_344' title='bbox 1646 2891 1733 2927; x_wconf 89' lang='lat' dir='ltr'><strong>B.C.</strong></span> 
     </span>
    </p>
   </div>
   <div class='ocr_carea' id='block_1_10' title="bbox 151 2942 1013 3053">
    <p class='ocr_par' dir='ltr' id='par_1_11' title="bbox 151 2942 1013 3053">
     <span class='ocr_line' id='line_1_40' title="bbox 151 2942 905 2991; baseline -0.005 -11"><span class='ocrx_word' id='word_1_345' title='bbox 151 2946 287 2991; x_wconf 83' lang='grc' dir='ltr'>λέγεται</span> <span class='ocrx_word' id='word_1_346' title='bbox 308 2946 398 2980; x_wconf 87' lang='lat' dir='ltr'><strong>Edd.</strong></span> <span class='ocrx_word' id='word_1_347' title='bbox 461 2945 546 2989; x_wconf 79' lang='grc' dir='ltr'>ἡμᾶς</span> <span class='ocrx_word' id='word_1_348' title='bbox 563 2947 786 2989; x_wconf 76' lang='lat' dir='ltr'><strong>assumptum</strong></span> <span class='ocrx_word' id='word_1_349' title='bbox 803 2955 844 2977; x_wconf 88' lang='lat' dir='ltr'>ex</span> <span class='ocrx_word' id='word_1_350' title='bbox 864 2942 905 2976; x_wconf 90' lang='lat' dir='ltr'><strong>C.</strong></span> 
     </span>
     <span class='ocr_line' id='line_1_41' title="bbox 896 3011 1013 3053; baseline 0.026 -16"><span class='ocrx_word' id='word_1_351' title='bbox 896 3011 919 3053; x_wconf 82' lang='lat'><em>3</em></span> <span class='ocrx_word' id='word_1_352' title='bbox 941 3012 965 3037; x_wconf 83' lang='lat' dir='ltr'>E</span> <span class='ocrx_word' id='word_1_353' title='bbox 991 3012 1013 3040; x_wconf 78' lang='lat'><strong>2</strong></span> 
     </span>
    </p>
   </div>
   <div class='ocr_carea' id='block_1_11' title="bbox 1793 1762 1954 1891">
    <p class='ocr_par' dir='ltr' id='par_1_12' title="bbox 1793 1762 1954 1891">
     <span class='ocr_line' id='line_1_42' title="bbox 1793 1762 1954 1794; baseline -0.012 -1"><span class='ocrx_word' id='word_1_354' title='bbox 1793 1762 1882 1794; x_wconf 77' lang='lat' dir='ltr'><strong>Heb.</strong></span> <span class='ocrx_word' id='word_1_355' title='bbox 1899 1762 1954 1792; x_wconf 81' lang='lat' dir='ltr'><strong>vii.</strong></span> 
     </span>
     <span class='ocr_line' id='line_1_43' title="bbox 1798 1817 1845 1844; baseline 0.021 -8"><span class='ocrx_word' id='word_1_356' title='bbox 1798 1817 1845 1844; x_wconf 76' lang='lat'>14.</span> 
     </span>
     <span class='ocr_line' id='line_1_44' title="bbox 1793 1859 1952 1891; baseline -0.006 0"><span class='ocrx_word' id='word_1_357' title='bbox 1793 1860 1844 1891; x_wconf 85' lang='lat' dir='ltr'><strong>Ib.</strong></span> <span class='ocrx_word' id='word_1_358' title='bbox 1862 1860 1905 1891; x_wconf 73' lang='lat' dir='ltr'><strong>iii.</strong></span> <span class='ocrx_word' id='word_1_359' title='bbox 1922 1859 1952 1890; x_wconf 89' lang='lat'>6.</span> 
     </span>
    </p>
   </div>
   <div class='ocr_carea' id='block_1_12' title="bbox 1793 2009 1920 2083">
    <p class='ocr_par' dir='ltr' id='par_1_13' title="bbox 1793 2009 1920 2083">
     <span class='ocr_line' id='line_1_45' title="bbox 1793 2009 1876 2040; baseline -0.012 0"><span class='ocrx_word' id='word_1_360' title='bbox 1793 2009 1876 2040; x_wconf 76' lang='lat' dir='ltr'><strong>Gen.</strong></span> 
     </span>
     <span class='ocr_line' id='line_1_46' title="bbox 1793 2053 1920 2083; baseline 0.008 -1"><span class='ocrx_word' id='word_1_361' title='bbox 1793 2053 1873 2083; x_wconf 74' lang='lat' dir='ltr'><strong>xlix.</strong></span> <span class='ocrx_word' id='word_1_362' title='bbox 1891 2053 1920 2083; x_wconf 86' lang='lat' dir='ltr'><strong>S.</strong></span> 
     </span>
    </p>
   </div>
   <div class='ocr_carea' id='block_1_13' title="bbox 1793 2107 1893 2148">
    <p class='ocr_par' dir='ltr' id='par_1_14' title="bbox 1793 2107 1893 2148">
     <span class='ocr_line' id='line_1_47' title="bbox 1793 2107 1893 2148; baseline 0.01 -11"><span class='ocrx_word' id='word_1_363' title='bbox 1793 2107 1844 2138; x_wconf 86' lang='lat' dir='ltr'><strong>Ib.</strong></span> <span class='ocrx_word' id='word_1_364' title='bbox 1863 2117 1893 2148; x_wconf 91' lang='lat'>9.</span> 
     </span>
    </p>
   </div>
   <div class='ocr_carea' id='block_1_14' title="bbox 1793 2248 1888 2279">
    <p class='ocr_par' dir='ltr' id='par_1_15' title="bbox 1793 2248 1888 2279">
     <span class='ocr_line' id='line_1_48' title="bbox 1793 2248 1888 2279; baseline 0.011 -1"><span class='ocrx_word' id='word_1_365' title='bbox 1793 2248 1888 2279; x_wconf 76' lang='lat' dir='ltr'><strong>Hier.</strong></span> 
     </span>
    </p>
   </div>
   <div class='ocr_carea' id='block_1_15' title="bbox 1797 2293 1952 2331">
    <p class='ocr_par' dir='ltr' id='par_1_16' title="bbox 1797 2293 1952 2331">
     <span class='ocr_line' id='line_1_49' title="bbox 1797 2293 1952 2331; baseline -0.019 -7"><span class='ocrx_word' id='word_1_366' title='bbox 1797 2293 1888 2324; x_wconf 75' lang='lat' dir='ltr'><strong>xxxi.</strong></span> <span class='ocrx_word' id='word_1_367' title='bbox 1904 2301 1952 2331; x_wconf 78' lang='lat'><strong>17.</strong></span> 
     </span>
    </p>
   </div>
   <div class='ocr_carea' id='block_1_16' title="bbox 1793 2412 1894 2442">
    <p class='ocr_par' dir='ltr' id='par_1_17' title="bbox 1793 2412 1894 2442">
     <span class='ocr_line' id='line_1_50' title="bbox 1793 2412 1894 2442; baseline -0.01 0"><span class='ocrx_word' id='word_1_368' title='bbox 1793 2412 1846 2442; x_wconf 79' lang='lat' dir='ltr'>Ps.</span> <span class='ocrx_word' id='word_1_369' title='bbox 1863 2421 1894 2441; x_wconf 78' lang='grc' dir='ltr'>ν.</span> 
     </span>
    </p>
   </div>
   <div class='ocr_carea' id='block_1_17' title="bbox 1798 2465 1845 2493">
    <p class='ocr_par' dir='ltr' id='par_1_18' title="bbox 1798 2465 1845 2493">
     <span class='ocr_line' id='line_1_51' title="bbox 1798 2465 1845 2493; baseline 0 -8"><span class='ocrx_word' id='word_1_370' title='bbox 1798 2465 1845 2493; x_wconf 74' lang='lat'>13.</span> 
     </span>
    </p>
   </div>
  </div>
 </body>
</html>
