1997 3361
68 143 181 198 iii.3.
507 144 576 183 IN
623 144 900 183 ABACUC.
963 143 1114 183 '1¹()M.
1151 143 1209 182 ΙΙ.
1569 144 1645 182 127

67 274 167 305 του·
221 255 429 316 καθάπερ
479 254 638 316 ἀμέλει
684 278 758 305 και
804 256 828 304 ὁ
866 255 1120 307 θεσπέσιος
1168 255 1397 315 Μωυσῆς,
1436 252 1555 315 πρὸς
1595 251 1686 303 δν(

557 343 576 351 Α

67 338 240 403 εἴρηται
284 337 413 403 παρὰ
453 341 577 387 Θεου
617 343 643 365 “
671 335 934 436 Προφήτην
973 337 1128 388 αὐτοῖς
1167 333 1427 398 άναστησω
1466 336 1516 383 ἐκ
1555 338 1649 384 τῶν
1712 342 1812 416 lx'ffit
1825 388 1860 414 ¹8

69 421 343 487 “ἀδελφῶν
373 420 525 470 αὐτῶν
551 418 714 484 ὥσπερ
741 418 811 480 σὲ,
840 421 914 468 καὶ
949 417 1084 482 θήσω
1121 441 1226 471 τους
1262 415 1435 481 λόγους
1471 439 1562 479 μου
1589 419 1649 468 εἰς

69 508 96 531 “
121 500 174 551 τὸ
208 500 366 564 στόμα
404 502 558 562 αὑτοῦ,
586 503 661 551 καὶ
700 501 905 564 λαλήσει
945 501 1099 553 αὐτοῖς
1126 498 1243 549 κατὰ
1278 498 1433 549 πάντα
1470 497 1563 548 ὅσα
1594 497 1651 546 ἂν

27 590 96 637 5“
123 585 395 646 ἐντείλωμαι
434 584 572 651 αὐτῷ.
583 587 610 605 ’
676 586 712 633 εἱ
752 582 798 633 δε
838 581 893 646 δη
933 580 1155 642 βούλοιτό
1197 604 1266 635 τις
1310 585 1406 634 τοῖς
1438 603 1648 646 γεγραμ-

68 688 221 729 μενοις
259 671 559 732 προσβαλεῖν
587 689 661 715 και
694 666 800 716 καθ’
835 664 990 730 ἕτερον
1029 663 1218 729 τρόπον,
1253 663 1354 713 ἐστι
1384 667 1459 713 καὶ
1487 663 1648 715 οὕτως

69 747 273 815 Θαιμοιν,
304 751 365 801 ὡς
398 749 531 816 ἐφην,
557 747 642 810 τὴν
674 747 957 810 νοτιωτάτην
984 747 1154 812 ε”ρημον
1182 744 1462 797 ἀπεκάλουν.
1530 747 1654 812 φασὶ

67 837 316 897 τοιγαροῦν
357 832 405 881 ἐν
448 835 543 883 τοῖς
586 830 655 880 ὅτι
700 828 914 893 μάλιστα
963 827 1256 881 νοτιωτάτοις
1301 831 1384 890 τῆς
1428 827 1655 879 Ἰουδαίας

69 913 231 978 μέρεσι
272 917 454 964 κεῖσθαι
494 912 579 976 τὴν
618 910 846 975 Βηθλεὲμ,
886 913 934 961 ἐν
978 908 1007 977 ᾗ
1053 912 1078 960 ὁ
1118 909 1331 975 Χριστὸς
1369 910 1653 976 γεγέννηται·

5 1022 52 1046 10
71 996 244 1062 εἴρηται
269 994 361 1061 γάρ
392 1018 483 1046 που
508 993 626 1061 πρὸς
660 993 803 1057 αὐτὴν
835 992 910 1043 διὰ
946 995 1106 1061 φωνῆς
1137 992 1385 1060 προφήτου
1411 999 1436 1021 “
1461 993 1552 1042 Καὶ
1591 989 1655 1041 σὺ
1719 1013 1879 1043 Mie.v.2.

71 1086 98 1107 ‘⁶
131 1077 365 1142 Βηθλεὲμ,
405 1100 528 1130 οικος
566 1082 648 1127 τοῦ
685 1077 921 1144 Ἐφραθᾶ,
961 1073 1216 1139 ὀλιγοστὸς
1255 1072 1297 1124 εἶ
1331 1080 1413 1124 τοῦ
1455 1072 1568 1124 εἶναι
1608 1075 1655 1124 ἐν

72 1168 99 1190 “
124 1160 336 1228 χιλιάσιν
360 1159 575 1222 Ἰούδα,’
554 1182 603 1209 εκ
628 1181 720 1208 σου
745 1181 824 1221 μοι
852 1156 1201 1225 ἐξελεύσεται
1175 1156 1448 1222 ηγούμενος,
1475 1179 1524 1209 ος
1551 1180 1655 1207 ποι-
1717 1171 1875 1201 SMztth.

73 1247 262 1306 “μανεῖ
283 1265 364 1292 τον
390 1240 509 1292 λαόν
536 1264 625 1304 μου
644 1240 726 1291 τὸν
741 1239 985 1306 Ἱσραήλῗ
1024 1240 1189 1289 οὐκουν
1218 1245 1235 1290 ὁ
1258 1238 1369 1293 Θεος
1397 1240 1446 1290 ἐκ
1467 1237 1655 1306 &mmm
1717 1215 1750 1245 ii
1762 1215 1792 1246 6

73 1326 175 1394 ἥξει,
203 1324 457 1386 τουτέστιν,
484 1326 533 1375 ἐκ
558 1321 776 1388 Βηθλεὲμ
799 1325 882 1386 τῆς
907 1320 1025 1387 πρὸς
1052 1321 1200 1373 νότον.
1257 1322 1281 1371 ὁ
1317 1320 1410 1387 γὰρ
1437 1321 1580 1390 φύσει
1607 1344 1654 1371 τε
1673 1350 1694 1373 a
1721 1339 1807 1374 554
1828 1339 1878 1373 A.

7 1429 54 1467 15
75 1410 148 1458 καὶ
174 1409 363 1470 ἀληθῶς
390 1405 510 1460 Θεὸς
532 1407 556 1457 ὁ
585 1403 862 1470 Μονογενὴς
888 1408 971 1455 τοῦ
1001 1403 1192 1470 Πατρὸς
1220 1401 1377 1469 Λόγος
1403 1404 1511 1454 καθ’
1535 1403 1655 1466 ἡμᾶς

74 1488 290 1556 γεγονὼς,
318 1489 589 1555 γεγέννηται
616 1487 691 1539 διὰ
717 1485 933 1551 γυναικὸς
961 1489 1009 1537 ἐν
1039 1490 1096 1554 τῇ
1123 1486 1356 1549 Βηθλεέμ.
1418 1484 1572 1549 ἐπειδὴ
1607 1485 1655 1535 δὲ

74 1572 177 1625 ε”θος
216 1576 274 1639 τῇ
312 1571 413 1641 θεία
445 1575 624 1639 γραφῇ,
658 1575 753 1624 τοῖς
788 1574 882 1621 τῶν
918 1568 1062 1635 ὀρέων
1097 1567 1510 1637 περιφανεστέροις
1548 1568 1653 1618 ἔσθ’

75 1654 151 1706 ὅτε
190 1653 276 1719 τὴν
319 1659 414 1705 τῶν
457 1654 695 1705 Ἰουδαίων
737 1651 1025 1718 παρεικάζειν
1068 1649 1373 1716 Συναγωγὴν,
1414 1649 1561 1700 διάτοι
1603 1649 1657 1700 τὸ

74 1737 318 1790 πλείστοις
367 1759 415 1787 τε
461 1736 592 1790 ὅσοις
641 1737 716 1786 καὶ
766 1734 1116 1788 εὐκλεεστάτοις
1173 1732 1403 1799 ἀνδράσιν
1454 1734 1659 1797 ὁρᾶσθαι

9 1846 58 1871 20
77 1818 357 1882 κατάκομον,
385 1819 602 1886 ταύτῃτοι
640 1819 714 1868 καὶ
749 1823 830 1869 νῦν
855 1821 922 1887 τῷ
947 1816 1041 1883 ὄρει
1068 1815 1211 1885 Φαρέιν
1239 1816 1456 1884 ἐξομοιοῖ,
1483 1813 1654 1880 λέγων,

77 1904 138 1955 ὡς
165 1902 209 1970 ἐξ
234 1902 344 1969 ὄρους
370 1901 454 1970 ἥξει
489 1903 741 1952 >coerceo->cloza
769 1896 942 1955 δασέος·
985 1897 1242 1950 κατάσκιον
1268 1897 1317 1949 δὲ
1348 1899 1422 1948 καὶ
1454 1896 1578 1947 δασὺ
1604 1895 1658 1946 τὸ

77 1983 183 2048 ὅρος
218 1984 340 2052 φησὶ
375 1981 450 2033 διὰ
487 1981 592 2036 τοὺς
625 1983 825 2048 πατέρας
863 1982 919 2051 ἐξ
949 1979 1013 2032 ὧν
1051 1985 1397 2046 γενεαλογεῖται
1430 1977 1656 2044 Χριστός.
1677 1990 1702 2030 b

77 2065 179 2116 ε”στι
213 2071 328 2131 γοῦν
354 2067 553 2115 ἀκοῦσαι
583 2069 755 2131 σαφῶς
790 2071 872 2115 τοῦ
908 2063 991 2128 μὲν
1016 2064 1247 2129 μακαρίου
1273 2066 1434 2113 Λουκᾶ
1465 2060 1547 2111 τὸν
1576 2063 1659 2122 τῆς

78 2148 381 2214 γενεαλογίας
424 2146 711 2213 ἐκλογισμὸν
755 2147 1071 2215 ἀναφέροντος
1120 2145 1176 2214 ἐξ
1222 2143 1408 2211 Ἰωσὴφ
1455 2144 1528 2194 ἐπὶ
1576 2141 1659 2192 τὸν
1720 2162 1752 2212 ⁸:
1772 2162 1852 2193 Luc.

12 2230 248 2292 25Ἀδάμ,
286 2230 538 2280 Ματθαιόυ
575 2228 723 2295 γεμὴν
760 2231 809 2279 ἐκ
848 2231 1024 2279 Δαυείδ
1059 2250 1108 2278 τε
1151 2228 1226 2277 καὶ
1255 2224 1481 2291 Ἀβραὰμ
1516 2247 1658 2275 κατα-
1719 2215 1819 2290 ζζᾏῑῖῧ

79 2313 345 2380 κομίζοντος
383 2310 530 2363 πάλιν
561 2309 830 2378 στοιχηδὸν,
856 2311 919 2364 ὥς
945 2310 1079 2379 ἔφην,
1105 2310 1178 2360 ἐπὶ
1203 2307 1284 2359 τὸν
1308 2306 1508 2374 Ἰωσήφ,
1572 2307 1659 2375 ὅρος
1721 2293 1882 2378 »ἰδῗίδῖἰιὲὴ

129 2465 160 2487 2.
186 2454 298 2488 αὐτοῖς
314 2457 534 2496 assumptum
554 2464 594 2485 ex
615 2452 686 2485 D.
678 2456 755 2496 post
773 2450 954 2494 ἀναστήσω
971 2456 1013 2484 tl.
1035 2450 1076 2483 Β.
1241 2448 1274 2482 6.
1301 2463 1325 2482 π
1327 2449 1497 2492 ροσβαλεῖ
1517 2447 1558 2480 Β.
1609 2448 1662 2481 καὶ

81 2512 176 2546 prluS
190 2506 411 2544 assumptum
423 2511 464 2533 ex
481 2499 522 2532 B.
528 2499 574 2532 D.
624 2499 698 2532 ἔστι
713 2499 765 2532 καὶ
779 2497 882 2532 οὕτως
898 2498 966 2531 D.'
956 2499 1030 2531 ἐστι
1045 2497 1084 2539 δὴ
1096 2496 1193 2531 οὗτος
1205 2495 1296 2530 Edd.
1310 2495 1485 2528 Neutrum
1498 2493 1603 2527 habet
1620 2494 1661 2528 B.

84 2557 115 2592 7.
141 2547 331 2581 ἀπεκάλουν
348 2558 378 2580 a.
398 2545 491 2580 Edd.
511 2546 653 2579 εκάλουν
672 2545 716 2579 D.
735 2551 767 2578 et
785 2545 918 2588 (ante'
900 2559 949 2587 ερ.
968 2553 1010 2577 tr.
1016 2544 1032 2587 )
1052 2544 1094 2577 B.
1315 2542 1347 2575 8.
1375 2541 1425 2574 ὅτι
1444 2547 1522 2574 ante
1540 2541 1575 2574 ἐν
1592 2543 1663 2576 τοῖς

82 2600 126 2628 tr.
146 2594 191 2627 D.
240 2593 359 2637 μέρεσι
375 2594 434 2636 τῆς
450 2591 549 2626 Ἰουδ.
569 2593 639 2625 inv.
659 2592 733 2625 Old.
756 2592 800 2624 D.
1001 2603 1033 2634 9.
1061 2592 1164 2623 κεῖται
1185 2588 1220 2633 [τ
1238 2600 1278 2622 ex
1296 2587 1432 2632 rasura]
1454 2587 1594 2630 ἡβηθλ.
1615 2587 1660 2621 D.

81 2640 202 2674 haec
185 2655 219 2674 εν
235 2643 254 2684 ᾖ
273 2638 517 2685 ὁ-προφῆτου
538 2645 758 2673 accesserunt
783 2650 823 2671 ex
844 2637 888 2670 D.
915 2637 950 2671 ἐν
973 2639 992 2680 ᾐ
1018 2651 1211 2681 γεγεννηται
1230 2636 1378 2679 Χριστὸς
1395 2636 1412 2667 6
1432 2635 1517 2669 Θεός
1534 2645 1564 2667 a.
1582 2635 1661 2678 περὶ

81 2686 120 2731 ἧς
135 2687 323 2732 γέγραπται
342 2686 384 2720 Β.
436 2686 560 2719 Statim
583 2685 665 2719 haec
685 2684 746 2719 Καὶ
766 2685 857 2718 σὺ-
857 2683 998 2727 Ἰσραήλ
1017 2688 1236 2717 accesserunt
1254 2694 1293 2715 ex
1311 2681 1352 2714 B.
1359 2681 1405 2714 D.
1533 2691 1585 2714 11.
1607 2682 1659 2714 εὑ-

82 2734 218 2778 φρανθᾶ
237 2734 283 2767 D.
303 2734 397 2776 (106.
402 2735 414 2777 )
478 2732 522 2776 μὴ
540 2733 723 2777 ὀλιγοστὸς
743 2732 787 2765 D.
807 2732 877 2773 (22.
898 2731 940 2763 al.
947 2731 958 2773 )
1296 2739 1347 2761 12.
1375 2727 1440 2771 γὰρ
1458 2739 1521 2770 pro
1538 2742 1594 2768 μοι
1614 2728 1660 2761 D.

87 2782 139 2813 16.
164 2795 357 2825 γεγεννηται
370 2780 415 2814 D.
420 2792 449 2813 a.
463 2780 638 2825 γεγένηται
653 2778 744 2813 Edd.
796 2778 920 2811 Statim
938 2778 973 2810 ἐκ
992 2788 1054 2821 pro
1073 2776 1127 2809 διὰ
1144 2788 1174 2808 a.
1224 2777 1262 2818 τῇ
1282 2780 1503 2818 assumptum
1522 2785 1562 2807 ex
1579 2774 1624 2807 D.
1630 2786 1659 2807 a.

88 2836 139 2871 17.
165 2827 322 2872 ὀρέων]’
306 2830 393 2871 ορῶν
412 2827 456 2860 D.
461 2838 490 2860 a.
664 2837 714 2870 19
741 2825 793 2858 καὶ
811 2824 906 2858 ὅσοις
923 2824 992 2857 inv.
1012 2823 1087 2856 ord.
1109 2821 1199 2856 Edd.
1345 2832 1399 2854 21.
1427 2820 1498 2864 ἥξει
1515 2821 1661 2854 accessit

84 2885 126 2906 ex
106 2873 236 2907 xB.D.
250 2886 280 2907 a.
329 2875 367 2907 τὸ
385 2885 455 2908 om.
474 2885 504 2906 a.
669 2883 724 2906 22.
752 2870 846 2916 ὅρος]
871 2875 906 2911 -ὖ-
928 2871 986 2913 τὴν
1005 2869 1203 2914 συιαγωγὴν
1220 2880 1249 2902 a.
1309 2869 1558 2913 γενεαλογεῖται
1580 2868 1623 2900 D.
1629 2879 1658 2900 a.

85 2920 286 2964 γεγενῆσθαι
303 2920 435 2965 λέγεται
456 2920 537 2954 κατὰ
555 2920 665 2964 σάρκα
685 2918 775 2953 Edd.
842 2918 999 2951 Statim‘
984 2932 1001 2951 o
1019 2916 1113 2951 addit
1133 2928 1162 2950 a
1370 2925 1424 2958 23.
1450 2914 1547 2949 ἕσται
1568 2913 1658 2947 Edd.

88 2977 142 3009 25.
168 2981 202 3000 τε
220 2979 289 3002 om.
311 2967 354 3001 D.
