2028 3356
315 134 397 173 118
704 137 755 177 B.
798 136 1075 177 CYRILLI
1125 137 1508 179 ALEXANDR.
1707 136 1822 185 iii-1,
1847 146 1885 175 2·

313 240 453 309 ἔφηνε
479 243 562 307 μὲν
586 245 856 311 ἐλευθέρους
880 247 1069 310 δεσμῶν
1094 269 1142 297 τε
1168 249 1243 298 καὶ
1268 246 1440 309 πόνων,
1467 248 1541 298 καὶ
1567 246 1707 309 αὐτῆς
1733 243 1781 296 δὲ
1806 246 1888 307 τῆς

313 323 509 377 ἐκτόπου
553 328 763 380 δουλείας
807 328 941 390 ἀνεὶς,
982 327 1255 392 ἀνεκόμισεν
1303 329 1465 395 ὥσπερ
1507 332 1568 382 εἷς
1617 327 1702 392 τὴν
1750 326 1889 391 ἁγίαν

268 402 468 470 1)πόλιν,
505 407 589 470 τὴν
623 407 895 475 ἐπουράνιον
933 411 1262 477 Ἰερουσαλήμ,
1327 410 1587 478 γεγόναμεν
1627 408 1733 476 γὰρ,
1769 407 1889 459 κατὰ

91 480 229 521 Eph·¹¹'
313 487 367 540 τὸ
408 488 744 555 γεγραμμένον,
789 497 1125 555 ιίσυμπολῖται
1176 497 1270 543 τῶν
1311 495 1458 559 ἁγίων
1501 495 1575 544 καὶ
1617 496 1770 543 οἰκεῖοι
1807 496 1890 542 τοῦ

94 532 144 567 19.

314 578 341 600 ‘⁶
368 573 524 622 Θεοῦ”
562 574 638 622 καὶ
678 574 881 639 πατρίδα
920 573 1091 626 λοιπὸν
1131 576 1502 644 ἐπεγραψάμεθα
1546 574 1628 627 τὸν
1668 572 1880 640 οὐρανόν.
1910 591 1932 629 5

312 654 642 718 κατατεθηπὼς
676 654 732 719 δὴ
760 656 840 706 οὖν
866 658 890 707 ὁ
919 656 1179 725 Προφήτης
1215 664 1298 709 τοῦ
1335 659 1596 724 μυστηρίου
1634 656 1718 721 τὴν
1753 654 1890 706 δύνα-

311 759 403 799 μιν,
439 738 515 786 καὶ
555 736 640 800 τὴν
681 737 933 805 ἄφραστον
975 763 1024 790 τε
1066 743 1141 791 καὶ
1180 744 1412 806 θεοπρεπῆ
1445 744 1526 803 τῆς
1563 739 1679 803 μετὰ
1712 738 1891 805 σαρκὸς

313 819 555 882 ἐπιδημίας
581 825 663 869 τοῦ
692 823 993 886 Μονογενοῦς
1020 822 1285 885 οἰκονομίαν
1312 821 1669 888 ὑπεραγάμενος,
1696 826 1890 873 ποιεῖται

311 901 395 965 τὴν
420 902 704 969 προσευχὴν,
732 905 793 957 ὡς
827 905 875 954 ἐν
909 905 1030 973 ᾠδῆς
1066 903 1238 974 τρόπῳ,
1273 906 1369 956 κατ’
1398 905 1539 956 ἐκεῖνό
1576 927 1668 956 που
1705 904 1891 957 πάντως

90 985 257 1060 {Rima
312 982 366 1034 τὸ
405 982 480 1034 διὰ
518 987 677 1053 φωνῆς
711 991 794 1036 τοῦ
833 987 1007 1037 Δαυείδ
1033 987 1139 1037 “‘H
1168 987 1379 1052 γλῶσσά
1409 1011 1500 1049 μου
1534 985 1782 1051 μελετήσει
1806 985 1891 1050 τὴν

275 1083 296 1109 C
315 1073 341 1095 ‘⁶
367 1067 666 1131 δικαιοσύνην
691 1090 802 1131 σου,
833 1067 952 1133 ὅλην
977 1067 1062 1133 τὴν
1086 1069 1257 1136 ἡμέραν
1281 1068 1362 1121 τὸν
1388 1069 1575 1121 ἔπαινόν
1599 1069 1734 1121 σου.”

218 1291 250 1323 1,
274 1290 292 1314 2
317 1276 452 1334 Κύριε,
479 1275 712 1319 εἰσακήκοα
746 1278 822 1319 τὴν
855 1279 989 1319 ἀκοήν
1018 1294 1104 1331 σου,
1134 1280 1200 1320 καὶ
1228 1279 1460 1336 ἑφοβήθΗν,
1489 1279 1624 1336 Κύριε,
1652 1278 1890 1321 κατενὸΗσα

380 1361 430 1402 τὰ
458 1362 559 1417 &psa
587 1377 674 1414 σου,
702 1363 770 1403 καὶ
795 1363 984 1405 ὲΞέῦτΗν.

388 1479 561 1527 Νοοῖτο
596 1477 638 1526 δ’
677 1475 733 1526 ἂν
771 1477 795 1526 ὁ
833 1475 978 1542 λόγος
1017 1480 1091 1528 καὶ
1129 1476 1246 1544 πρὸς
1285 1477 1438 1540 αὐτὸν,
1474 1478 1598 1543 εἴπερ
1625 1476 1776 1528 ἕλοιτό
1803 1500 1889 1540 τις,

313 1557 519 1623 γεγονὼς
545 1557 626 1609 τὸν
651 1563 745 1609 τῶν
771 1558 897 1610 ὅλων
925 1560 1115 1626 Πατέρα
1141 1562 1214 1610 καὶ
1242 1560 1377 1623 Θεὸν,
1406 1563 1468 1614 ὡς
1498 1560 1894 1611 ἀποκαλύπτοντα

315 1639 397 1691 τὸν
435 1640 564 1702 Υὶὸν,
604 1643 733 1702 ἀκοήν
776 1664 825 1692 τε
869 1641 954 1706 τὴν
995 1645 1100 1708 περὶ
1142 1644 1283 1694 αὐτοῦ
1327 1647 1661 1709 διατρανοῦντα
1699 1642 1774 1694 διὰ
1811 1649 1894 1694 τοῦ

319 1722 608 1786 Πνεύματος·
650 1723 678 1789 ὴ
713 1726 787 1774 καὶ
821 1723 940 1790 πρὸς
975 1724 1115 1776 αὐτὸν
1141 1725 1325 1779 εἰκότως
1357 1724 1439 1777 τὸν
1465 1724 1895 1792 ἐνανθρωπήσαντα

318 1804 492 1871 Λόγον.
560 1809 636 1857 καὶ
674 1811 711 1857 εἱ
755 1807 839 1871 μέν
879 1830 947 1861 τις
995 1808 1126 1873 λέγοι
1170 1807 1287 1874 πρὸς
1328 1808 1410 1858 τὸν
1450 1808 1641 1875 Πατέρα
1675 1809 1896 1874 γενέσθαι

272 1899 299 1940 d
317 1887 472 1956 τυχὸν,
506 1889 682 1940 τοιόνδε
720 1912 764 1940 τι
803 1889 1075 1954 συνήσομεν
1095 1888 1161 1941 ῖΩ
1197 1894 1292 1941 τῶν
1328 1890 1454 1941 ὅλων
1481 1891 1728 1953 Δέσποτα,
1758 1893 1895 1959 φησὶ,

315 1970 401 2035 τὴν
439 1973 660 2023 δοθεῖσαν
697 1971 1017 2040 ἀποκάλυψιν,
1053 1973 1200 2037 η’γουν
1239 1971 1371 2032 οἰκοῆν
1415 1972 1500 2037 τὴν
1540 1976 1645 2039 περὶ
1683 1979 1766 2024 τοῦ
1805 1978 1895 2024 σοῦ

315 2052 602 2119 γεννήματος
628 2053 925 2118 κατα-τέθηπά
944 2074 1032 2105 τοι·
1075 2054 1249 2122 φρικτὰ
1269 2055 1361 2122 γάρ
1382 2058 1496 2119 ἐστι,
1518 2059 1590 2107 καὶ
1611 2057 1728 2122 πέρα
1749 2055 1896 2121 λόγου

315 2136 374 2186 τὰ
413 2135 690 2201 διηγήματα,
728 2138 802 2187 καὶ
836 2140 917 2200 τῆς
957 2139 1217 2200 οἰκονομίας
1256 2140 1280 2189 ὁ
1319 2137 1491 2203 τρόπος
1528 2137 1704 2192 παντὸς
1739 2136 1796 2189 ἂν
1828 2138 1895 2202 ε’ίη

316 2218 484 2270 λοιπὸν
510 2219 716 2270 ἐπέκεινα
743 2225 838 2270 νοῦ·
882 2222 918 2270 εἰ
950 2220 998 2270 δὲ
1032 2219 1087 2284 δὴ
1122 2220 1300 2272 λεπτὸν
1325 2222 1453 2274 ἐνιεὶς
1487 2224 1569 2286 τῆς
1603 2222 1791 2287 καρδίας
1814 2220 1897 2272 τὸν

315 2301 569 2368 ὀφθαλμὸν
610 2301 695 2366 τὴν
735 2306 829 2352 τῶν
863 2306 966 2352 σῶν
1002 2301 1150 2368 ἔργων
1189 2302 1536 2369 καταθρήσαιμι
1573 2304 1779 2366 δύναμιν,
1814 2303 1892 2354 ἕκ-

315 2408 490 2440 στασις
534 2386 668 2437 ε”σται
708 2385 762 2437 τὸ
807 2389 979 2454 χρῆμα,
1015 2389 1090 2438 καὶ
1135 2387 1292 2454 ἕτερον
1333 2389 1478 2439 οὐδέν.
1547 2389 1808 2450 βλέποντος
1847 2389 1895 2440 δὲ

315 2473 398 2518 τοῦ
434 2467 582 2534 λόγου
614 2467 732 2535 πρὸς
766 2468 848 2519 τὸν
874 2468 1002 2531 Υὶὸν,
1030 2469 1160 2520 οὐδὲν
1198 2470 1337 2534 ἧττον
1374 2476 1745 2536 προσβαλοῦμεν
1778 2471 1896 2522 κατὰ

316 2548 492 2601 τοιόνδε
536 2549 641 2601 τινὰ
681 2549 857 2617 τρόπον
887 2549 954 2602 ςΩ
1008 2551 1151 2617 Κύριε
1203 2554 1278 2603 καὶ
1327 2551 1574 2620 κατάρχων
1618 2557 1711 2604 τῶν
1755 2553 1894 2617 ὅλων,

364 2736 396 2764 4.
422 2723 525 2768 ἁγίων
544 2724 636 2759 B.D.
655 2724 811 2770 ἀγγέλων
829 2725 920 2760 Edd.
1180 2735 1213 2770 5.
1238 2726 1424 2769 πατριάδην
1440 2725 1500 2759 iid.
1565 2725 1832 2770 ἐπεγραψάμεθα
1852 2727 1894 2761 Β.

317 2768 436 2814 ἀπεγρ.
457 2771 503 2804 D.
520 2771 609 2806 Edd.
986 2784 1019 2816 9.
1047 2773 1090 2808 ὡς
1109 2772 1190 2806 D.a.
1209 2773 1261 2806 καὶ
1279 2784 1342 2817 pro
1359 2773 1403 2808 ὡς
1422 2771 1514 2806 Edd.
1534 2772 1711 2806 Neutrum
1729 2772 1833 2807 habet
1852 2774 1894 2808 B.

322 2826 375 2849 12.
403 2816 503 2860 Κύριε
526 2819 584 2852 alt.
611 2825 833 2863 assumptum
859 2831 900 2853 ex
928 2819 1021 2853 RD.
1041 2821 1076 2862 (N
1095 2831 1125 2853 a.
1146 2830 1201 2853 22.
1219 2818 1279 2863 al.)
1488 2830 1541 2863 13.
1567 2820 1607 2853 τὰ
1631 2818 1725 2853 deest
1748 2819 1785 2853 in
1804 2820 1896 2855 Edd.

320 2873 372 2903 14.
400 2861 427 2895 δ’
446 2870 666 2909 assumptum
684 2877 726 2900 ex
745 2866 791 2900 D.
949 2876 1000 2908 15.
1024 2867 1170 2911 γεγονὼς
1188 2870 1409 2910 assumptum
1428 2877 1469 2900 ex
1489 2866 1536 2900 D.
1691 2866 1814 2909 18—25.
1841 2868 1895 2901 καὶ

315 2908 488 2942 εἶ-οὐδέν
504 2922 573 2944 om.
595 2912 640 2946 D.
889 2924 943 2957 23.
971 2913 1044 2958 νοῦ]
1065 2915 1168 2956 νόμου
1187 2911 1277 2946 Edd.
1520 2923 1575 2957 27.
1602 2913 1781 2959 κατάσχων
1800 2913 1892 2948 Edd.

315 2962 394 2989 ante
414 2955 546 3000 Migne.

1915 1005 1962 1030 10

1916 1997 1965 2022 20
