2007 3366
294 155 351 195 40
694 157 744 198 B.
788 155 1067 197 CYRILLI
1108 155 1493 197 ALEXANDR.
1770 151 1813 192 ii.
1838 150 1877 190 6.

366 265 678 335 Ἐνηχοῦντος
711 266 796 330 μὲν
827 270 922 319 τοῖς
957 266 1105 331 ἁγίοις
1138 265 1403 335 προφήταις
1442 264 1501 317 τὰ
1539 263 1658 316 κατὰ
1691 260 1877 328 καιροὺς

290 347 493 409 ἐσόμενα
518 354 601 400 τοῦ
631 348 787 401 πάντα
820 347 994 401 εἰδότος
1020 351 1159 410 Θεοῦ,
1185 348 1588 415 προαπήγγελλον
1614 345 1876 412 ἀναγκαίως

290 430 410 481 κατὰ
443 432 497 482 τὸ
529 432 654 501 αὐτῷ
685 434 865 482 δοκοῦν.
934 431 1141 496 ἐγίνοντο
1168 430 1216 481 δὲ
1240 431 1518 484 πλειστάκις
1543 432 1618 482 καὶ
1643 430 1690 479 ἐν
1717 429 1876 479 αὐταῖς

289 518 392 568 ταῖς
434 518 528 564 τῶν
569 513 862 579 πραγμάτων
906 512 1121 578 ὁράσεσι.
1186 512 1425 579 τοιγάρτοι
1475 510 1875 576 καταπεπλήγασι

290 598 366 646 καὶ
392 598 640 663 μονονουχὶ
673 594 978 661 πληρούμενα
1011 594 1281 656 βλέποντες,
1309 593 1415 649 τοὺς
1441 597 1547 662 περὶ
1573 596 1726 645 αὐτῶν
1751 594 1874 643 ε’ποι-
1895 607 1918 645 5

289 683 425 729 οῦντο
459 676 648 743 λόγους·
691 677 853 728 ὁποῖόν
883 700 927 728 τι
961 679 1035 728 καὶ
1075 683 1157 728 νῦν
1185 678 1209 727 ὁ
1238 676 1498 744 Προφήτης
1536 681 1662 728 δοκεῖ
1694 699 1870 728 πεπον-

289 760 414 812 θέναι
448 762 528 812 ἐπί
561 783 610 811 τε
645 765 740 814 τοῖς
779 762 959 811 οἰκοῦσι
997 759 1084 825 τὴν
1123 760 1297 822 Νινευῒ,
1336 761 1412 810 καὶ
1449 765 1544 813 τοῖς
1583 761 1727 828 Κύρῳ
1761 781 1877 808 συν-

289 842 566 908 ησπικόσιν,
594 842 664 894 ὅτι
691 845 766 894 καὶ
798 843 1043 913 ἐξετῖναξαν
1070 842 1225 898 αὐτοῦς
1260 848 1336 894 καὶ
1375 842 1435 894 τα
1473 845 1695 910 κλήματα
1721 842 1874 894 αὐτῶν.

287 927 536 990 πεποίηται
563 925 610 977 δὲ
639 927 663 977 ὁ
691 925 837 992 λόγος
873 928 936 980 ὡς
969 925 1063 977 ἀπό
1095 949 1149 992 γε
1186 932 1268 977 τοῦ
1300 927 1579 989 συμβαίνειν
1606 930 1704 978 ταῖς
1731 925 1878 985 ἀμπέ-

244 1013 271 1052 d
290 1016 391 1062 λοις
433 1007 665 1063 εἰωθότος.
733 1010 1042 1060 ὲκτινοίσσεται
1080 1008 1174 1076 γὰρ
1214 1010 1238 1059 ὁ
1277 1010 1450 1075 βότρυς
1495 1011 1568 1059 καὶ
1608 1006 1690 1061 τὰς
1728 1006 1878 1074 ῥάγας

288 1092 530 1155 ἀποπτύει,
580 1089 610 1156 ἢ
662 1090 1004 1159 ῥαγδαιοτάτου
1059 1092 1462 1158 προσβάλλοντος
1520 1091 1797 1153 πνεύματος,
1850 1089 1877 1155 ἦ

288 1173 534 1228 καύσωνος
578 1174 975 1243 καταφλέγοντος,
1020 1172 1049 1238 ἢ
1102 1177 1176 1225 καὶ
1227 1174 1383 1239 ἑτέρας
1425 1174 1714 1238 ἡστινοσοῦν
1754 1196 1878 1234 συμ-

288 1261 549 1321 βαινούσης
596 1258 800 1322 βλάβης,
847 1260 909 1311 ὡς
956 1259 1031 1308 καὶ
1075 1256 1188 1308 αὐτὸ
1237 1262 1333 1310 τοῖς
1379 1262 1573 1322 καρποῖς
1618 1255 1670 1307 τὸ
1718 1255 1879 1322 κλῆμα

290 1339 728 1409 συναναφαίνεσθαι
792 1343 867 1391 καὶ
920 1341 1060 1403 αὐτῆς
1117 1343 1199 1403 τῆς
1251 1340 1394 1403 ἅνθης
1445 1339 1874 1406 ἀπογυμνούμενον.

290 1423 412 1473 οὕτω
459 1421 515 1487 δὴ
557 1424 637 1473 οῦν
682 1423 949 1492 ἀπετίναξαν
992 1422 1157 1475 αὐτοὺς
1199 1424 1261 1476 ὡς
1305 1423 1560 1485 ἀμπέλους.
1627 1419 1879 1490 διέφθαρται

290 1504 338 1555 δὲ
374 1507 448 1555 καί
490 1505 549 1556 τὰ
591 1506 722 1556 ’όπλα
768 1506 934 1567 αὐτῶν,
975 1505 1219 1555 τουτέστιν
1262 1506 1289 1569 ἡ
1330 1502 1579 1556 δυναστεία·
1620 1505 1749 1555 ’ὅπλα
1787 1503 1880 1570 γὰρ

293 1587 398 1639 ἔσθ’
431 1587 507 1639 ὅτε
533 1588 751 1651 σημαίνει
787 1587 872 1651 τὴν
898 1585 1171 1639 θυναστεεαν.
1243 1587 1414 1641 δεινοὺς
1449 1585 1496 1637 δὲ
1531 1587 1669 1641 ὄντας
1702 1585 1880 1649 ἱππέας,

255 1688 277 1714 0
295 1672 370 1721 καὶ
396 1670 479 1724 τὰς
505 1672 576 1739 ἐφ’
608 1671 816 1738 ἁρμάτων
843 1671 1019 1723 εἰδότας
1053 1670 1208 1738 μάχας
1243 1673 1291 1721 ἐν
1324 1670 1578 1738 ἀφορήτοις
1609 1670 1732 1735 ἄγαν
1759 1672 1882 1738 φησὶ

294 1753 514 1820 γενέσθαι
556 1753 783 1817 δείμασιν,
823 1755 884 1806 ὡς
921 1753 1185 1819 τραπέσθαι
1228 1752 1312 1815 μὲν
1351 1756 1412 1806 εἰς
1452 1751 1625 1821 φυγὴν,
1662 1751 1877 1820 συμπλέ-

298 1839 466 1887 κεσθαι
510 1835 559 1886 δὲ
608 1835 854 1900 ἀλλήλοις,
898 1839 972 1887 καὶ
1023 1836 1374 1900 συνθραύεσθαι
1424 1833 1882 1901 προσρηγνυμένους,

297 1919 477 1970 οἴεσθαι
521 1918 567 1969 δὲ
610 1921 756 1972 οὕτως
803 1923 1031 1969 καταθεᾶν
1077 1916 1218 1969 αὐτὸν
1261 1917 1342 1971 τὰς
1382 1922 1476 1968 τῶν
1513 1918 1752 1980 πολεμίων
1789 1917 1883 1985 φά-

297 2011 499 2069 λαγγας,
535 2004 595 2055 ὡς
638 2000 769 2052 οὐδὲν
811 2001 1038 2069 λαμπάσι
1083 2005 1395 2069 παραχωρεῖν,
1430 2000 1455 2065 ἢ
1505 2004 1580 2051 καὶ
1623 2002 1884 2069 αό-τραπαῖς

299 2087 348 2136 ἐν
393 2085 484 2155 'lo-cp
535 2085 849 2154 καταφλέγειν
894 2082 1058 2138 αὐτοὺς
1104 2083 1206 2152 ὀξεῖ
1245 2086 1319 2134 καὶ
1364 2083 1553 2152 οἱσχέτῳ
1604 2082 1885 2137 διαττούσας

300 2166 476 2238 δρόμῳ.

261 2359 284 2394 6
309 2363 382 2405 Καὶ
425 2364 739 2413 μνΗσθήσονται
784 2362 821 2404 οἰ
865 2367 1112 2412 μεΓιστᾶνεε
1157 2364 1311 2415 αὐτῶν,
1350 2364 1417 2404 καὶ
1456 2364 1685 2420 φεύξονται
1725 2363 1885 2420 ἡμέρας

355 2567 385 2590 1.
411 2555 536 2602 ἁγίοις]
560 2560 597 2597 -1-
618 2555 826 2591 ἀποστόλοις
843 2557 944 2601 ἤγουν
964 2555 1005 2589 Β.
1025 2555 1117 2590 Edd.
1136 2556 1244 2590 invito
1264 2556 1309 2590 D.
1585 2564 1617 2587 2.
1644 2553 1788 2597 ἐσόμενα
1805 2554 1888 2588 κατὰ

305 2603 439 2647 καιροὺς
457 2610 490 2637 et
508 2605 627 2637 δοκοῦν
643 2603 732 2649 αὐτῷ
751 2603 888 2637 inverso
906 2602 1027 2637 ordine
1047 2604 1092 2637 D.
1344 2614 1377 2644 4.
1403 2602 1475 2636 ταῖς
1492 2605 1714 2645 assumptum
1733 2613 1773 2635 ex
1793 2601 1887 2635 B.D.

308 2650 433 2683 Statim
451 2652 550 2694 ὁράσ.
569 2654 635 2684 τῶν
651 2665 779 2695 πραγμ.
798 2650 936 2684 inverso
954 2649 1074 2684 ordine
1095 2650 1140 2684 D.
1433 2647 1466 2681 6.
1491 2648 1691 2681 πεπονθέναι
1709 2648 1799 2681 δοκεῖ
1816 2648 1889 2683 inv.

307 2696 429 2730 ordine
447 2697 489 2730 Ι).
542 2697 668 2732 Statim
686 2697 741 2731 ἐπί
757 2712 796 2742 γε
815 2696 907 2731 Edd.
926 2697 1044 2730 invitis
1064 2697 1157 2731 RD.
1325 2695 1358 2730 8.
1385 2695 1579 2739 Assumpta
1596 2695 1648 2727 καὶ
1666 2695 1762 2739 prius
1780 2707 1821 2729 ex
1842 2695 1889 2729 D.

307 2743 348 2776 τὰ
365 2755 406 2776 ex
429 2743 519 2777 B.l).
748 2755 800 2778 10.
827 2743 916 2778 εἷωθ.
934 2745 1006 2779 ταῖς
1022 2744 1104 2783 ἀμπ.
1122 2751 1155 2778 et
1171 2742 1334 2778 ἀποπτύει
1351 2742 1410 2777 τὰς
1425 2741 1530 2786 ῥάγας
1547 2741 1684 2775 inverso
1701 2741 1822 2776 ordine
1841 2742 1889 2776 D.

312 2800 365 2823 11.
392 2788 555 2834 ῥαγδαίου
574 2790 621 2825 D.
778 2802 831 2825 12.
858 2790 1128 2836 συμβαινούσης]
1150 2789 1388 2832 συντεινούσης
1406 2788 1498 2822 Edd.
1661 2789 1713 2822 18.
1740 2787 1888 2833 εἰδότας]

309 2836 435 2871 εἰδότες
452 2836 510 2870 iid.
529 2844 608 2871 ante
628 2838 761 2882 Migne.
1155 2848 1209 2872 20.
1229 2835 1479 2880 συνθραύεσθαι
1498 2835 1544 2868 D.
1563 2834 1811 2879 συντραύεσθαι
1828 2835 1888 2868 iid.

311 2894 366 2917 21.
394 2883 556 2917 καταθεᾶν
576 2884 616 2919 Β.
636 2885 790 2919 καταθεῖν
804 2885 850 2919 D.
870 2885 1040 2919 καταθλᾶν
1056 2884 1148 2918 Edd.
1199 2883 1323 2918 Statitn
1338 2882 1457 2917 αὐτοὺς
1475 2882 1608 2925 Migne.
1657 2881 1814 2925 πολέμων
1828 2893 1890 2926 pro

309 2930 481 2971 πολεμίων
498 2930 554 2964 iid.
780 2943 835 2976 23.
861 2931 1088 2976 καταφλέγειν
1109 2932 1152 2965 Ι).
1171 2931 1223 2964 καὶ
1241 2932 1305 2975 φλ.
1324 2929 1384 2963 iid.
1449 2928 1651 2963 διαττοὺσας
1668 2934 1891 2972 assumptum

311 2988 351 3009 ex
374 2976 418 3010 D.
580 2986 633 3020 25.
660 2978 830 3021 μνησθὴσ.
851 2986 930 3023 post
947 2979 1056 3012 αὐτῶν
1073 2985 1204 3022 transp.
1226 2976 1265 3010 B.
1280 2975 1401 3020 (153)

1902 1028 1949 1053 10

1905 1854 1954 1879 20
