2049 3366
98 219 207 243 DRUS-

151 337 283 373 aquam
317 330 393 363 300
424 327 470 371 d;
502 332 539 363 ct
568 327 754 363 elementa
777 339 854 361 om-

151 391 212 425 nia
244 394 320 428 300
342 404 372 427 e.
426 392 540 437 Deus,
571 392 752 439 superbos
777 391 856 427 odit

153 457 225 490 301
261 468 291 491 a.
341 456 456 498 Deus,
491 456 739 492 mediocribus
769 469 856 492 con-

151 519 253 555 nivet
306 523 381 556 302
431 521 465 557 b.
544 522 657 563 Deus,
708 522 856 569 flagello

151 584 198 619 ad
245 586 511 631 poenitentiam
554 592 663 622 vocat
709 589 783 622 304
824 599 855 621 e.

153 649 267 689 Deus,
306 651 428 685 verbis
477 651 677 699 castiganS,
723 651 856 686 absens

151 713 309 759 videtur,
335 728 373 750 rc
401 715 490 765 ipsa,
519 728 692 763 praesens
722 718 797 751 305
820 715 854 750 d.

152 778 267 819 Deus,
296 780 576 816 idololatrarum
610 780 789 816 sacrificia
820 785 857 816 et

151 844 373 880 festivitates
438 850 631 881 aversatur
692 847 767 881 307
820 845 853 880 b.

151 908 263 952 Deus,
325 909 443 957 gratis
508 916 546 945 et
607 910 686 945 sine
747 909 857 945 saeri-

153 973 246 1009 ficiis
278 975 456 1021 populum
489 974 524 1009 in
557 975 705 1010 deserto
735 974 857 1010 alebat

154 1041 228 1075 308
263 1052 296 1074 e.

152 1103 316 1148 exhibet,
340 1104 507 1151 superbis
535 1116 757 1152 oppugnans
780 1106 855 1140 317

152 1169 174 1204 d
197 1180 206 1213 3
239 1174 276 1204 et
307 1181 345 1204 se
372 1169 702 1204 contemnentibus
728 1170 803 1205 317
826 1181 856 1204 e.

153 1234 268 1279 Deus,
316 1246 381 1280 per
438 1233 609 1280 Scipsum
663 1234 766 1281 jurat
819 1245 857 1268 se

355 1039 470 1083 Deus,
506 1039 780 1074 Immutabilem
818 1051 856 1074 se

153 1298 364 1346 superbiam
401 1298 523 1334 odisse
552 1300 626 1335 318
659 1311 688 1333 a.
738 1297 854 1340 Deus,

154 1363 378 1399 Sanctorum
409 1375 521 1399 causa
546 1363 681 1398 tolerat
710 1361 855 1411 impios,

152 1428 341 1476 paulisper
363 1430 436 1464 318
455 1428 491 1463 b.
540 1428 657 1469 Deus,
679 1439 857 1475 personas

153 1505 227 1529 non
249 1492 381 1540 accipit
399 1495 474 1529 320
492 1505 525 1528 e.
566 1491 682 1534 Deus,
699 1492 734 1527 in
755 1491 857 1527 furo-

153 1570 231 1594 rem
252 1557 390 1592 invitus
411 1557 537 1605 agitur
557 1559 630 1594 321
655 1557 690 1593 d.
740 1555 856 1602 Deus,

152 1622 263 1658 nimis
308 1622 540 1658 confidentes
585 1622 664 1657 odit
710 1624 785 1658 322
827 1634 857 1658 a.

153 1686 272 1729 Deus,
303 1687 439 1735 quippe
468 1687 531 1735 qui
559 1686 605 1722 sit
633 1687 718 1734 Ipse
743 1687 859 1722 robur

154 1757 326 1788 nostrum
367 1754 442 1788 322
482 1751 506 1787 b
532 1763 566 1787 e.
633 1750 752 1793 Deus,
794 1751 857 1787 diu

153 1816 460 1864 patientissimus,
495 1816 648 1852 tandem
686 1816 856 1853 inexora-

154 1881 238 1916 bilis
284 1883 360 1917 324
401 1893 433 1916 e.

154 1951 346 1992 comparat
362 1945 575 1981 Essentiam
593 1957 697 1980 suam
714 1945 857 1980 Immu-

154 2010 306 2047 tabilem
330 2012 405 2046 325
428 2009 462 2045 b.
494 2009 611 2055 Deus,
629 2010 746 2045 Amos
769 2009 859 2045 Pro-

155 2076 290 2123 phetae
336 2087 395 2110 res
440 2074 596 2110 Divinas
640 2086 706 2122 per
753 2074 861 2122 signa

155 2140 318 2188 agrestia
338 2139 548 2188 explicabat
569 2141 646 2176 330
663 2139 698 2174 d.
742 2138 859 2184 Deus,

156 2205 266 2241 variis
327 2204 504 2252 puniendi
562 2204 682 2239 modis
742 2203 861 2239 utitur

158 2272 232 2307 331
264 2270 300 2305 b.
354 2268 471 2311 Deus,
499 2268 753 2304 foeneratores
783 2268 861 2303 odit

158 2337 234 2371 332
284 2334 319 2375 d,
368 2333 458 2369 item
507 2333 667 2381 injustos
717 2345 859 2368 merca-

157 2405 258 2435 tores
297 2400 372 2435 333
410 2398 446 2433 d.

159 2463 370 2511 superbiam
417 2461 651 2498 Judaeorum
704 2464 780 2498 334
825 2461 860 2496 d.

158 2529 271 2569 Deus,
293 2539 403 2574 super
426 2526 542 2562 altare
571 2532 685 2567 stans,
707 2525 861 2562 exitium

511 1879 627 1925 Deus,
671 1880 859 1916 adamanti

505 2397 621 2440 Deus,
655 2398 759 2445 jurat
795 2409 861 2444 per

158 2591 350 2627 minitatur
367 2593 441 2627 341
459 2603 478 2627 c
495 2591 529 2626 d.
554 2591 669 2634 Deus,
682 2602 861 2638 personas

158 2669 233 2692 non
280 2655 482 2704 respiciens
521 2655 659 2690 inertes
706 2654 862 2702 despicit

160 2723 236 2758 342
252 2721 288 2757 d.
344 2720 458 2761 Deus,
480 2719 606 2755 omnia
624 2718 765 2763 videns,
782 2731 861 2754 om-

159 2786 221 2821 nia
250 2785 380 2826 sciens,
406 2783 520 2832 effugi
548 2783 691 2830 nequit,
722 2785 798 2819 343
829 2794 859 2818 a.

159 2849 275 2891 Deus,
290 2850 405 2886 oculis
417 2849 723 2895 intuens,poenas
737 2859 861 2894 sump-

159 2921 265 2950 turus
285 2919 341 2950 est
363 2916 438 2950 343
461 2913 495 2949 d.
545 2913 656 2956 Deus,
678 2911 859 2958 Omnipo-

162 2984 245 3014 tens
295 2983 415 3015 terrae
464 2983 597 3021 motor,
639 2975 861 3013 metuendus

224 3053 314 3080 YOL.
340 3054 387 3081 ΙΙ.

635 208 850 244 INDEX
911 208 1153 244 RERUM.
1604 208 1679 241 665

980 330 1053 363 344
1079 329 1112 362 b.

978 391 1162 438 parandus
1194 394 1267 428 3114
1292 403 1322 426 e.

978 456 1057 497 dus,
1072 469 1145 491 non
1163 455 1389 492 resistendos
1405 457 1478 491 :344
1496 454 1530 489 d.
1564 453 1680 493 Deus,

1175 327 1288 369 Deus,
1312 338 1384 361 non
1416 324 1557 360 homini
1578 336 1678 359 com-

1382 390 1495 430 Deus,
1522 400 1680 424 exoran-

977 520 1211 568 Angelorum
1232 522 1311 557 Rex
1329 519 1538 556 adorandus
1555 521 1629 555 345
1645 518 1681 554 b.

980 586 1081 621 Deus
1119 592 1156 621 et
1190 586 1387 626 Dominus,
1422 583 1683 625 essentialiter,

978 663 1051 685 non
1075 651 1223 686 nomine
1247 653 1321 686 345
1345 663 1377 685 c.
1420 649 1532 693 Deus,
1556 647 1683 684 Israeli

979 715 1151 762 reliquias
1190 720 1386 750 conservat
1428 719 1580 761 propter
1618 724 1682 759 pa-

978 785 1072 815 trem
1091 780 1209 815 Jacob
1233 782 1306 816 348
1325 792 1355 815 e.

979 857 1119 885 securo,
1142 850 1179 880 ct
1199 845 1266 880 sibi
1288 839 1492 879 blandienti
1515 841 1684 876 irascitur

980 911 1055 945 3—19
1087 910 1120 945 b.
1177 909 1291 951 Deus,
1322 907 1525 943 suscitabat
1560 905 1683 941 taber·

979 974 1151 1010 naculum
1197 973 1361 1013 Davidis,
1401 971 1593 1007 Christum
1636 969 1682 1004 de

978 1045 1099 1074 morte
1120 1039 1302 1074 suscitans
1325 1040 1401 1074 350
1417 1036 1450 1071 d.
1490 1036 1603 1079 Deus,
1617 1045 1684 1081 par

978 1104 1056 1151 pari
1077 1103 1330 1151 compensavit
1351 1100 1538 1137 Idumaeis
1560 1101 1636 1136 360
1651 1111 1681 1133 c.

1414 779 1527 818 Deus,
1553 776 1682 812 israeli

980 1169 1081 1204 Deus
1102 1181 1212 1215 super
1231 1167 1409 1207 Judaeos,
1431 1164 1598 1212 quamvis
1628 1175 1683 1198 re-

974 1234 1096 1281 jectos
1136 1232 1308 1280 regnavit
1348 1233 1422 1268 363
1463 1243 1495 1265 a.
1567 1228 1683 1272 Deus,

978 1297 1117 1333 Jonam
1176 1297 1328 1332 mittens
1386 1293 1684 1342 praedicaturum

981 1361 1181 1402 Ninevitis,
1215 1361 1317 1397 Deus
1349 1359 1526 1395 Gentium
1558 1363 1686 1392 osten-

980 1427 1079 1462 ditur
1122 1428 1197 1462 367
1237 1437 1280 1470 c;
1337 1426 1412 1461 368
1454 1436 1484 1459 a.
1573 1422 1684 1462 Deus,

979 1498 1112 1539 gentes
1169 1502 1299 1526 omnes
1353 1489 1399 1524 ad
1446 1486 1684 1524 sanctitatem

980 1556 1116 1592 creavit
1164 1557 1239 1592 367
1282 1554 1316 1599 d,
1365 1559 1402 1590 et
1449 1552 1487 1588 in
1534 1550 1684 1588 Christo

980 1620 1139 1657 redemit
1179 1622 1254 1657 367
1294 1631 1328 1655 e.
1403 1618 1519 1657 Deus,
1558 1615 1685 1651 audire

981 1685 1183 1722 clamorem
1211 1682 1417 1731 iniquitatis
1447 1681 1592 1721 dicitur,
1623 1678 1686 1714 ubi

981 1750 1127 1797 iniquos
1174 1749 1300 1784 visitat
1345 1749 1422 1784 369
1471 1746 1506 1788 b,
1555 1749 1597 1780 ut
1648 1743 1687 1778 in

981 1814 1110 1856 Abele,
1150 1819 1187 1850 et
1229 1813 1266 1848 in
1313 1810 1485 1847 Sodomis
1531 1810 1606 1846 369
1651 1819 1685 1843 e.

981 1879 1096 1919 Deus,
1144 1877 1242 1926 patri
1289 1876 1411 1912 Jacob
1463 1874 1570 1910 unius
1614 1872 1687 1909 loci

980 1944 1087 1979 Deus
1125 1943 1319 1978 videbatur
1360 1942 1436 1977 370
1465 1940 1513 1984 b;
1563 1937 1686 1974 Jonae

981 2008 1176 2044 videbatur
1204 2006 1436 2043 Judaeorum
1465 2004 1580 2045 Deus,
1611 2014 1687 2037 non

982 2073 1160 2109 Gentium
1183 2074 1258 2108 370
1273 2083 1303 2106 c.
1346 2070 1462 2111 Deus,
1477 2081 1543 2104 sua
1562 2066 1688 2115 Ipsius

982 2143 1115 2173 natura
1135 2135 1346 2172 misericors
1372 2139 1410 2170 et
1435 2131 1688 2181 poenitentiae

982 2214 1095 2250 capax
1119 2204 1194 2237 370
1216 2200 1240 2235 d
1259 2212 1291 2235 e.
1330 2199 1444 2239 Deus,
1465 2202 1503 2233 et
1521 2195 1687 2232 Judaeo-

983 2279 1065 2303 rum
1086 2272 1165 2302 erat
1193 2265 1296 2300 Deus
1319 2269 1356 2299 et
1382 2262 1481 2310 apud
1508 2261 1688 2297 barbaros

983 2330 1204 2366 formidatus
1222 2331 1297 2365 373
1315 2328 1348 2363 d.
1379 2327 1494 2367 Deus,
1515 2326 1553 2360 in
1574 2325 1687 2360 mutis

984 2394 1214 2435 animalibus,
1236 2398 1330 2428 nutu
1360 2391 1452 2435 solo,
1474 2389 1573 2438 quod
1595 2389 1687 2429 vult,

983 2459 1096 2496 efficit
1127 2460 1202 2495 375
1223 2457 1257 2493 b.
1317 2456 1434 2497 Deus,
1464 2459 1588 2490 cetum
1616 2452 1686 2489 Jo-

983 2536 1065 2564 nae‚
1114 2535 1217 2558 mera
1263 2521 1454 2556 voluntate
1493 2531 1573 2562 sua,
1611 2530 1688 2553 non

984 2587 1108 2624 verbis
1153 2586 1298 2634 paravit
1345 2586 1420 2621 375
1460 2596 1491 2620 c.
1569 2582 1686 2625 Deus,

984 2652 1008 2689 J
1013 2664 1123 2688 onam
1153 2649 1325 2690 servavit,
1346 2661 1422 2683 non
1444 2652 1590 2687 natura,
1621 2645 1688 2682 sed

985 2716 1173 2757 miraculo,
1204 2727 1280 2750 non
1310 2712 1514 2748 dubitando
1547 2713 1623 2748 375
1654 2723 1685 2746 e.

985 2781 1099 2821 Deus,
1147 2778 1395 2826 intelligentia
1439 2782 1569 2812 nostra
1611 2787 1687 2810 non

984 2844 1235 2893 penetrandus
1257 2844 1332 2879 376
1354 2841 1388 2877 d.
1437 2841 1553 2880 Deus,
1575 2840 1688 2875 facies

985 2910 1076 2958 Ejus
1106 2907 1249 2944 aversio
1280 2912 1337 2942 est
1366 2905 1473 2941 nobis
1502 2905 1594 2940 iram
1622 2917 1688 2952 pa-

984 2974 1098 3011 tiendi
1146 2972 1291 3008 initium
1336 2972 1410 3007 378
1455 2983 1488 3006 a.
1574 2969 1686 3012 Deus,

1153 3048 1230 3086 4Q
