2053 3382
276 194 360 234 548
668 193 718 233 Β.
761 190 1035 231 CYRILLI
1080 190 1463 232 ALEXANDR.
1710 192 1735 231 i.
1758 204 1795 241 1,
1819 203 1856 232 2.

276 304 483 365 καθαρᾶς
519 322 564 350 τε
601 300 676 349 καὶ
703 296 990 361 ἀναιμάκτου
1017 297 1186 352 θυσίας
1210 297 1614 364 προσκομίζεσθαι
1641 301 1706 367 τῷ
1733 301 1857 366 Θεῷ,

276 380 560 446 καταλήγειν
610 379 658 430 δὲ
709 378 769 430 τὰ
818 378 1010 431 πάντων
1059 378 1351 445 ἐγκλήματα,
1400 381 1483 442 τῆς
1533 402 1582 430 τε
1634 379 1862 445 ἁμαρτίας

277 461 579 531 ἀνῃρημένης,
605 463 681 512 καὶ
706 465 769 514 εἷς
794 459 1044 525 καινότητα
1070 461 1187 527 ζωῆς
1216 460 1644 528 ἀναμορφουμεύων
1669 465 1763 511 τῶν
1789 461 1862 511 ἐπὶ

56 558 165 617 20312
237 548 359 608 ρτῆς
402 546 505 609 γῆς·
561 541 695 607 καινὴ
740 542 834 609 γὰρ
877 543 1031 596 κτίσις
1073 541 1132 593 τὰ
1173 544 1222 592 ἐν
1264 546 1480 612 Χριστῷ,
1523 547 1617 593 τῶν
1656 542 1863 610 ἀρχαίων

54 612 83 632 ν’
104 611 151 641 ¹‘'
277 625 644 695 παρῳχηκότων,
679 623 799 676 κατὰ
836 623 891 675 τὸ
930 623 1268 691 γεγραμμένον.
1883 644 1904 681 5

58 849 158 897 Κεφ.
181 844 231 886 α’.
349 848 497 895 Λῆμμα
525 848 650 894 λόΓου
680 845 828 903 Κυρίου
855 845 924 887 ἐπὶ
952 846 1024 888 τὸν
1046 845 1222 903 Ἰσραὴλ
1249 845 1293 887 ὲν
1320 844 1425 901 χειρὶ
1452 844 1630 892 ἀπέλου
1657 843 1797 884 αὐτοῦ.

353 983 532 1051 Λῆμμα,
569 987 692 1051 φησι
727 989 810 1035 τοῦ
842 986 978 1050 λόγου
1004 986 1085 1047 τῆς
1112 982 1240 1049 παρὰ
1269 986 1393 1033 Θεοῦ
1419 981 1707 1050 προφητείας
1732 981 1866 1031 οἱονεὶ

279 1064 365 1129 τὴν
406 1067 575 1133 λῆψιν.
641 1066 854 1133 ἐδέχοντο
893 1064 987 1132 γὰρ
1033 1069 1075 1115 οἱ
1120 1064 1336 1130 μακάριοι
1380 1066 1622 1132 προφῆται
1667 1061 1742 1113 διὰ
1786 1067 1868 1113 τοῦ

237 1147 447 1212 ι1Ἀγίου
488 1146 763 1209 Πνεύματος
801 1151 895 1198 τῶν
934 1146 1169 1209 ἐσομένων
1194 1145 1280 1210 τὴν
1307 1150 1499 1211 γνῶσιν,
1536 1144 1618 1197 τάς
1658 1166 1708 1195 τε
1746 1166 1868 1206 συμ-

281 1227 462 1290 βουλὰς
501 1230 574 1279 καὶ
614 1228 708 1293 μὴν
746 1231 821 1279 καὶ
860 1227 942 1283 τὰς
982 1227 1255 1296 ἐπιπλήξεις
1294 1229 1534 1278 ἐποιοῦντο
1572 1225 1689 1292 πρός
1727 1248 1868 1288 τινας,
1894 1252 1940 1277 ιο

281 1311 365 1361 οῦκ
390 1310 446 1378 ἐξ
470 1311 585 1363 ἰδίας
610 1311 741 1361 αὐτοὶ
766 1312 970 1377 καρδίας,
997 1310 1075 1363 οῦς
1104 1308 1159 1360 ἂν
1186 1310 1369 1360 ἕλοιντο
1395 1309 1538 1376 τυχὸν
1565 1311 1870 1360 ἀνασπῶντες

283 1391 469 1457 λόγους,
508 1390 538 1455 ἢ
579 1395 950 1460 ψευδοεποῦντες
988 1392 1108 1443 κατά
1146 1415 1286 1453 τινας,
1324 1390 1694 1456 διερμηνεύοντες
1730 1389 1777 1440 δὲ
1813 1388 1871 1439 τὰ

283 1472 413 1539 παρὰ
453 1477 591 1536 Θεοῦ,
632 1476 705 1524 καὶ
745 1473 853 1527 τοῦς
890 1474 1068 1524 ἄνωθεν
1106 1479 1201 1527 τοῖς
1241 1474 1407 1526 ἄλλοις
1446 1476 1660 1539 καθαρῶς
1705 1493 1754 1521 τε
1796 1473 1871 1521 καὶ

285 1554 548 1619 ἀμωμήτως
583 1555 1000 1621 διαπορθμεύοντες
1035 1554 1221 1621 λόγους.
1279 1556 1444 1605 οὐκοῦν
1468 1557 1550 1617 τῆς
1584 1552 1873 1620 προφητείας

284 1634 370 1699 τὴν
407 1639 562 1705 λῆψιν
588 1637 808 1702 γενέσθαι
848 1639 972 1705 φησὶ
1009 1635 1139 1702 παρὰ
1179 1639 1342 1704 Κυρίου.
1398 1636 1672 1703 ὑπεμφαίνει
1710 1633 1758 1685 δὲ
1797 1632 1873 1684 διὰ
1896 1658 1943 1696 15

285 1717 474 1780 τούτων,
516 1720 578 1771 ὡς
616 1720 720 1769 οὔτε
758 1717 1107 1784 προαγόρευσιν
1143 1717 1235 1785 ε”χει
1269 1717 1373 1768 τινὰ
1406 1720 1487 1780 τῆς
1521 1715 1811 1786 προφητείας
1848 1717 1873 1765 ὁ

247 1797 431 1864 ολόγος
476 1804 718 1867 μοχθηροῦ
757 1823 805 1851 τε
852 1802 926 1850 καὶ
971 1802 1162 1865 ἀνιαροῦ
1200 1799 1478 1864 πράγματος
1518 1801 1580 1852 ὡς
1620 1803 1874 1861 συμβησο-

285 1881 426 1943 μένου
466 1887 563 1935 τοῖς
605 1882 663 1950 ἐξ
698 1881 894 1951 Ἰσραὴλ,
939 1883 1041 1932 οὕτε
1087 1880 1180 1944 μὴν
1219 1882 1431 1934 ἐπαίνους
1471 1883 1532 1934 ὡς
1577 1878 1875 1941 βεβιωκότων

287 1964 454 2029 ὀρθῶς·
496 1963 751 2032 ἐπίπληξιν
778 1963 825 2014 δὲ
855 1967 1047 2027 μᾶλλον
1074 1962 1153 2013 ε’πί
1179 1985 1227 2013 τε
1257 1962 1399 2028 ἱερέας
1425 1966 1500 2013 καὶ
1533 1961 1692 2015 λαούς.
1747 1961 1800 2012 τὸ
1827 1960 1881 2010 δέ

289 2047 326 2096 ἐν
358 2050 466 2115 χειρὶ
503 2045 707 2111 ἀγγέλου
747 2047 878 2096 αὐτοῦ
915 2047 1113 2096 τοιῶσδε
1154 2044 1352 2109 νοήσεις·
1404 2044 1756 2112 διαχειρίζοντος
1783 2042 1876 2109 γὰρ
1897 2070 1947 2095 20

289 2124 471 2192 ὥσπερ,
511 2128 657 2193 ἤγουν
688 2125 1041 2194 ἐκπράττοντος,
1075 2126 1159 2189 τὴν
1195 2130 1277 2190 τῆς
1315 2127 1604 2193 προφητείας
1642 2125 1876 2176 διακονίαν

289 2213 372 2259 τοῦ
416 2210 614 2273 ἐπίκλην
652 2208 869 2275 ἀγγέλου,
910 2207 964 2259 τὸ
1010 2207 1180 2276 λῆμμα
1218 2208 1411 2273 γέγονεν
1452 2209 1524 2258 ἐπὶ
1573 2211 1640 2258 τον
1678 2209 1872 2275 Ἰσραήλ.

291 2290 463 2356 εἴρηται
491 2290 538 2341 δὲ
565 2290 769 2356 ἄγγελος
798 2291 822 2340 ὁ
852 2290 1112 2357 Μαλαχίας
1140 2289 1193 2340 δι’
1220 2291 1366 2343 αἰτίας
1391 2287 1444 2343 ἂς
1470 2289 1557 2354 ἤδη
1583 2293 1823 2355 προεῖπον.

75 2465 153 2498 819
173 2464 221 2497 A.
256 2475 277 2496 a

258 2528 273 2550 2
337 2513 471 2555 Θέοθε
499 2513 549 2553 {m
578 2512 647 2553 ἐπὶ
674 2512 750 2553 τὰς
779 2512 955 2568 καρδίας
984 2511 1115 2560 ὑμῶν.
1165 2512 1364 2558 ιἰΓὰΠΗοα
1392 2512 1513 2561 ὑμᾶς,
1541 2511 1653 2557 λέΓει
1683 2509 1845 2565 Κύριος.

370 2648 445 2697 Οῦ
471 2647 707 2712 πάρεργον
733 2651 968 2697 ποιεῖσθαι
1003 2645 1289 2711 προστάττει
1315 2650 1409 2696 τῶν
1431 2643 1767 2712 ῥηθησομένων
1792 2641 1877 2706 τὴν
1901 2664 1947 2703 25

347 2807 374 2829 1.
403 2796 548 2840 καθαρᾶς
570 2811 605 2830 τε
629 2797 681 2830 καὶ
704 2796 906 2838 ἀναιμάκτου
929 2793 1049 2829 θυσίας
1069 2794 1162 2828 B.D.
1181 2794 1308 2838 καθαρά
1326 2808 1361 2827 τε
1379 2795 1431 2827 κιιὶ
1449 2794 1646 2836 ἀναίμακτος
1664 2792 1766 2826 θυσία
1786 2792 1877 2826 Edd.

298 2853 327 2874 2.
355 2856 389 2874 τε
408 2848 630 2886 assumptum
648 2855 689 2876 ex
711 2842 802 2876 RD.
994 2854 1027 2883 4.
1053 2842 1111 2884 τῆς
1128 2846 1349 2885 assumptum
1369 2852 1410 2874 ex
1431 2840 1523 2874 B.D.
1710 2850 1762 2872 12.
1790 2839 1877 2882 διερ·

295 2887 490 2930 μηνεῦονται
513 2889 555 2922 D.
760 2900 810 2930 14.
838 2886 1141 2931 διαπορθμεύσντος
1158 2889 1264 2931 λόγου
1284 2887 1330 2920 D.
1524 2886 1575 2919 18.
1600 2886 1815 2925 βεβιωκότων
1835 2885 1875 2918 Β.

296 2935 500 2971 βεβιωκόσιν
520 2935 564 2968 D.
586 2934 675 2968 Edd.
858 2945 913 2968 20.
938 2935 1003 2978 γὰρ
1022 2939 1244 2978 assumptum
1263 2945 1303 2967 ex
1325 2932 1417 2966 RD.
1593 2941 1647 2973 25.
1674 2932 1877 2975 προστάττει

298 2981 466 3013 ποιεῖσθαι
487 2981 554 3014 inv.
574 2980 694 3014 ordine
716 2981 759 3014 D.
