1997 3361
96 168 152 208 iii.
178 181 213 221 7.
528 175 596 214 IN
647 176 931 217 ABACUC.
992 178 1142 218 TUM.
1178 178 1235 217 11.
1589 180 1657 217 l-lvl

94 285 120 305 ‘⁶
145 278 291 332 οὗτος·
328 282 396 335 τίς
423 281 612 334 δύναται
639 286 778 335 αὐτοῦ
805 286 1015 342 α’κούεινς
1055 291 1154 340 πῶς
1181 286 1370 337 δύναται
1398 286 1504 348 ἡμῖν
1531 285 1663 338 οὗτος
1725 307 1755 355 ⁵:
1773 307 1870 336 Joau.

94 366 120 387 ‘⁶
145 363 301 411 δοῦναι
340 361 425 426 τὴν
468 364 623 430 σάρκα
665 371 832 434 φαγεῖν
855 367 896 429 ;”
946 368 1294 434 ἐπεμαρτύρατο
1345 368 1392 417 δὲ
1444 367 1598 432 λέγων
1640 368 1664 416 ὁ
1727 360 1835 388 “’5)”

93 443 451 508 Εὐαγγελιστὴς
488 446 557 496 ὅτι
584 449 716 498 “Ἐκ
750 449 916 500 τούτου
950 452 1125 500 πολλοὶ
1159 455 1252 500 τῶν
1277 453 1498 513 μαθητῶν
1524 450 1666 499 αὐτοῦ
1728 465 1776 495 111.
1797 464 1848 496 60.

91 530 118 550 ‘⁶
145 525 360 587 ἀπῆλθον
401 532 461 581 εὶς
504 528 560 578 τὰ
607 530 774 592 ὀπίσω,
820 533 893 580 καὶ
937 533 1084 581 οὐκέτι
1129 533 1224 595 μετ’
1266 533 1406 582 αὐτοῦ
1449 530 1666 596 περιεποί-

50 618 72 656 5
93 611 119 633 “
145 607 293 658 τουν.”
350 608 423 659 ὅτε
459 613 532 660 καὶ
567 613 720 665 αὐτοῖς
760 617 854 666 τοῖς
891 618 1119 676 μαθηταῖς
1157 614 1424 679 προσετίθει
1455 612 1667 677 Χριστὸς

92 684 159 749 τὸ,
181 687 306 753 εἴπερ
333 690 514 742 ἕλοιντο
539 695 612 743 καὶ
639 694 765 744 αὐτοὶ
794 696 1057 761 ἀποφοιτᾶν
1083 697 1222 746 αὐτοῦ
1249 696 1402 761 λέγων
1429 703 1454 724 “
1479 694 1563 758 Μὴ
1592 697 1666 744 καὶ
1685 707 1710 746 b
1733 715 1782 745 11).
1800 715 1850 754 67.

95 776 121 797 ‘⁶
149 771 272 831 ὑμεῖς
313 772 468 822 θέλετε
510 775 702 839 ὑπάγειν
721 776 759 835 ;”
805 776 1115 841 προσυπήντα
1159 776 1305 842 γεμὴν
1351 779 1374 827 ὁ
1417 777 1667 830 θεσπέσιος

97 851 275 917 Πέτρος
310 856 619 921 διακεκραγώς
645 865 671 885 “
695 858 848 923 Κύριε,
888 858 1005 923 πρὸς
1031 860 1132 909 τίνα
1160 859 1546 922 ἀπελευσόμεθας
1586 859 1667 925 ῥή-
1729 880 1777 909 Η).
1798 878 1849 909 68.

95 941 120 962 “
146 957 270 995 ματα
304 935 420 1001 ζωῆς
451 938 633 989 αἰωνίου
668 939 830 1006 ἐ’χ.εις.”
895 941 948 990 οὐ
982 940 1074 1006 γὰρ
1103 940 1339 991 τεθέανται
1377 941 1459 994 τὰς
1492 964 1668 1009 πορειοις

13 1034 74 1060 ’10
94 1018 184 1065 Am>
223 1017 366 1068 κόπων
401 1020 548 1081 αὐτοὶ,
586 1021 694 1070 ἀλλ’
730 1020 786 1084 ἧν
820 1021 929 1084 ἡδύς
967 1044 1015 1071 τε
1054 1022 1207 1075 αὐτοῖς
1246 1025 1320 1072 καὶ
1360 1021 1669 1090 ἀξιάκουστος

94 1099 280 1162 ἀληθῶς
332 1101 356 1150 ὁ
405 1100 564 1166 λόγος.
638 1104 827 1158 οιὶωνιους
879 1102 927 1153 δὲ
977 1102 1060 1156 τὰς
1112 1105 1288 1171 πορείας
1338 1102 1454 1154 εἶναι’
1499 1113 1666 1171 φησιν.

92 1180 381 1231 πεπαύσεται
419 1182 512 1248 γὰρ
550 1184 777 1246 οὐδαμῶς,
823 1189 1074 1251 παρατενεῖ
1111 1184 1159 1235 δὲ
1199 1190 1388 1248 μᾶλλον
1427 1190 1487 1240 εἰς
1525 1191 1671 1236 αἰῶνα

93 1260 175 1312 τὸν
200 1263 499 1327 ἐνεστηκότα,
525 1267 600 1315 καὶ
631 1266 768 1332 μέχρι
802 1267 977 1320 παντὸς
1014 1266 1244 1330 στήσεται
1283 1266 1336 1317 τὸ
1369 1267 1672 1333 εὐαγγελικόν

93 1364 142 1392 τε
174 1346 248 1394 καὶ
285 1344 519 1410 σωτήριον
550 1346 784 1413 κήρυγμα,
817 1349 964 1398 καίτοι
997 1351 1079 1411 τῆς
1114 1350 1415 1417 ἀρχαιοτέρας
1442 1354 1516 1400 καὶ
1544 1373 1668 1413 νομι-

28 1440 74 1477 15
95 1427 176 1487 κῆς
216 1430 565 1492 παλαιωθείσης
596 1431 802 1492 ἐντολῆς,
843 1432 917 1480 καὶ
955 1430 1008 1481 τὸ
1048 1430 1292 1493 ἄμεμπτον
1331 1433 1413 1482 οὑκ
1451 1432 1666 1499 ἐχούσης,
1688 1452 1887 1483 oHe1›.x-iii.

94 1505 215 1557 καθά
249 1513 400 1575 φησιν
431 1511 455 1559 ὁ
492 1510 772 1578 σοφώτατος
800 1515 1009 1574 Παῦλος,
1041 1515 1115 1563 καὶ
1155 1513 1229 1563 διὰ
1266 1519 1403 1564 τοῦτο
1440 1517 1522 1577 τῆς
1561 1516 1666 1565 δευ-
1734 1506 1780 1535 ¹3¹
1804 1513 1829 1537 ‘'

92 1588 225 1653 τέρας
268 1593 692 1657 εἷσκεκομισμένης,
731 1600 758 1621 “
778 1592 875 1656 ἥτις
918 1596 992 1644 ἐπὶ
1037 1596 1299 1660 κρείττοσιν
1341 1596 1666 1661 ἐπαγγελιάις”
1730 1618 1780 1650 11).
1799 1620 1827 1650 ο.

93 1676 482 1737 νενομοθετῆσθαι
520 1678 719 1740 λέγεται.
784 1678 858 1726 καὶ
899 1682 1013 1742 γοῦν
1053 1679 1077 1728 ὁ
1121 1678 1369 1731 θεσπέσιος
1409 1681 1582 1730 Δαυεὶδ
1621 1681 1669 1729 ἐν

92 1754 315 1816 πνεύματι
363 1757 742 1822 προανακέκραγε
791 1757 945 1823 λέγων
1000 1758 1117 1824 πρὸς
1177 1759 1259 1810 τὸν
1312 1760 1487 1825 Κύριον
1537 1761 1669 1823 ἡμῶν

25 1838 279 1900 2οἸησοῦν
321 1837 403 1888 τὸν
441 1838 655 1903 Χριστόν
698 1839 806 1889 “Ἡ
851 1841 1121 1904 δικαιοσύνη
1166 1864 1257 1893 σου
1296 1843 1566 1906 δικαιοσύνη
1606 1847 1666 1896 εἰς
1727 1863 1822 1913 Pam

1725 1918 1835 1938 CXVIU.

93 1925 121 1946 “
145 1916 227 1968 τὸν
252 1922 407 1981 αἰῶνα,
436 1922 510 1970 καὶ
545 1922 570 1970 ὁ
605 1920 743 1983 νόμος
780 1944 871 1972 σου
910 1921 1148 1986 ἀλήθεια.”
1212 1924 1264 1973 οὐ
1301 1924 1523 1987 μεμένηκε
1558 1924 1664 1990 γὰρ,
1730 1960 1799 1989 ¹42-

93 2002 154 2052 ὡς
186 1999 317 2066 ἔφην,
351 2000 410 2051 τὰ
445 2003 492 2051 ἐν
526 2006 692 2064 σκιαῖς,
731 2002 860 2053 ἀλλὰ
899 2007 973 2054 καὶ
1013 2005 1276 2072 κατεληξαν
1313 2005 1397 2068 μὲν
1435 2010 1477 2056 οἱ
1502 2007 1664 2065 ’τύποι,

92 2081 345 2147 διαπέπηγε
378 2083 425 2133 δὲ
459 2083 518 2133 τὰ
546 2087 782 2150 Χριστοῦ,
813 2087 887 2136 καὶ
921 2085 1059 2154 μέχρι
1092 2085 1267 2140 παντὸς
1292 2086 1345 2138 τὸ
1375 2088 1664 2153 ἀκράδαντον
1682 2105 1708 2144 d

92 2163 196 2230 ἔχει.

26 2318 73 2355 25
152 2312 420 2362 ΣκΗνώματα
446 2313 658 2357 Αἰθιόπων
685 2316 1013 2369 ΠτοΗθιᾸισονται,
1041 2320 1109 2360 καὶ
1135 2319 1285 2361 summi
1312 2323 1382 2365 Γῆς
1408 2318 1598 2368 Μαδιάμ.

223 2409 235 2426 x
450 2411 459 2425 Ι
650 2417 669 2424 Α
925 2413 937 2427 Ι
1077 2417 1087 2431 9
1124 2415 1135 2432 Ι
1310 2415 1331 2433 ,J
1468 2414 1479 2431 Χ
1538 2417 1548 2431 9
1620 2414 1633 2428 l

166 2413 241 2460 Ta
277 2432 572 2478 χρηστοτερα
608 2435 701 2463 των
732 2415 1031 2478 διηγηματων
1060 2438 1130 2466 αει
1170 2439 1270 2469 πως
1301 2438 1392 2483 εχει
1430 2438 1483 2466 το
1522 2415 1658 2484 αξια·

143 2562 170 2584 Ι.
196 2550 292 2587 οὗτος
309 2552 404 2596 prius
422 2565 491 2588 om.
512 2553 554 2588 B.
746 2565 777 2588 2.
803 2555 862 2598 τὴν
879 2556 988 2600 σάρκα
1005 2556 1118 2590 δοῦναι
1136 2557 1206 2590 inv.
1225 2556 1300 2590 ord.
1320 2556 1367 2590 D.
1419 2556 1543 2590 Statim
1562 2557 1664 2592 αὐτοῦ

91 2596 170 2631 add.
190 2597 280 2632 Edd.
296 2598 366 2633 inv.
384 2599 476 2634 B.D.
549 2611 582 2645 3.
607 2601 734 2634 πολλοὶ
752 2601 787 2634 ἐκ
804 2601 924 2636 τούτου
941 2609 974 2636 et
990 2605 1212 2646 περιεπάτουν
1227 2602 1296 2647 μετ’
1315 2603 1417 2636 αὐτοῦ
1434 2603 1504 2636 inv.
1523 2603 1597 2637 ord.
1614 2604 1661 2638 D.

91 2654 125 2688 5.
150 2645 343 2687 προσετίθει
362 2646 408 2680 D.
427 2646 518 2680 Edd.
536 2647 705 2691 προετίθει
724 2648 765 2681 Β.
817 2648 941 2682 Statim
959 2650 977 2682 ὁ
994 2649 1090 2683 addit
1108 2650 1155 2683 D.
1284 2660 1315 2694 7.
1340 2649 1562 2693 προσηπήντα
1580 2651 1662 2694 (Sic)

92 2690 183 2724 Edd.
278 2692 310 2726 8.
336 2693 396 2726 ὠδὶ
414 2694 582 2738 κεκραγὼς
599 2706 661 2739 pro
680 2694 824 2738 διακεκρ.
844 2695 890 2728 D.
989 2707 1001 2728 1
1013 2706 1040 2729 1.
1063 2694 1146 2730 εἶναι’
1161 2698 1270 2740 φησιν
1288 2696 1353 2729 hoc
1375 2695 1449 2729 ord.
1468 2696 1534 2730 a.b.
1553 2698 1663 2741 φησιν

91 2734 173 2770 εἶναι
187 2737 233 2771 D.
250 2738 341 2772 Edd.
360 2737 440 2773 εἶναι
458 2752 527 2774 om.
547 2741 588 2775 B.
687 2752 739 2774 12.
758 2743 936 2784 παρατενεῖ
952 2753 982 2775 a.
1001 2742 1092 2776 Edd.
1111 2744 1299 2787 παρατείνει
1318 2742 1401 2776 D.b.
1419 2745 1601 2786 παραμενεῖ
1618 2743 1661 2778 Β.

96 2793 148 2824 14.
175 2798 211 2817 τε
227 2793 448 2830 assumptum
465 2798 505 2820 ex
525 2787 571 2821 D.
619 2787 839 2832 ἀρχαιότητος
858 2788 936 2831 (Sic)
956 2788 1001 2822 D.
1184 2788 1237 2823 16.
1265 2788 1347 2822 καθά
1366 2788 1408 2822 Β.
1428 2789 1472 2823 ὡς
1489 2789 1536 2824 D.
1556 2790 1663 2826 καθώς

93 2828 184 2863 Edd.
235 2831 330 2866 Haec
348 2834 366 2865 ὁ
384 2835 584 2877 σοφώτατος
601 2841 821 2868 accesserunt
838 2846 878 2867 ex
899 2834 992 2868 B.D.
1138 2836 1189 2869 18.
1213 2835 1509 2880 νενομοθετῆσθαι]
1530 2838 1662 2871 correxi

93 2886 134 2908 ex
153 2875 199 2909 D.
217 2879 506 2921 νενομοθετεῖσθαι
524 2879 615 2914 Edd.
716 2881 837 2922 18—24.
860 2881 954 2914 Haec
972 2881 1025 2915 καὶ
1041 2883 1208 2925 ’γοῦν-τὸ
1226 2882 1430 2925 ἀκράδαντον
1445 2883 1516 2928 ἕχει
1533 2895 1602 2917 om.
1618 2884 1661 2918 B.

98 2931 149 2964 19.
172 2923 439 2970 προανακὲκραγε
458 2926 504 2960 Ι).
522 2928 799 2972 προανεκεκράγει
818 2927 909 2961 Edd.
1068 2939 1122 2963 20.
1150 2930 1206 2963 τὸν
1223 2941 1293 2963 om.
1313 2928 1359 2962 D.
1528 2941 1582 2964 22.
1610 2932 1661 2964 καὶ

94 2975 311 3014 assumptum
328 2983 369 3005 ex
388 2972 433 3007 D.
578 2985 631 3018 23.
658 2973 714 3019 τὰ]
737 2980 770 3014 -†-
789 2974 842 3008 διὰ
862 2974 907 3008 D.
927 2974 1035 3009 invito
1053 2986 1082 3009 a.
1226 2976 1280 3009 26.
1307 2976 1440 3020 χρηστὰ
1459 2976 1505 3011 D.
