1997 3361
92 154 150 194 iii.
176 168 211 208 7.
461 158 532 199 IN
575 159 992 200 SOPIIONIAM.
1052 159 1205 200 ‘1¹OM.
1240 159 1298 199 ΙΙ.
1586 160 1669 197 223

94 265 328 333 Προφήτῃ
355 269 505 335 φησὶν
531 269 556 318 ὁ
580 272 674 318 τῶν
700 268 826 319 ὅλων
852 268 986 331 Θεὸς,
1010 270 1258 334 μονονουχὶ
1284 268 1359 318 καὶ
1385 265 1668 330 ἐπιστυγνά-

91 344 179 411 ζων
214 348 466 400 ἑαλωκόσι·
511 347 764 418 διέφθαρται
804 357 944 402 ποῖα-οι
978 377 999 411 η
1038 352 1287 418 ἑπιφυλλῖς
1326 348 1475 400 αὐτῶν.
1540 347 1588 397 τί
1623 349 1667 397 δ’

91 428 151 480 ἂν
175 430 397 490 βούλοιτο
424 434 498 482 καὶ
523 438 661 483 τοῦτο
688 435 877 497 δηλοῦν,
902 435 1092 499 ἐροῦμεν
1117 435 1178 486 ὡς
1204 432 1281 484 ἔνι.
1340 429 1669 495 πεπορθήκασι

92 510 178 575 τὴν
203 511 470 579 Σαμάρειαν
505 516 580 564 καὶ
607 514 762 580 ἑτέρας
790 515 835 565 δὲ
862 514 978 582 πρὸς
1005 516 1121 583 αὐτῇ
1151 518 1233 578 τῆς
1258 513 1484 566 Ἰουδαίας
1508 510 1670 564 πόλεις

51 610 73 648 5
94 601 187 647 τῶν
219 601 538 658 Βαβυλωνίων
572 602 613 650 οἱ
647 600 876 665 τύραννοι,
910 603 983 651 καὶ
1023 600 1189 651 Φουλά
1226 599 1312 663 μὲν
1348 602 1545 664 πρῶτος,
1572 593 1670 646 εἶτα

94 677 191 741 μετ’
219 679 358 731 αὐτὸν
384 682 408 731 ὁ
437 682 781 747 Σαλμανασᾶρ,
807 685 881 733 καὶ
914 684 1068 747 τρίτος
1099 684 1123 733 ὁ
1151 681 1454 749 Σεναχηρείμ.
1506 678 1669 745 ὥσπερ

93 759 143 811 δὲ
180 763 436 824 ἀμπελῶνα
469 763 799 829 τετρυγηκότες
837 764 1160 830 ἀνεκομίζοντο
1192 763 1338 815 πάλιν
1364 766 1425 816 εἰς
1451 760 1535 825 τὴν
1561 763 1665 812 ἑαυ-

135 847 155 856 „
249 844 258 859 ‚
330 846 339 859 ‚
391 846 400 861 ,
737 851 755 859 Α
958 845 970 859 ,
1121 848 1130 861 ,
1191 845 1203 861 .
1370 844 1382 859 x
1453 845 1462 860 ,
1600 842 1611 857 x

92 865 201 905 των,
236 866 284 893 εν
319 852 498 910 ολιγοις
539 854 784 900 παντελως
823 849 1066 915 λειψανοις
1105 850 1300 914 αφεντες
1337 868 1419 896 τον
1469 848 1668 910 Ισραηλ,
1687 846 1714 886 b

94 927 168 976 καὶ
195 924 292 976 οἷον
317 928 601 996 ἐπιφυλλίδα
626 928 774 993 μόνην
800 930 954 982 αὐτοῖς
990 928 1397 981 καταλελοιπότες.
1464 928 1664 995 ἐπιφυλ-

6 1014 76 1056 ἰο
93 1008 203 1058 λίδα
228 1007 276 1059 δὲ
303 1007 420 1060 εἶναί
444 1015 599 1076 φαμεν
625 1009 685 1061 τὰ
718 1010 860 1076 μικρὰ
896 1015 990 1061 τῶν
1015 1011 1287 1076 βοτρυδίων,
1314 1012 1388 1060 καὶ
1415 1011 1462 1060 ἐν
1488 1011 1671 1074 ὀλίγαις

93 1089 206 1140 ὅντα
239 1092 397 1160 ῥαξὶν,
443 1091 472 1143 ἃ
512 1094 585 1143 καὶ
624 1097 718 1146 τοῖς
759 1093 963 1161 φύλλοις
1002 1093 1333 1159 ἐγκεχωσμένα
1373 1091 1670 1142 διαλανθάνει

92 1174 369 1228 πλειστοίκις
396 1173 478 1225 τὸν
504 1181 586 1225 τοῦ
612 1175 935 1241 συλλέγοντος
961 1173 1229 1243 ὀφθαλμόν.
1291 1174 1370 1224 καί
1391 1197 1432 1224 τι
1459 1173 1668 1224 τοιοῦτόν

95 1257 245 1322 φησιν
293 1255 444 1322 ἕτερος
493 1262 587 1307 τῶν
638 1258 784 1323 ἁγίων
822 1261 1081 1325 προφητῶν
1126 1263 1153 1285 “
1174 1255 1243 1307 Οἵ
1281 1279 1359 1319 μοι
1405 1254 1552 1323 ψυχὴ,
1598 1255 1668 1306 ὅτι

94 1342 123 1364 “
147 1336 368 1403 ἐγενήθην
409 1341 471 1393 ὡς
516 1338 739 1405 συνάγων
779 1338 999 1404 καλάμην
1038 1340 1087 1390 ἐν
1128 1341 1304 1407 ἀμητῷ,
1345 1339 1421 1388 καὶ
1462 1339 1522 1391 ὡς
1562 1338 1664 1388 ἐπι-

28 1438 75 1478 15
96 1425 123 1448 ‘⁵
150 1421 362 1485 φυλλίδα
388 1423 435 1471 ἐν
461 1425 692 1491 τρυγητῷ,
718 1422 804 1489 οὐχ
836 1420 1125 1488 ὑπάρχοντος
1151 1419 1349 1487 βότρυος
1380 1425 1462 1471 τοῦ
1499 1424 1669 1487 φαγεῖν

95 1507 123 1530 “
149 1501 207 1552 τὰ
238 1503 558 1570 πρωτόγονα.”
618 1505 784 1555 οὐκοῦν
814 1503 1127 1570 τετρυγήκασι
1152 1502 1236 1565 μὲν
1262 1504 1434 1565 ἐκεῖνοι,
1461 1502 1664 1570 ἀφιγμέ-
1686 1522 1707 1548 c

95 1605 173 1637 νος
210 1583 258 1635 δὲ
295 1585 393 1648 μετ’
421 1585 586 1640 αὐτοὺς
620 1587 645 1637 ὁ
678 1584 1121 1653 Ναβουχοδονόσορ,
1154 1588 1229 1636 καὶ
1263 1583 1406 1649 αὐτὴν
1441 1585 1669 1653 διέφθειρε

95 1664 181 1729 τὴν
227 1671 520 1736 ἑπιφυλλιδα,
559 1670 633 1718 καὶ
673 1667 728 1719 τὸ
771 1666 927 1735 βραχὺ
967 1674 1049 1718 τοῦ
1088 1665 1288 1732 Ἰσραὴλ
1333 1666 1671 1732 ἀποτρυγήσας

97 1749 342 1816 λείψανον,
379 1750 536 1801 οἴκαδέ
568 1773 618 1801 τε
657 1750 819 1813 ἀνέθει,
861 1752 935 1801 καὶ
979 1748 1167 1801 διετέλει
1208 1749 1665 1817 μεγαλαυχούμενος.

29 1855 79 1880 20
97 1833 172 1881 καὶ
212 1837 327 1896 γοῦν
368 1833 393 1882 ὁ
434 1831 681 1900 προφήτης
722 1833 942 1898 Ἱερεμίας
981 1833 1196 1882 ἀλοῦσαν
1233 1831 1319 1895 τὴν
1356 1830 1671 1897 Ἰερουσαλὴμ

97 1914 377 1980 κατεθρήνει,
409 1915 564 1979 λέγων
593 1916 698 1980 περὶ
736 1919 830 1964 τῶν
867 1912 1182 1980 ἠρημωκότων
1221 1920 1247 1944 “
1269 1913 1498 1965 Εἶσὲλθοι
1534 1917 1672 1964 πᾶσα

96 2002 125 2024 “
149 1995 177 2059 ἡ
204 1997 340 2046 κακία
374 1997 527 2046 αὐτῶν
560 1995 678 2046 κατὰ
710 1995 971 2062 πρόσωπόν
996 2019 1101 2059 σου,
1128 1997 1203 2046 καὶ
1235 1996 1556 2065 ἐπιφύλλισον
1582 1996 1665 2045 αὐ-

98 2083 125 2106 “
147 2082 243 2132 τοῖς
269 2076 322 2128 ὃν
344 2076 520 2144 τρόπον
544 2077 872 2146 ἐπεφύλλισάν
902 2079 1024 2142 μοι·”
1077 2080 1152 2129 καὶ
1185 2078 1333 2130 πάλιν
1358 2086 1385 2108 “
1402 2076 1499 2129 Ἴδε
1528 2077 1670 2144 Κύριε

98 2166 126 2189 “
151 2161 226 2211 καὶ
279 2161 546 2228 ἐπίβλεψον
597 2159 684 2211 τίνι
746 2160 1074 2227 ἐπεφύλλισας
1130 2162 1289 2215 οὕτως.
1349 2164 1386 2211 εἰ
1438 2160 1717 2228 φάγονταιᾱ

32 2244 80 2283 ²5
100 2249 126 2272 ‘⁶
151 2247 361 2307 γυναῖκες
386 2242 566 2307 καρπὸν
597 2241 774 2295 κοιλίας
805 2242 992 2304 αὐτῶνς
1037 2243 1328 2312 ἐπιφυλλίδα
1353 2243 1544 2306 ἐποίησε
1575 2240 1667 2306 μοί-

98 2330 126 2354 66
321 2326 344 2341 ’³

153 2347 316 2391 γειρος.

163 2404 321 2457 “Όταν
352 2407 507 2458 τοίνυν
537 2405 899 2473 παροτρύνωμεν
932 2405 1015 2456 τὸν
1049 2405 1187 2468 Θεὸν,
1226 2404 1330 2457 τότε
1368 2408 1443 2456 καὶ
1482 2403 1672 2469 ἁπάσης

99 2489 356 2556 ἐπικουρίας
397 2489 693 2556 ἐστερημένοι
733 2489 809 2539 καὶ
849 2490 1035 2557 φειδοῦς
1071 2486 1490 2553 ἀπογυμνούμενοι,
1526 2490 1667 2552 δοθη-

146 2699 179 2729 4.
204 2687 243 2730 δὴ
261 2699 323 2732 pro
340 2687 376 2721 δὲ
395 2687 487 2722 Edd.
769 2695 801 2729 5.
827 2684 958 2732 Φουλὰ]
980 2685 1036 2720 Sic
1054 2684 1145 2720 edidi
1163 2685 1222 2731 (ut
1240 2697 1345 2730 supra
1362 2685 1461 2730 391).
1479 2684 1611 2722 Φούλας
1629 2685 1672 2721 Β.

101 2735 214 2767 Φουλᾶ
230 2734 265 2769 b.
283 2737 397 2768 Φοῦλα
416 2734 508 2769 Edd.
603 2733 636 2769 6.
660 2733 745 2779 μετὰ
762 2735 881 2768 τοῦτον
897 2733 931 2767 b.
980 2734 998 2766 ὁ
1016 2733 1113 2777 prius
1130 2744 1200 2766 om.
1219 2732 1255 2767 b.
1304 2734 1322 2766 ὁ
1339 2733 1397 2765 alt.
1418 2732 1561 2766 accessit
1578 2744 1620 2766 ex
1637 2732 1672 2768 b.

103 2790 134 2824 7.
159 2781 283 2815 ἑαυτῶν
297 2781 376 2815 B.b.
393 2782 501 2816 αὐτῶν
519 2780 610 2815 Edd.
729 2792 761 2826 9,
788 2780 974 2825 ἐπιφυλίδα
990 2779 1121 2824 passim
1139 2779 1183 2813 B.
1309 2789 1362 2813 10.
1385 2779 1574 2823 βοτρυδίων
1592 2778 1672 2814 B.b.

101 2825 253 2871 βοτρύων
271 2827 362 2862 Edd.
600 2838 654 2862 11.
679 2826 781 2873 ῥωξὶν
798 2827 833 2860 b.
880 2825 1005 2871 φύλοις
1023 2825 1112 2870 (Sic)
1133 2825 1176 2860 Β.
1377 2836 1430 2859 12.
1454 2826 1620 2861 πολλάκις
1636 2825 1672 2861 b.

104 2883 159 2906 22.
184 2873 236 2907 καὶ
253 2885 322 2908 om.
340 2874 434 2909 Aub.
454 2875 517 2909 sol.
567 2874 679 2909 αὐτοῖς
697 2874 777 2908 B.b.
796 2872 928 2918 (A.V.)
947 2873 1065 2908 αὐτοὺς
1083 2872 1174 2908 Edd.
1195 2871 1426 2918 (Frid·Aug.)
1537 2882 1592 2917 23.
1616 2886 1674 2915 μοι

105 2918 183 2953 B.b.
202 2919 302 2963 (XII.
320 2931 374 2967 23-
393 2922 451 2965 al.)
468 2936 509 2966 με
528 2920 620 2956 Edd.
640 2921 712 2965 (ἐμέ
732 2932 787 2961 22,
805 2919 862 2966 36,
880 2919 938 2965 96,
958 2921 1051 2965 231.)
1360 2928 1417 2964 25.
1443 2917 1671 2965 ἐπιφυλλίδα]

108 2965 201 3005 -ι-δὲ
221 2966 262 3001 Β.

1730 1257 1832 1308 Mjch.

1729 1312 1782 1332 vu.
1807 1310 1833 1333 1.

1730 1921 1852 1952 Threni

1730 1965 1751 1995 i.
1773 1974 1822 1996 22.

1731 2088 1782 2120 Ib.
1800 2089 1834 2121 ii.

1732 2142 1784 2164 20.
