<?xml version="1.0" encoding="UTF-8"?>
<!DOCTYPE html PUBLIC "-//W3C//DTD XHTML 1.0 Transitional//EN"
    "http://www.w3.org/TR/xhtml1/DTD/xhtml1-transitional.dtd">
<html xmlns="http://www.w3.org/1999/xhtml" xml:lang="en" lang="en">
 <head>
  <title>
</title>
<meta http-equiv="Content-Type" content="text/html;charset=utf-8" />
  <meta name='ocr-system' content='tesseract 3.04.00' />
  <meta name='ocr-capabilities' content='ocr_page ocr_carea ocr_par ocr_line ocrx_word'/>
</head>
<body>
  <div class='ocr_page' id='page_1' title='image "./operacyrilli02cyriuoft/operacyrilli02cyriuoft_0659.png"; bbox 0 0 2049 3366; ppageno 0'>
   <div class='ocr_carea' id='block_1_1' title="bbox 138 200 387 227">
    <p class='ocr_par' dir='ltr' id='par_1_1' title="bbox 138 200 387 227">
     <span class='ocr_line' id='line_1_1' title="bbox 138 200 387 227; baseline 0.016 -4"><span class='ocrx_word' id='word_1_1' title='bbox 138 200 387 227; x_wconf 73' lang='lat' dir='ltr'>(¹HR18T1AN1.</span> 
     </span>
    </p>
   </div>
   <div class='ocr_carea' id='block_1_2' title="bbox 123 308 895 2421">
    <p class='ocr_par' dir='ltr' id='par_1_2' title="bbox 134 308 893 412">
     <span class='ocr_line' id='line_1_2' title="bbox 134 308 893 361; baseline 0.008 -18"><span class='ocrx_word' id='word_1_2' title='bbox 134 308 258 344; x_wconf 80' lang='lat' dir='ltr'>Catuli</span> <span class='ocrx_word' id='word_1_3' title='bbox 288 310 451 350; x_wconf 88' lang='lat' dir='ltr'>leonum.</span> <span class='ocrx_word' id='word_1_4' title='bbox 480 323 547 358; x_wconf 91' lang='lat' dir='ltr'>pro</span> <span class='ocrx_word' id='word_1_5' title='bbox 578 311 746 360; x_wconf 84' lang='lat' dir='ltr'>Satrupis</span> <span class='ocrx_word' id='word_1_6' title='bbox 776 313 893 361; x_wconf 82' lang='lat' dir='ltr'>Assy-</span> 
     </span>
     <span class='ocr_line' id='line_1_3' title="bbox 187 373 574 412; baseline 0.01 -4"><span class='ocrx_word' id='word_1_7' title='bbox 187 373 262 410; x_wconf 85' lang='lat' dir='ltr'>riae</span> <span class='ocrx_word' id='word_1_8' title='bbox 283 374 421 410; x_wconf 86' lang='lat' dir='ltr'>dictum</span> <span class='ocrx_word' id='word_1_9' title='bbox 444 378 520 412; x_wconf 86' lang='lat'>502</span> <span class='ocrx_word' id='word_1_10' title='bbox 543 388 574 412; x_wconf 88' lang='lat' dir='ltr'>c.</span> 
     </span>
    </p>

    <p class='ocr_par' dir='ltr' id='par_1_3' title="bbox 133 436 893 541">
     <span class='ocr_line' id='line_1_4' title="bbox 133 436 893 489; baseline 0.009 -18"><span class='ocrx_word' id='word_1_11' title='bbox 133 436 297 479; x_wconf 81' lang='lat' dir='ltr'>cedron,</span> <span class='ocrx_word' id='word_1_12' title='bbox 347 439 499 482; x_wconf 87' lang='lat' dir='ltr'>rivulus,</span> <span class='ocrx_word' id='word_1_13' title='bbox 539 439 680 489; x_wconf 81' lang='lat' dir='ltr'>Cyrillo</span> <span class='ocrx_word' id='word_1_14' title='bbox 728 446 893 484; x_wconf 84' lang='lat' dir='ltr'>auctore,</span> 
     </span>
     <span class='ocr_line' id='line_1_5' title="bbox 187 501 671 541; baseline 0.014 -6"><span class='ocrx_word' id='word_1_15' title='bbox 187 501 287 537; x_wconf 86' lang='lat' dir='ltr'>rivus</span> <span class='ocrx_word' id='word_1_16' title='bbox 309 502 516 540; x_wconf 66' lang='lat' dir='ltr'>Oedi-orum</span> <span class='ocrx_word' id='word_1_17' title='bbox 537 507 612 541; x_wconf 82' lang='grc'>244</span> <span class='ocrx_word' id='word_1_18' title='bbox 635 505 671 541; x_wconf 92' lang='lat' dir='ltr'>b.</span> 
     </span>
    </p>

    <p class='ocr_par' dir='ltr' id='par_1_4' title="bbox 132 564 895 925">
     <span class='ocr_line' id='line_1_6' title="bbox 132 564 895 616; baseline 0.009 -17"><span class='ocrx_word' id='word_1_19' title='bbox 132 564 278 601; x_wconf 90' lang='lat' dir='ltr'>Cedrus</span> <span class='ocrx_word' id='word_1_20' title='bbox 312 567 456 608; x_wconf 79' lang='lat' dir='ltr'>Libani,</span> <span class='ocrx_word' id='word_1_21' title='bbox 489 569 696 616; x_wconf 78' lang='lat' dir='ltr'><strong>splendoris</strong></span> <span class='ocrx_word' id='word_1_22' title='bbox 730 570 895 606; x_wconf 85' lang='lat' dir='ltr'>saecula-</span> 
     </span>
     <span class='ocr_line' id='line_1_7' title="bbox 185 630 894 679; baseline 0.01 -15"><span class='ocrx_word' id='word_1_23' title='bbox 185 630 235 665; x_wconf 88' lang='lat' dir='ltr'>ris</span> <span class='ocrx_word' id='word_1_24' title='bbox 268 637 379 678; x_wconf 77' lang='lat' dir='ltr'>typus</span> <span class='ocrx_word' id='word_1_25' title='bbox 414 634 490 669; x_wconf 86' lang='grc'>483</span> <span class='ocrx_word' id='word_1_26' title='bbox 525 646 565 679; x_wconf 85' lang='lat' dir='ltr'>c;</span> <span class='ocrx_word' id='word_1_27' title='bbox 609 635 697 670; x_wconf 88' lang='lat' dir='ltr'>item</span> <span class='ocrx_word' id='word_1_28' title='bbox 738 635 894 671; x_wconf 82' lang='lat' dir='ltr'>Sancto-</span> 
     </span>
     <span class='ocr_line' id='line_1_8' title="bbox 184 699 891 746; baseline 0.01 -18"><span class='ocrx_word' id='word_1_29' title='bbox 184 707 265 729; x_wconf 89' lang='lat' dir='ltr'>rum</span> <span class='ocrx_word' id='word_1_30' title='bbox 288 708 447 743; x_wconf 88' lang='lat' dir='ltr'>superna</span> <span class='ocrx_word' id='word_1_31' title='bbox 474 699 721 746; x_wconf 82' lang='lat' dir='ltr'>cogitantium</span> <span class='ocrx_word' id='word_1_32' title='bbox 744 702 820 735; x_wconf 91' lang='grc'>545</span> <span class='ocrx_word' id='word_1_33' title='bbox 846 699 891 745; x_wconf 84' lang='grc'>1);</span> 
     </span>
     <span class='ocr_line' id='line_1_9' title="bbox 186 760 890 809; baseline 0.009 -15"><span class='ocrx_word' id='word_1_34' title='bbox 186 761 261 795; x_wconf 90' lang='grc'>753</span> <span class='ocrx_word' id='word_1_35' title='bbox 290 772 331 805; x_wconf 86' lang='lat' dir='ltr'>c;</span> <span class='ocrx_word' id='word_1_36' title='bbox 363 760 451 797; x_wconf 90' lang='lat' dir='ltr'>item</span> <span class='ocrx_word' id='word_1_37' title='bbox 483 763 720 799; x_wconf 82' lang='lat' dir='ltr'>sacerdotum</span> <span class='ocrx_word' id='word_1_38' title='bbox 752 766 828 799; x_wconf 87' lang='lat'>545</span> <span class='ocrx_word' id='word_1_39' title='bbox 850 776 890 809; x_wconf 89' lang='lat' dir='ltr'>c;</span> 
     </span>
     <span class='ocr_line' id='line_1_10' title="bbox 185 825 892 876; baseline 0.008 -18"><span class='ocrx_word' id='word_1_40' title='bbox 185 825 261 859; x_wconf 88' lang='lat'>755</span> <span class='ocrx_word' id='word_1_41' title='bbox 320 825 365 869; x_wconf 89' lang='lat' dir='ltr'>b;</span> <span class='ocrx_word' id='word_1_42' title='bbox 424 839 492 874; x_wconf 88' lang='lat' dir='ltr'>pro</span> <span class='ocrx_word' id='word_1_43' title='bbox 541 827 686 864; x_wconf 73' lang='lat' dir='ltr'>,Iudaea</span> <span class='ocrx_word' id='word_1_44' title='bbox 741 829 892 876; x_wconf 91' lang='lat' dir='ltr'>ponitur</span> 
     </span>
     <span class='ocr_line' id='line_1_11' title="bbox 185 889 352 925; baseline 0.012 -2"><span class='ocrx_word' id='word_1_45' title='bbox 185 890 260 923; x_wconf 88' lang='grc'>785</span> <span class='ocrx_word' id='word_1_46' title='bbox 283 889 306 923; x_wconf 93' lang='lat' dir='ltr'>b</span> <span class='ocrx_word' id='word_1_47' title='bbox 322 901 352 925; x_wconf 89' lang='lat' dir='ltr'>c.</span> 
     </span>
    </p>

    <p class='ocr_par' dir='ltr' id='par_1_5' title="bbox 129 951 891 1120">
     <span class='ocr_line' id='line_1_12' title="bbox 129 951 891 998; baseline 0.008 -12"><span class='ocrx_word' id='word_1_48' title='bbox 129 951 336 996; x_wconf 75' lang='lat' dir='ltr'>Clialanne‚</span> <span class='ocrx_word' id='word_1_49' title='bbox 358 955 446 990; x_wconf 86' lang='lat' dir='ltr'>urbs</span> <span class='ocrx_word' id='word_1_50' title='bbox 468 954 683 998; x_wconf 78' lang='lat' dir='ltr'><strong>Persarum,</strong></span> <span class='ocrx_word' id='word_1_51' title='bbox 709 957 745 992; x_wconf 93' lang='lat' dir='ltr'>in</span> <span class='ocrx_word' id='word_1_52' title='bbox 772 957 891 992; x_wconf 90' lang='lat' dir='ltr'>Amos</span> 
     </span>
     <span class='ocr_line' id='line_1_13' title="bbox 183 1017 887 1057; baseline 0.007 -5"><span class='ocrx_word' id='word_1_53' title='bbox 183 1017 230 1053; x_wconf 89' lang='lat' dir='ltr'>vi.</span> <span class='ocrx_word' id='word_1_54' title='bbox 256 1019 290 1053; x_wconf 91' lang='lat'>2.</span> <span class='ocrx_word' id='word_1_55' title='bbox 312 1019 516 1055; x_wconf 88' lang='lat' dir='ltr'>secundum</span> <span class='ocrx_word' id='word_1_56' title='bbox 545 1020 742 1056; x_wconf 86' lang='lat' dir='ltr'>Hebraeos</span> <span class='ocrx_word' id='word_1_57' title='bbox 769 1022 887 1057; x_wconf 87' lang='lat' dir='ltr'>nomi-</span> 
     </span>
     <span class='ocr_line' id='line_1_14' title="bbox 182 1084 424 1120; baseline 0.017 -4"><span class='ocrx_word' id='word_1_58' title='bbox 182 1087 270 1117; x_wconf 86' lang='lat' dir='ltr'>nata</span> <span class='ocrx_word' id='word_1_59' title='bbox 292 1084 368 1120; x_wconf 88' lang='lat'>313</span> <span class='ocrx_word' id='word_1_60' title='bbox 389 1084 424 1119; x_wconf 94' lang='lat' dir='ltr'>b.</span> 
     </span>
    </p>

    <p class='ocr_par' dir='ltr' id='par_1_6' title="bbox 128 1144 889 1248">
     <span class='ocr_line' id='line_1_15' title="bbox 128 1144 889 1198; baseline 0.007 -18"><span class='ocrx_word' id='word_1_61' title='bbox 128 1144 330 1188; x_wconf 83' lang='lat' dir='ltr'>Chaldaea,</span> <span class='ocrx_word' id='word_1_62' title='bbox 383 1161 496 1195; x_wconf 86' lang='lat' dir='ltr'>quare</span> <span class='ocrx_word' id='word_1_63' title='bbox 548 1155 648 1185; x_wconf 82' lang='lat' dir='ltr'>terra</span> <span class='ocrx_word' id='word_1_64' title='bbox 696 1150 889 1198; x_wconf 86' lang='lat' dir='ltr'>Aquilonis</span> 
     </span>
     <span class='ocr_line' id='line_1_16' title="bbox 182 1210 456 1248; baseline 0.011 -3"><span class='ocrx_word' id='word_1_65' title='bbox 182 1210 326 1247; x_wconf 87' lang='lat' dir='ltr'>dicatur</span> <span class='ocrx_word' id='word_1_66' title='bbox 348 1214 398 1248; x_wconf 90' lang='grc'>66</span> <span class='ocrx_word' id='word_1_67' title='bbox 421 1213 456 1248; x_wconf 91' lang='lat' dir='ltr'>d.</span> 
     </span>
    </p>

    <p class='ocr_par' dir='ltr' id='par_1_7' title="bbox 127 1273 887 1710">
     <span class='ocr_line' id='line_1_17' title="bbox 127 1273 886 1324; baseline 0.008 -15"><span class='ocrx_word' id='word_1_68' title='bbox 127 1273 320 1317; x_wconf 79' lang='lat' dir='ltr'><strong>Chaldaei,</strong></span> <span class='ocrx_word' id='word_1_69' title='bbox 342 1283 496 1324; x_wconf 87' lang='lat' dir='ltr'>propter</span> <span class='ocrx_word' id='word_1_70' title='bbox 515 1277 788 1314; x_wconf 80' lang='lat' dir='ltr'>immanitatem</span> <span class='ocrx_word' id='word_1_71' title='bbox 808 1279 886 1315; x_wconf 92' lang='lat' dir='ltr'>bel-</span> 
     </span>
     <span class='ocr_line' id='line_1_18' title="bbox 180 1339 886 1392; baseline 0.008 -18"><span class='ocrx_word' id='word_1_72' title='bbox 180 1339 251 1375; x_wconf 85' lang='lat' dir='ltr'><strong>luis</strong></span> <span class='ocrx_word' id='word_1_73' title='bbox 299 1342 506 1389; x_wconf 86' lang='lat' dir='ltr'>comparati</span> <span class='ocrx_word' id='word_1_74' title='bbox 553 1344 631 1379; x_wconf 89' lang='lat'>540</span> <span class='ocrx_word' id='word_1_75' title='bbox 670 1343 718 1388; x_wconf 81' lang='lat' dir='ltr'>d3</span> <span class='ocrx_word' id='word_1_76' title='bbox 777 1356 886 1392; x_wconf 82' lang='lat' dir='ltr'>quam</span> 
     </span>
     <span class='ocr_line' id='line_1_19' title="bbox 180 1404 887 1456; baseline 0.007 -17"><span class='ocrx_word' id='word_1_77' title='bbox 180 1404 339 1451; x_wconf 83' lang='lat' dir='ltr'>gloriam</span> <span class='ocrx_word' id='word_1_78' title='bbox 368 1406 542 1453; x_wconf 88' lang='lat' dir='ltr'>primum,</span> <span class='ocrx_word' id='word_1_79' title='bbox 572 1420 682 1454; x_wconf 87' lang='lat' dir='ltr'>quam</span> <span class='ocrx_word' id='word_1_80' title='bbox 712 1408 887 1456; x_wconf 81' lang='lat' dir='ltr'>deinceps</span> 
     </span>
     <span class='ocr_line' id='line_1_20' title="bbox 180 1469 885 1519; baseline 0.007 -16"><span class='ocrx_word' id='word_1_81' title='bbox 180 1469 381 1511; x_wconf 85' lang='lat' dir='ltr'>miseriam,</span> <span class='ocrx_word' id='word_1_82' title='bbox 420 1471 564 1518; x_wconf 82' lang='lat' dir='ltr'>experti</span> <span class='ocrx_word' id='word_1_83' title='bbox 612 1471 686 1508; x_wconf 87' lang='lat' dir='ltr'>sint</span> <span class='ocrx_word' id='word_1_84' title='bbox 732 1475 806 1508; x_wconf 84' lang='grc'>541</span> <span class='ocrx_word' id='word_1_85' title='bbox 845 1486 885 1519; x_wconf 77' lang='lat' dir='ltr'>e3</span> 
     </span>
     <span class='ocr_line' id='line_1_21' title="bbox 181 1534 339 1580; baseline 0.006 -12"><span class='ocrx_word' id='word_1_86' title='bbox 181 1535 256 1569; x_wconf 85' lang='lat'>542</span> <span class='ocrx_word' id='word_1_87' title='bbox 296 1534 339 1580; x_wconf 77' lang='lat' dir='ltr'>b3</span> 
     </span>
     <span class='ocr_line' id='line_1_22' title="bbox 183 1600 885 1648; baseline 0.006 -14"><span class='ocrx_word' id='word_1_88' title='bbox 183 1600 255 1634; x_wconf 88' lang='grc'>701</span> <span class='ocrx_word' id='word_1_89' title='bbox 280 1611 320 1644; x_wconf 82' lang='grc' dir='ltr'>ο;</span> <span class='ocrx_word' id='word_1_90' title='bbox 356 1602 430 1636; x_wconf 91' lang='grc'>702</span> <span class='ocrx_word' id='word_1_91' title='bbox 453 1613 494 1645; x_wconf 84' lang='lat' dir='ltr'>c;</span> <span class='ocrx_word' id='word_1_92' title='bbox 528 1613 669 1648; x_wconf 86' lang='lat' dir='ltr'>poenas</span> <span class='ocrx_word' id='word_1_93' title='bbox 690 1602 885 1644; x_wconf 86' lang='lat' dir='ltr'>dederunt,</span> 
     </span>
     <span class='ocr_line' id='line_1_23' title="bbox 179 1661 628 1710; baseline 0.011 -13"><span class='ocrx_word' id='word_1_94' title='bbox 179 1661 280 1710; x_wconf 90' lang='lat' dir='ltr'>Cyro</span> <span class='ocrx_word' id='word_1_95' title='bbox 301 1670 472 1701; x_wconf 85' lang='lat' dir='ltr'>vastante</span> <span class='ocrx_word' id='word_1_96' title='bbox 495 1667 570 1702; x_wconf 89' lang='lat'>703</span> <span class='ocrx_word' id='word_1_97' title='bbox 592 1666 628 1702; x_wconf 89' lang='lat' dir='ltr'>b.</span> 
     </span>
    </p>

    <p class='ocr_par' dir='ltr' id='par_1_8' title="bbox 126 1726 884 1828">
     <span class='ocr_line' id='line_1_24' title="bbox 126 1726 884 1776; baseline 0.005 -14"><span class='ocrx_word' id='word_1_98' title='bbox 126 1726 452 1771; x_wconf 79' lang='lat' dir='ltr'>chamaeleontes,</span> <span class='ocrx_word' id='word_1_99' title='bbox 471 1735 727 1766; x_wconf 83' lang='lat' dir='ltr'>memorantur</span> <span class='ocrx_word' id='word_1_100' title='bbox 744 1732 820 1768; x_wconf 87' lang='lat'>602</span> <span class='ocrx_word' id='word_1_101' title='bbox 840 1731 884 1776; x_wconf 88' lang='lat' dir='ltr'>d;</span> 
     </span>
     <span class='ocr_line' id='line_1_25' title="bbox 180 1793 317 1828; baseline 0 0"><span class='ocrx_word' id='word_1_102' title='bbox 180 1794 257 1828; x_wconf 89' lang='lat'>603</span> <span class='ocrx_word' id='word_1_103' title='bbox 281 1793 317 1828; x_wconf 91' lang='lat' dir='ltr'>b.</span> 
     </span>
    </p>

    <p class='ocr_par' dir='ltr' id='par_1_9' title="bbox 125 1856 885 2152">
     <span class='ocr_line' id='line_1_26' title="bbox 125 1856 885 1898; baseline 0.004 -7"><span class='ocrx_word' id='word_1_104' title='bbox 125 1856 317 1898; x_wconf 84' lang='lat' dir='ltr'>Chanaan,</span> <span class='ocrx_word' id='word_1_105' title='bbox 356 1857 378 1893; x_wconf 86' lang='lat' dir='ltr'>i.</span> <span class='ocrx_word' id='word_1_106' title='bbox 393 1870 424 1893; x_wconf 92' lang='lat' dir='ltr'>e.</span> <span class='ocrx_word' id='word_1_107' title='bbox 459 1858 717 1895; x_wconf 87' lang='lat' dir='ltr'>Chanaanaeis</span> <span class='ocrx_word' id='word_1_108' title='bbox 757 1859 885 1895; x_wconf 87' lang='lat' dir='ltr'>similis</span> 
     </span>
     <span class='ocr_line' id='line_1_27' title="bbox 182 1921 536 1967; baseline 0.006 -11"><span class='ocrx_word' id='word_1_109' title='bbox 182 1922 257 1956; x_wconf 87' lang='lat'>173</span> <span class='ocrx_word' id='word_1_110' title='bbox 290 1921 335 1967; x_wconf 89' lang='lat' dir='ltr'>b;</span> <span class='ocrx_word' id='word_1_111' title='bbox 384 1925 457 1958; x_wconf 89' lang='lat'>174</span> <span class='ocrx_word' id='word_1_112' title='bbox 494 1935 516 1957; x_wconf 87' lang='lat' dir='ltr'>a</span> <span class='ocrx_word' id='word_1_113' title='bbox 528 1935 536 1967; x_wconf 90' lang='lat'>;</span> 
     </span>
     <span class='ocr_line' id='line_1_28' title="bbox 179 1985 881 2033; baseline 0.004 -13"><span class='ocrx_word' id='word_1_114' title='bbox 179 1985 453 2022; x_wconf 78' lang='lat' dir='ltr'>misericordiae</span> <span class='ocrx_word' id='word_1_115' title='bbox 478 1989 551 2023; x_wconf 89' lang='lat'>174</span> <span class='ocrx_word' id='word_1_116' title='bbox 573 1987 618 2033; x_wconf 89' lang='lat' dir='ltr'>b;</span> <span class='ocrx_word' id='word_1_117' title='bbox 650 1994 770 2023; x_wconf 87' lang='lat' dir='ltr'>terrae</span> <span class='ocrx_word' id='word_1_118' title='bbox 800 2000 881 2024; x_wconf 88' lang='lat' dir='ltr'>cae-</span> 
     </span>
     <span class='ocr_line' id='line_1_29' title="bbox 177 2049 882 2100; baseline 0.006 -16"><span class='ocrx_word' id='word_1_119' title='bbox 177 2049 282 2085; x_wconf 88' lang='lat' dir='ltr'>lestis</span> <span class='ocrx_word' id='word_1_120' title='bbox 311 2055 422 2098; x_wconf 84' lang='lat' dir='ltr'>typus</span> <span class='ocrx_word' id='word_1_121' title='bbox 451 2053 528 2088; x_wconf 94' lang='lat'>469</span> <span class='ocrx_word' id='word_1_122' title='bbox 551 2064 592 2097; x_wconf 87' lang='lat' dir='ltr'>c;</span> <span class='ocrx_word' id='word_1_123' title='bbox 627 2064 695 2100; x_wconf 90' lang='lat' dir='ltr'>pro</span> <span class='ocrx_word' id='word_1_124' title='bbox 726 2052 882 2089; x_wconf 77' lang='lat' dir='ltr'>Phaeni-</span> 
     </span>
     <span class='ocr_line' id='line_1_30' title="bbox 177 2113 596 2152; baseline 0.007 -3"><span class='ocrx_word' id='word_1_125' title='bbox 177 2113 282 2150; x_wconf 88' lang='lat' dir='ltr'>cibus</span> <span class='ocrx_word' id='word_1_126' title='bbox 302 2115 441 2150; x_wconf 89' lang='lat' dir='ltr'>dictum</span> <span class='ocrx_word' id='word_1_127' title='bbox 465 2118 541 2152; x_wconf 85' lang='lat'>596</span> <span class='ocrx_word' id='word_1_128' title='bbox 563 2128 596 2152; x_wconf 88' lang='lat' dir='ltr'>e.</span> 
     </span>
    </p>

    <p class='ocr_par' dir='ltr' id='par_1_10' title="bbox 123 2177 883 2421">
     <span class='ocr_line' id='line_1_31' title="bbox 123 2177 883 2229; baseline 0.004 -16"><span class='ocrx_word' id='word_1_129' title='bbox 123 2177 352 2220; x_wconf 85' lang='lat' dir='ltr'>Chananaei‚</span> <span class='ocrx_word' id='word_1_130' title='bbox 375 2192 484 2226; x_wconf 89' lang='lat' dir='ltr'>quam</span> <span class='ocrx_word' id='word_1_131' title='bbox 505 2180 643 2216; x_wconf 88' lang='lat' dir='ltr'>multae</span> <span class='ocrx_word' id='word_1_132' title='bbox 663 2185 796 2229; x_wconf 81' lang='lat' dir='ltr'>gentes</span> <span class='ocrx_word' id='word_1_133' title='bbox 817 2193 883 2229; x_wconf 87' lang='lat' dir='ltr'>pro</span> 
     </span>
     <span class='ocr_line' id='line_1_32' title="bbox 177 2243 883 2293; baseline 0.004 -15"><span class='ocrx_word' id='word_1_134' title='bbox 177 2243 293 2279; x_wconf 85' lang='lat' dir='ltr'>Israel</span> <span class='ocrx_word' id='word_1_135' title='bbox 322 2244 538 2280; x_wconf 88' lang='lat' dir='ltr'>ceciderunt</span> <span class='ocrx_word' id='word_1_136' title='bbox 565 2246 642 2280; x_wconf 86' lang='lat'>522</span> <span class='ocrx_word' id='word_1_137' title='bbox 678 2245 722 2291; x_wconf 85' lang='lat' dir='ltr'>b;</span> <span class='ocrx_word' id='word_1_138' title='bbox 757 2245 883 2293; x_wconf 86' lang='lat' dir='ltr'>probri</span> 
     </span>
     <span class='ocr_line' id='line_1_33' title="bbox 176 2307 882 2354; baseline 0.004 -12"><span class='ocrx_word' id='word_1_139' title='bbox 176 2307 272 2351; x_wconf 89' lang='lat' dir='ltr'>loco,</span> <span class='ocrx_word' id='word_1_140' title='bbox 302 2308 348 2344; x_wconf 92' lang='lat' dir='ltr'>de</span> <span class='ocrx_word' id='word_1_141' title='bbox 380 2308 532 2344; x_wconf 87' lang='lat' dir='ltr'>Judaeis</span> <span class='ocrx_word' id='word_1_142' title='bbox 563 2309 701 2345; x_wconf 90' lang='lat' dir='ltr'>dictum</span> <span class='ocrx_word' id='word_1_143' title='bbox 733 2311 808 2345; x_wconf 87' lang='lat'>588</span> <span class='ocrx_word' id='word_1_144' title='bbox 840 2322 882 2354; x_wconf 85' lang='lat' dir='ltr'>a;</span> 
     </span>
     <span class='ocr_line' id='line_1_34' title="bbox 176 2372 882 2421; baseline 0.003 -14"><span class='ocrx_word' id='word_1_145' title='bbox 176 2372 273 2407; x_wconf 87' lang='lat' dir='ltr'>inter</span> <span class='ocrx_word' id='word_1_146' title='bbox 286 2385 350 2408; x_wconf 92' lang='lat' dir='ltr'>eos</span> <span class='ocrx_word' id='word_1_147' title='bbox 362 2385 479 2420; x_wconf 89' lang='lat' dir='ltr'>usque</span> <span class='ocrx_word' id='word_1_148' title='bbox 494 2373 542 2408; x_wconf 89' lang='lat' dir='ltr'>ad</span> <span class='ocrx_word' id='word_1_149' title='bbox 558 2373 687 2421; x_wconf 89' lang='lat' dir='ltr'>Cyrilli</span> <span class='ocrx_word' id='word_1_150' title='bbox 702 2378 882 2420; x_wconf 75' lang='lat' dir='ltr'>tempora,</span> 
     </span>
    </p>
   </div>
   <div class='ocr_carea' id='block_1_3' title="bbox 389 1536 887 1585">
    <p class='ocr_par' dir='ltr' id='par_1_11' title="bbox 389 1536 887 1585">
     <span class='ocr_line' id='line_1_35' title="bbox 389 1536 887 1585; baseline 0.004 -15"><span class='ocrx_word' id='word_1_151' title='bbox 389 1536 471 1582; x_wconf 85' lang='lat' dir='ltr'>plus</span> <span class='ocrx_word' id='word_1_152' title='bbox 509 1536 619 1572; x_wconf 88' lang='lat' dir='ltr'>solito</span> <span class='ocrx_word' id='word_1_153' title='bbox 658 1538 887 1585; x_wconf 79' lang='lat' dir='ltr'>sanguinarii</span> 
     </span>
    </p>
   </div>
   <div class='ocr_carea' id='block_1_4' title="bbox 586 1922 885 1959">
    <p class='ocr_par' dir='ltr' id='par_1_12' title="bbox 586 1922 885 1959">
     <span class='ocr_line' id='line_1_36' title="bbox 586 1922 885 1959; baseline 0.003 -1"><span class='ocrx_word' id='word_1_154' title='bbox 586 1922 674 1958; x_wconf 91' lang='lat' dir='ltr'>item</span> <span class='ocrx_word' id='word_1_155' title='bbox 714 1923 885 1959; x_wconf 88' lang='lat' dir='ltr'>inimicus</span> 
     </span>
    </p>
   </div>
   <div class='ocr_carea' id='block_1_5' title="bbox 173 2437 882 3054">
    <p class='ocr_par' dir='ltr' id='par_1_13' title="bbox 173 2437 882 3054">
     <span class='ocr_line' id='line_1_37' title="bbox 175 2437 882 2483; baseline 0.003 -12"><span class='ocrx_word' id='word_1_156' title='bbox 175 2442 353 2483; x_wconf 80' lang='lat' dir='ltr'>tanquam</span> <span class='ocrx_word' id='word_1_157' title='bbox 374 2449 462 2472; x_wconf 87' lang='lat' dir='ltr'>oves</span> <span class='ocrx_word' id='word_1_158' title='bbox 482 2437 657 2473; x_wconf 82' lang='lat' dir='ltr'>vivebant</span> <span class='ocrx_word' id='word_1_159' title='bbox 678 2438 882 2473; x_wconf 88' lang='lat' dir='ltr'>secundum</span> 
     </span>
     <span class='ocr_line' id='line_1_38' title="bbox 175 2500 880 2549; baseline 0.004 -14"><span class='ocrx_word' id='word_1_160' title='bbox 175 2501 297 2536; x_wconf 85' lang='lat' dir='ltr'>Mosis</span> <span class='ocrx_word' id='word_1_161' title='bbox 345 2500 468 2549; x_wconf 85' lang='lat' dir='ltr'>legem</span> <span class='ocrx_word' id='word_1_162' title='bbox 519 2500 654 2537; x_wconf 83' lang='lat' dir='ltr'>Judaei</span> <span class='ocrx_word' id='word_1_163' title='bbox 712 2503 787 2538; x_wconf 90' lang='grc'>760</span> <span class='ocrx_word' id='word_1_164' title='bbox 839 2514 880 2546; x_wconf 89' lang='lat' dir='ltr'>e;</span> 
     </span>
     <span class='ocr_line' id='line_1_39' title="bbox 178 2565 882 2611; baseline 0 -9"><span class='ocrx_word' id='word_1_165' title='bbox 178 2567 250 2602; x_wconf 91' lang='grc'>761</span> <span class='ocrx_word' id='word_1_166' title='bbox 293 2577 335 2611; x_wconf 86' lang='lat' dir='ltr'>a;</span> <span class='ocrx_word' id='word_1_167' title='bbox 385 2565 611 2610; x_wconf 84' lang='lat' dir='ltr'>Chananaei,</span> <span class='ocrx_word' id='word_1_168' title='bbox 649 2578 702 2602; x_wconf 90' lang='lat' dir='ltr'>sc.</span> <span class='ocrx_word' id='word_1_169' title='bbox 739 2565 882 2602; x_wconf 85' lang='lat' dir='ltr'>Gentes</span> 
     </span>
     <span class='ocr_line' id='line_1_40' title="bbox 175 2629 880 2678; baseline 0.001 -13"><span class='ocrx_word' id='word_1_170' title='bbox 175 2630 214 2665; x_wconf 87' lang='lat' dir='ltr'>in</span> <span class='ocrx_word' id='word_1_171' title='bbox 262 2629 406 2665; x_wconf 87' lang='lat' dir='ltr'>caulam</span> <span class='ocrx_word' id='word_1_172' title='bbox 460 2629 602 2666; x_wconf 85' lang='lat' dir='ltr'>Christi</span> <span class='ocrx_word' id='word_1_173' title='bbox 652 2643 719 2678; x_wconf 86' lang='lat' dir='ltr'>per</span> <span class='ocrx_word' id='word_1_174' title='bbox 769 2630 880 2666; x_wconf 87' lang='lat' dir='ltr'>fidem</span> 
     </span>
     <span class='ocr_line' id='line_1_41' title="bbox 173 2694 882 2742; baseline 0.003 -13"><span class='ocrx_word' id='word_1_175' title='bbox 173 2694 330 2730; x_wconf 87' lang='lat' dir='ltr'>vocandi</span> <span class='ocrx_word' id='word_1_176' title='bbox 372 2695 447 2730; x_wconf 85' lang='lat'>765</span> <span class='ocrx_word' id='word_1_177' title='bbox 486 2694 566 2739; x_wconf 87' lang='lat' dir='ltr'>cd;</span> <span class='ocrx_word' id='word_1_178' title='bbox 612 2696 686 2730; x_wconf 90' lang='grc'>768</span> <span class='ocrx_word' id='word_1_179' title='bbox 727 2707 768 2739; x_wconf 88' lang='lat' dir='ltr'>a;</span> <span class='ocrx_word' id='word_1_180' title='bbox 816 2707 882 2742; x_wconf 89' lang='lat' dir='ltr'>per</span> 
     </span>
     <span class='ocr_line' id='line_1_42' title="bbox 174 2758 879 2806; baseline 0 -12"><span class='ocrx_word' id='word_1_181' title='bbox 174 2759 298 2806; x_wconf 88' lang='lat' dir='ltr'>legem</span> <span class='ocrx_word' id='word_1_182' title='bbox 335 2758 468 2802; x_wconf 82' lang='lat' dir='ltr'>Mosis,</span> <span class='ocrx_word' id='word_1_183' title='bbox 503 2771 579 2794; x_wconf 92' lang='lat' dir='ltr'>non</span> <span class='ocrx_word' id='word_1_184' title='bbox 619 2759 789 2804; x_wconf 86' lang='lat' dir='ltr'>solutam,</span> <span class='ocrx_word' id='word_1_185' title='bbox 824 2759 879 2794; x_wconf 92' lang='lat' dir='ltr'>in-</span> 
     </span>
     <span class='ocr_line' id='line_1_43' title="bbox 175 2822 878 2871; baseline 0 -13"><span class='ocrx_word' id='word_1_186' title='bbox 175 2823 307 2858; x_wconf 83' lang='lat' dir='ltr'>structi</span> <span class='ocrx_word' id='word_1_187' title='bbox 327 2829 414 2858; x_wconf 88' lang='lat' dir='ltr'>sunt</span> <span class='ocrx_word' id='word_1_188' title='bbox 432 2824 507 2859; x_wconf 89' lang='lat'>768</span> <span class='ocrx_word' id='word_1_189' title='bbox 524 2822 548 2858; x_wconf 94' lang='lat' dir='ltr'>b</span> <span class='ocrx_word' id='word_1_190' title='bbox 565 2822 608 2867; x_wconf 88' lang='lat' dir='ltr'>d;</span> <span class='ocrx_word' id='word_1_191' title='bbox 637 2835 704 2871; x_wconf 89' lang='lat' dir='ltr'>pro</span> <span class='ocrx_word' id='word_1_192' title='bbox 724 2823 878 2859; x_wconf 87' lang='lat' dir='ltr'>idolola-</span> 
     </span>
     <span class='ocr_line' id='line_1_44' title="bbox 175 2887 880 2934; baseline 0.003 -12"><span class='ocrx_word' id='word_1_193' title='bbox 175 2887 242 2922; x_wconf 82' lang='lat' dir='ltr'>tris</span> <span class='ocrx_word' id='word_1_194' title='bbox 268 2887 389 2934; x_wconf 87' lang='lat' dir='ltr'>positi,</span> <span class='ocrx_word' id='word_1_195' title='bbox 419 2888 455 2922; x_wconf 89' lang='lat' dir='ltr'>in</span> <span class='ocrx_word' id='word_1_196' title='bbox 483 2887 649 2924; x_wconf 79' lang='lat' dir='ltr'>Ecclesia</span> <span class='ocrx_word' id='word_1_197' title='bbox 682 2888 880 2925; x_wconf 79' lang='lat' dir='ltr'>cessabunt</span> 
     </span>
     <span class='ocr_line' id='line_1_45' title="bbox 176 2953 479 2995; baseline 0 -8"><span class='ocrx_word' id='word_1_198' title='bbox 176 2954 252 2987; x_wconf 83' lang='grc'>814</span> <span class='ocrx_word' id='word_1_199' title='bbox 275 2964 293 2986; x_wconf 92' lang='lat' dir='ltr'>c</span> <span class='ocrx_word' id='word_1_200' title='bbox 307 2964 315 2995; x_wconf 88' lang='lat'>;</span> <span class='ocrx_word' id='word_1_201' title='bbox 348 2953 423 2987; x_wconf 89' lang='lat'>815</span> <span class='ocrx_word' id='word_1_202' title='bbox 447 2964 479 2988; x_wconf 84' lang='lat' dir='ltr'>c.</span> 
     </span>
     <span class='ocr_line' id='line_1_46' title="bbox 240 3026 398 3054; baseline 0.006 -1"><span class='ocrx_word' id='word_1_203' title='bbox 240 3026 329 3054; x_wconf 78' lang='lat' dir='ltr'>VoL.</span> <span class='ocrx_word' id='word_1_204' title='bbox 353 3026 398 3054; x_wconf 86' lang='grc' dir='ltr'>ΙΙ.</span> 
     </span>
    </p>
   </div>
   <div class='ocr_carea' id='block_1_6' title="bbox 677 192 1192 229">
    <p class='ocr_par' dir='ltr' id='par_1_14' title="bbox 677 192 1192 229">
     <span class='ocr_line' id='line_1_47' title="bbox 677 192 1192 229; baseline 0.002 -1"><span class='ocrx_word' id='word_1_205' title='bbox 677 192 890 228; x_wconf 87' lang='lat' dir='ltr'><strong>INDEX</strong></span> <span class='ocrx_word' id='word_1_206' title='bbox 950 193 1192 229; x_wconf 80' lang='lat' dir='ltr'>RERUM.</span> 
     </span>
    </p>
   </div>
   <div class='ocr_carea' id='block_1_7' title="bbox 1652 196 1728 230">
    <p class='ocr_par' dir='ltr' id='par_1_15' title="bbox 1652 196 1728 230">
     <span class='ocr_line' id='line_1_48' title="bbox 1652 196 1728 230; baseline 0.013 -1"><span class='ocrx_word' id='word_1_207' title='bbox 1652 196 1728 230; x_wconf 76' lang='grc'>649</span> 
     </span>
    </p>
   </div>
   <div class='ocr_carea' id='block_1_8' title="bbox 965 312 1730 813">
    <p class='ocr_par' dir='ltr' id='par_1_16' title="bbox 969 312 1730 552">
     <span class='ocr_line' id='line_1_49' title="bbox 969 312 1726 358; baseline -0.003 -10"><span class='ocrx_word' id='word_1_208' title='bbox 969 312 1216 358; x_wconf 76' lang='lat' dir='ltr'>Charismata,</span> <span class='ocrx_word' id='word_1_209' title='bbox 1239 325 1260 348; x_wconf 87' lang='lat' dir='ltr'>a</span> <span class='ocrx_word' id='word_1_210' title='bbox 1280 312 1432 348; x_wconf 79' lang='lat' dir='ltr'>Christo</span> <span class='ocrx_word' id='word_1_211' title='bbox 1453 312 1578 347; x_wconf 88' lang='lat' dir='ltr'>omnia</span> <span class='ocrx_word' id='word_1_212' title='bbox 1595 314 1670 348; x_wconf 79' lang='lat'>224</span> <span class='ocrx_word' id='word_1_213' title='bbox 1691 324 1726 356; x_wconf 84' lang='lat' dir='ltr'>e;</span> 
     </span>
     <span class='ocr_line' id='line_1_50' title="bbox 1015 376 1730 424; baseline 0 -12"><span class='ocrx_word' id='word_1_214' title='bbox 1015 377 1231 424; x_wconf 82' lang='lat' dir='ltr'>justificatis</span> <span class='ocrx_word' id='word_1_215' title='bbox 1252 377 1288 412; x_wconf 93' lang='lat' dir='ltr'>in</span> <span class='ocrx_word' id='word_1_216' title='bbox 1311 376 1462 412; x_wconf 84' lang='lat' dir='ltr'>Christo</span> <span class='ocrx_word' id='word_1_217' title='bbox 1491 382 1630 424; x_wconf 86' lang='lat' dir='ltr'>quanta</span> <span class='ocrx_word' id='word_1_218' title='bbox 1656 376 1730 412; x_wconf 85' lang='lat' dir='ltr'>sint</span> 
     </span>
     <span class='ocr_line' id='line_1_51' title="bbox 1020 442 1223 485; baseline 0 -8"><span class='ocrx_word' id='word_1_219' title='bbox 1020 443 1097 477; x_wconf 81' lang='lat'>669</span> <span class='ocrx_word' id='word_1_220' title='bbox 1138 442 1160 477; x_wconf 81' lang='lat' dir='ltr'>&lt;l</span> <span class='ocrx_word' id='word_1_221' title='bbox 1183 454 1223 485; x_wconf 90' lang='lat' dir='ltr'>e;</span> 
     </span>
     <span class='ocr_line' id='line_1_52' title="bbox 1018 506 1508 552; baseline 0.002 -12"><span class='ocrx_word' id='word_1_222' title='bbox 1018 506 1249 552; x_wconf 71' lang='lat' dir='ltr'>temporibus</span> <span class='ocrx_word' id='word_1_223' title='bbox 1270 506 1357 541; x_wconf 81' lang='lat' dir='ltr'>data</span> <span class='ocrx_word' id='word_1_224' title='bbox 1379 508 1455 542; x_wconf 88' lang='grc'>803</span> <span class='ocrx_word' id='word_1_225' title='bbox 1478 518 1508 541; x_wconf 91' lang='lat' dir='ltr'>c.</span> 
     </span>
    </p>

    <p class='ocr_par' dir='ltr' id='par_1_17' title="bbox 965 569 1728 813">
     <span class='ocr_line' id='line_1_53' title="bbox 965 569 1727 618; baseline 0.001 -14"><span class='ocrx_word' id='word_1_226' title='bbox 965 569 1151 610; x_wconf 81' lang='lat' dir='ltr'>Charitas,</span> <span class='ocrx_word' id='word_1_227' title='bbox 1506 569 1727 618; x_wconf 85' lang='lat' dir='ltr'>refrigescet</span> 
     </span>
     <span class='ocr_line' id='line_1_54' title="bbox 1019 634 1726 681; baseline -0.001 -11"><span class='ocrx_word' id='word_1_228' title='bbox 1019 636 1095 670; x_wconf 90' lang='grc'>222</span> <span class='ocrx_word' id='word_1_229' title='bbox 1117 646 1158 679; x_wconf 88' lang='lat' dir='ltr'>c;</span> <span class='ocrx_word' id='word_1_230' title='bbox 1195 634 1291 681; x_wconf 78' lang='lat' dir='ltr'>legis</span> <span class='ocrx_word' id='word_1_231' title='bbox 1323 634 1591 681; x_wconf 79' lang='lat' dir='ltr'>plenitudinem</span> <span class='ocrx_word' id='word_1_232' title='bbox 1623 646 1726 669; x_wconf 88' lang='lat' dir='ltr'>com-</span> 
     </span>
     <span class='ocr_line' id='line_1_55' title="bbox 1017 698 1728 745; baseline 0.003 -13"><span class='ocrx_word' id='word_1_233' title='bbox 1017 698 1191 745; x_wconf 82' lang='lat' dir='ltr'>plectitur</span> <span class='ocrx_word' id='word_1_234' title='bbox 1222 701 1297 735; x_wconf 88' lang='lat'>302</span> <span class='ocrx_word' id='word_1_235' title='bbox 1329 711 1371 743; x_wconf 84' lang='lat' dir='ltr'>e;</span> <span class='ocrx_word' id='word_1_236' title='bbox 1407 711 1427 733; x_wconf 88' lang='lat' dir='ltr'>a</span> <span class='ocrx_word' id='word_1_237' title='bbox 1454 699 1617 742; x_wconf 83' lang='lat' dir='ltr'>Christo,</span> <span class='ocrx_word' id='word_1_238' title='bbox 1639 703 1676 734; x_wconf 88' lang='lat' dir='ltr'>et</span> <span class='ocrx_word' id='word_1_239' title='bbox 1706 711 1728 734; x_wconf 82' lang='lat' dir='ltr'>a</span> 
     </span>
     <span class='ocr_line' id='line_1_56' title="bbox 1017 762 1727 813; baseline 0.001 -16"><span class='ocrx_word' id='word_1_240' title='bbox 1017 762 1144 805; x_wconf 82' lang='lat' dir='ltr'>Paulo,</span> <span class='ocrx_word' id='word_1_241' title='bbox 1166 762 1277 798; x_wconf 89' lang='lat' dir='ltr'>rebus</span> <span class='ocrx_word' id='word_1_242' title='bbox 1307 763 1480 798; x_wconf 87' lang='lat' dir='ltr'>omnibus</span> <span class='ocrx_word' id='word_1_243' title='bbox 1513 763 1727 813; x_wconf 84' lang='lat' dir='ltr'>praeposita</span> 
     </span>
    </p>
   </div>
   <div class='ocr_carea' id='block_1_9' title="bbox 1273 440 1730 477">
    <p class='ocr_par' dir='ltr' id='par_1_18' title="bbox 1273 440 1730 477">
     <span class='ocr_line' id='line_1_57' title="bbox 1273 440 1730 477; baseline -0.002 0"><span class='ocrx_word' id='word_1_244' title='bbox 1273 441 1445 477; x_wconf 85' lang='lat' dir='ltr'>omnibus</span> <span class='ocrx_word' id='word_1_245' title='bbox 1485 446 1522 476; x_wconf 88' lang='lat' dir='ltr'>et</span> <span class='ocrx_word' id='word_1_246' title='bbox 1561 440 1652 476; x_wconf 87' lang='lat' dir='ltr'>locis</span> <span class='ocrx_word' id='word_1_247' title='bbox 1691 446 1730 476; x_wconf 89' lang='lat' dir='ltr'>et</span> 
     </span>
    </p>
   </div>
   <div class='ocr_carea' id='block_1_10' title="bbox 1229 570 1431 605">
    <p class='ocr_par' dir='ltr' id='par_1_19' title="bbox 1229 570 1431 605">
     <span class='ocr_line' id='line_1_58' title="bbox 1229 570 1431 605; baseline 0.005 -1"><span class='ocrx_word' id='word_1_248' title='bbox 1229 570 1431 605; x_wconf 89' lang='lat' dir='ltr'>multorum</span> 
     </span>
    </p>
   </div>
   <div class='ocr_carea' id='block_1_11' title="bbox 1013 827 1726 1196">
    <p class='ocr_par' dir='ltr' id='par_1_20' title="bbox 1013 827 1726 1196">
     <span class='ocr_line' id='line_1_59' title="bbox 1017 827 1725 871; baseline -0.001 -8"><span class='ocrx_word' id='word_1_249' title='bbox 1017 829 1089 863; x_wconf 88' lang='lat'>331</span> <span class='ocrx_word' id='word_1_250' title='bbox 1117 839 1157 871; x_wconf 87' lang='lat' dir='ltr'>e;</span> <span class='ocrx_word' id='word_1_251' title='bbox 1202 827 1309 862; x_wconf 77' lang='lat' dir='ltr'>radix</span> <span class='ocrx_word' id='word_1_252' title='bbox 1342 827 1509 862; x_wconf 86' lang='lat' dir='ltr'>omnium</span> <span class='ocrx_word' id='word_1_253' title='bbox 1545 827 1725 862; x_wconf 82' lang='lat' dir='ltr'>virtutum</span> 
     </span>
     <span class='ocr_line' id='line_1_60' title="bbox 1017 892 1726 939; baseline 0 -12"><span class='ocrx_word' id='word_1_254' title='bbox 1017 894 1092 927; x_wconf 90' lang='grc'>332</span> <span class='ocrx_word' id='word_1_255' title='bbox 1119 904 1160 935; x_wconf 86' lang='lat' dir='ltr'>a;</span> <span class='ocrx_word' id='word_1_256' title='bbox 1206 904 1296 939; x_wconf 82' lang='lat' dir='ltr'>erga</span> <span class='ocrx_word' id='word_1_257' title='bbox 1331 892 1464 937; x_wconf 78' lang='lat' dir='ltr'>Deum,</span> <span class='ocrx_word' id='word_1_258' title='bbox 1500 892 1598 935; x_wconf 88' lang='lat' dir='ltr'>fidei,</span> <span class='ocrx_word' id='word_1_259' title='bbox 1634 904 1726 939; x_wconf 81' lang='lat' dir='ltr'>erga</span> 
     </span>
     <span class='ocr_line' id='line_1_61' title="bbox 1015 955 1724 1003; baseline 0.001 -13"><span class='ocrx_word' id='word_1_260' title='bbox 1015 955 1196 999; x_wconf 84' lang='lat' dir='ltr'>homines,</span> <span class='ocrx_word' id='word_1_261' title='bbox 1242 956 1424 1003; x_wconf 84' lang='lat' dir='ltr'>justitiae,</span> <span class='ocrx_word' id='word_1_262' title='bbox 1466 955 1724 991; x_wconf 89' lang='lat' dir='ltr'>testimonium</span> 
     </span>
     <span class='ocr_line' id='line_1_62' title="bbox 1018 1020 1724 1064; baseline 0 -9"><span class='ocrx_word' id='word_1_263' title='bbox 1018 1022 1093 1056; x_wconf 75' lang='lat'>334</span> <span class='ocrx_word' id='word_1_264' title='bbox 1129 1020 1177 1063; x_wconf 89' lang='lat' dir='ltr'>b;</span> <span class='ocrx_word' id='word_1_265' title='bbox 1227 1020 1314 1055; x_wconf 89' lang='lat' dir='ltr'>boni</span> <span class='ocrx_word' id='word_1_266' title='bbox 1355 1020 1543 1064; x_wconf 77' lang='lat' dir='ltr'>studiosis,</span> <span class='ocrx_word' id='word_1_267' title='bbox 1584 1033 1602 1055; x_wconf 82' lang='lat' dir='ltr'>a</span> <span class='ocrx_word' id='word_1_268' title='bbox 1642 1020 1724 1056; x_wconf 90' lang='lat' dir='ltr'>Deo</span> 
     </span>
     <span class='ocr_line' id='line_1_63' title="bbox 1013 1084 1298 1129; baseline 0.004 -10"><span class='ocrx_word' id='word_1_269' title='bbox 1013 1084 1123 1119; x_wconf 88' lang='lat' dir='ltr'>datur</span> <span class='ocrx_word' id='word_1_270' title='bbox 1153 1087 1227 1120; x_wconf 78' lang='lat'>334</span> <span class='ocrx_word' id='word_1_271' title='bbox 1256 1097 1298 1129; x_wconf 87' lang='lat' dir='ltr'>c;</span> 
     </span>
     <span class='ocr_line' id='line_1_64' title="bbox 1013 1149 1724 1196; baseline 0 -12"><span class='ocrx_word' id='word_1_272' title='bbox 1013 1154 1070 1184; x_wconf 90' lang='lat' dir='ltr'>est</span> <span class='ocrx_word' id='word_1_273' title='bbox 1116 1161 1170 1193; x_wconf 84' lang='lat' dir='ltr'>ea,</span> <span class='ocrx_word' id='word_1_274' title='bbox 1219 1149 1450 1184; x_wconf 89' lang='lat' dir='ltr'>voluntatem</span> <span class='ocrx_word' id='word_1_275' title='bbox 1495 1149 1575 1196; x_wconf 86' lang='lat' dir='ltr'>ejus</span> <span class='ocrx_word' id='word_1_276' title='bbox 1619 1149 1724 1196; x_wconf 88' lang='lat' dir='ltr'>sequi</span> 
     </span>
    </p>
   </div>
   <div class='ocr_carea' id='block_1_12' title="bbox 1346 1085 1725 1132">
    <p class='ocr_par' dir='ltr' id='par_1_21' title="bbox 1346 1085 1725 1132">
     <span class='ocr_line' id='line_1_65' title="bbox 1346 1085 1725 1132; baseline 0.003 -13"><span class='ocrx_word' id='word_1_277' title='bbox 1346 1097 1437 1132; x_wconf 82' lang='lat' dir='ltr'>erga</span> <span class='ocrx_word' id='word_1_278' title='bbox 1472 1085 1605 1129; x_wconf 86' lang='lat' dir='ltr'>Deum,</span> <span class='ocrx_word' id='word_1_279' title='bbox 1637 1097 1725 1120; x_wconf 85' lang='lat' dir='ltr'>vera</span> 
     </span>
    </p>
   </div>
   <div class='ocr_carea' id='block_1_13' title="bbox 953 1213 1724 3001">
    <p class='ocr_par' dir='ltr' id='par_1_22' title="bbox 1011 1213 1724 1443">
     <span class='ocr_line' id='line_1_66' title="bbox 1013 1213 1724 1260; baseline 0.001 -12"><span class='ocrx_word' id='word_1_280' title='bbox 1013 1216 1089 1249; x_wconf 82' lang='lat'>447</span> <span class='ocrx_word' id='word_1_281' title='bbox 1112 1226 1153 1258; x_wconf 87' lang='lat' dir='ltr'>e;</span> <span class='ocrx_word' id='word_1_282' title='bbox 1185 1213 1221 1248; x_wconf 91' lang='lat' dir='ltr'>in</span> <span class='ocrx_word' id='word_1_283' title='bbox 1254 1213 1438 1257; x_wconf 83' lang='lat' dir='ltr'>homines,</span> <span class='ocrx_word' id='word_1_284' title='bbox 1458 1214 1639 1260; x_wconf 90' lang='lat' dir='ltr'>optimum</span> <span class='ocrx_word' id='word_1_285' title='bbox 1667 1219 1724 1249; x_wconf 87' lang='lat' dir='ltr'>est</span> 
     </span>
     <span class='ocr_line' id='line_1_67' title="bbox 1011 1278 1720 1325; baseline 0 -12"><span class='ocrx_word' id='word_1_286' title='bbox 1011 1283 1049 1313; x_wconf 91' lang='lat' dir='ltr'>et</span> <span class='ocrx_word' id='word_1_287' title='bbox 1096 1278 1177 1313; x_wconf 90' lang='lat' dir='ltr'>Deo</span> <span class='ocrx_word' id='word_1_288' title='bbox 1229 1278 1531 1325; x_wconf 85' lang='lat' dir='ltr'>acceptissimum</span> <span class='ocrx_word' id='word_1_289' title='bbox 1581 1278 1720 1313; x_wconf 86' lang='lat' dir='ltr'>sacrifi-</span> 
     </span>
     <span class='ocr_line' id='line_1_68' title="bbox 1012 1341 1723 1391; baseline 0.001 -14"><span class='ocrx_word' id='word_1_290' title='bbox 1012 1341 1109 1377; x_wconf 88' lang='lat' dir='ltr'>cium</span> <span class='ocrx_word' id='word_1_291' title='bbox 1130 1344 1207 1378; x_wconf 89' lang='lat'>449</span> <span class='ocrx_word' id='word_1_292' title='bbox 1226 1354 1269 1387; x_wconf 80' lang='lat' dir='ltr'>a3</span> <span class='ocrx_word' id='word_1_293' title='bbox 1301 1342 1552 1378; x_wconf 86' lang='lat' dir='ltr'>obedientiam</span> <span class='ocrx_word' id='word_1_294' title='bbox 1577 1342 1723 1391; x_wconf 84' lang='lat' dir='ltr'>perficit</span> 
     </span>
     <span class='ocr_line' id='line_1_69' title="bbox 1013 1405 1185 1443; baseline 0.006 -1"><span class='ocrx_word' id='word_1_295' title='bbox 1013 1408 1089 1442; x_wconf 84' lang='lat'>594</span> <span class='ocrx_word' id='word_1_296' title='bbox 1111 1406 1134 1441; x_wconf 93' lang='lat' dir='ltr'>b</span> <span class='ocrx_word' id='word_1_297' title='bbox 1149 1405 1185 1443; x_wconf 88' lang='lat' dir='ltr'>d.</span> 
     </span>
    </p>

    <p class='ocr_par' dir='ltr' id='par_1_23' title="bbox 958 1470 1721 1582">
     <span class='ocr_line' id='line_1_70' title="bbox 958 1470 1721 1514; baseline 0.004 -9"><span class='ocrx_word' id='word_1_298' title='bbox 958 1470 1128 1506; x_wconf 85' lang='lat' dir='ltr'>Charran</span> <span class='ocrx_word' id='word_1_299' title='bbox 1175 1470 1262 1506; x_wconf 86' lang='lat' dir='ltr'>urbs</span> <span class='ocrx_word' id='word_1_300' title='bbox 1307 1470 1494 1514; x_wconf 88' lang='lat' dir='ltr'>bellicosa,</span> <span class='ocrx_word' id='word_1_301' title='bbox 1535 1471 1721 1508; x_wconf 83' lang='lat' dir='ltr'>Damasco</span> 
     </span>
     <span class='ocr_line' id='line_1_71' title="bbox 1011 1535 1376 1582; baseline 0.003 -12"><span class='ocrx_word' id='word_1_302' title='bbox 1011 1535 1218 1582; x_wconf 89' lang='lat' dir='ltr'>propinqua</span> <span class='ocrx_word' id='word_1_303' title='bbox 1240 1537 1316 1571; x_wconf 86' lang='lat'>255</span> <span class='ocrx_word' id='word_1_304' title='bbox 1340 1535 1376 1571; x_wconf 90' lang='lat' dir='ltr'>d.</span> 
     </span>
    </p>

    <p class='ocr_par' dir='ltr' id='par_1_24' title="bbox 957 1599 1720 1774">
     <span class='ocr_line' id='line_1_72' title="bbox 957 1599 1719 1648; baseline 0.001 -13"><span class='ocrx_word' id='word_1_305' title='bbox 957 1599 1175 1641; x_wconf 87' lang='lat' dir='ltr'>Cherubim,</span> <span class='ocrx_word' id='word_1_306' title='bbox 1215 1599 1253 1634; x_wconf 88' lang='lat' dir='ltr'>in</span> <span class='ocrx_word' id='word_1_307' title='bbox 1289 1600 1563 1642; x_wconf 87' lang='lat' dir='ltr'>Tabernaeulo,</span> <span class='ocrx_word' id='word_1_308' title='bbox 1604 1613 1719 1648; x_wconf 87' lang='lat' dir='ltr'>quare</span> 
     </span>
     <span class='ocr_line' id='line_1_73' title="bbox 1010 1663 1720 1713; baseline 0.001 -13"><span class='ocrx_word' id='word_1_309' title='bbox 1010 1676 1138 1700; x_wconf 86' lang='lat' dir='ltr'>versus</span> <span class='ocrx_word' id='word_1_310' title='bbox 1152 1663 1451 1712; x_wconf 85' lang='lat' dir='ltr'>propitiatorium</span> <span class='ocrx_word' id='word_1_311' title='bbox 1468 1665 1720 1713; x_wconf 86' lang='lat' dir='ltr'>spectaverint</span> 
     </span>
     <span class='ocr_line' id='line_1_74' title="bbox 1011 1730 1315 1774; baseline 0.003 -10"><span class='ocrx_word' id='word_1_312' title='bbox 1011 1731 1088 1765; x_wconf 90' lang='lat'>550</span> <span class='ocrx_word' id='word_1_313' title='bbox 1110 1741 1128 1764; x_wconf 91' lang='lat' dir='ltr'>e</span> <span class='ocrx_word' id='word_1_314' title='bbox 1141 1741 1150 1774; x_wconf 70' lang='lat'>5</span> <span class='ocrx_word' id='word_1_315' title='bbox 1183 1730 1259 1765; x_wconf 87' lang='grc'>552</span> <span class='ocrx_word' id='word_1_316' title='bbox 1282 1741 1315 1765; x_wconf 85' lang='lat' dir='ltr'>e.</span> 
     </span>
    </p>

    <p class='ocr_par' dir='ltr' id='par_1_25' title="bbox 957 1792 1718 1894">
     <span class='ocr_line' id='line_1_75' title="bbox 957 1792 1718 1841; baseline 0.004 -13"><span class='ocrx_word' id='word_1_317' title='bbox 957 1792 1204 1834; x_wconf 69' lang='lat' dir='ltr'>Chiliamhae,</span> <span class='ocrx_word' id='word_1_318' title='bbox 1251 1793 1297 1829; x_wconf 90' lang='lat' dir='ltr'>de</span> <span class='ocrx_word' id='word_1_319' title='bbox 1342 1793 1530 1841; x_wconf 87' lang='lat' dir='ltr'>Apostolis</span> <span class='ocrx_word' id='word_1_320' title='bbox 1576 1794 1718 1831; x_wconf 86' lang='lat' dir='ltr'>dictum</span> 
     </span>
     <span class='ocr_line' id='line_1_76' title="bbox 1012 1858 1182 1894; baseline 0 -1"><span class='ocrx_word' id='word_1_321' title='bbox 1012 1859 1087 1894; x_wconf 91' lang='lat'>776</span> <span class='ocrx_word' id='word_1_322' title='bbox 1112 1858 1182 1893; x_wconf 87' lang='lat' dir='ltr'>ab.</span> 
     </span>
    </p>

    <p class='ocr_par' dir='ltr' id='par_1_26' title="bbox 956 1921 1717 2087">
     <span class='ocr_line' id='line_1_77' title="bbox 956 1921 1715 1970; baseline 0.003 -13"><span class='ocrx_word' id='word_1_323' title='bbox 956 1922 1122 1963; x_wconf 88' lang='lat' dir='ltr'>Chiram,</span> <span class='ocrx_word' id='word_1_324' title='bbox 1146 1923 1228 1958; x_wconf 86' lang='lat' dir='ltr'>Rex</span> <span class='ocrx_word' id='word_1_325' title='bbox 1247 1921 1456 1970; x_wconf 88' lang='lat' dir='ltr'>Tyriorum,</span> <span class='ocrx_word' id='word_1_326' title='bbox 1474 1921 1715 1959; x_wconf 86' lang='lat' dir='ltr'>Salamonem</span> 
     </span>
     <span class='ocr_line' id='line_1_78' title="bbox 1010 1986 1717 2035; baseline 0.003 -13"><span class='ocrx_word' id='word_1_327' title='bbox 1010 1987 1045 2022; x_wconf 93' lang='lat' dir='ltr'>in</span> <span class='ocrx_word' id='word_1_328' title='bbox 1094 1986 1234 2034; x_wconf 91' lang='lat' dir='ltr'>templo</span> <span class='ocrx_word' id='word_1_329' title='bbox 1282 1986 1513 2022; x_wconf 84' lang='lat' dir='ltr'>aedificando</span> <span class='ocrx_word' id='word_1_330' title='bbox 1563 1988 1717 2035; x_wconf 85' lang='lat' dir='ltr'>adjuvat</span> 
     </span>
     <span class='ocr_line' id='line_1_79' title="bbox 1010 2053 1139 2087; baseline 0 0"><span class='ocrx_word' id='word_1_331' title='bbox 1010 2053 1086 2087; x_wconf 86' lang='lat'>258</span> <span class='ocrx_word' id='word_1_332' title='bbox 1109 2064 1139 2087; x_wconf 90' lang='lat' dir='ltr'>e.</span> 
     </span>
    </p>

    <p class='ocr_par' dir='ltr' id='par_1_27' title="bbox 955 2115 1715 2217">
     <span class='ocr_line' id='line_1_80' title="bbox 955 2115 1715 2164; baseline 0 -13"><span class='ocrx_word' id='word_1_333' title='bbox 955 2115 1117 2157; x_wconf 86' lang='lat' dir='ltr'>Chorda,</span> <span class='ocrx_word' id='word_1_334' title='bbox 1133 2128 1199 2164; x_wconf 86' lang='lat' dir='ltr'>pro</span> <span class='ocrx_word' id='word_1_335' title='bbox 1215 2121 1326 2151; x_wconf 90' lang='lat' dir='ltr'>cantu</span> <span class='ocrx_word' id='word_1_336' title='bbox 1343 2115 1561 2164; x_wconf 86' lang='lat' dir='ltr'>triumphali</span> <span class='ocrx_word' id='word_1_337' title='bbox 1574 2115 1715 2152; x_wconf 87' lang='lat' dir='ltr'>dictum</span> 
     </span>
     <span class='ocr_line' id='line_1_81' title="bbox 1009 2180 1144 2217; baseline -0.015 -1"><span class='ocrx_word' id='word_1_338' title='bbox 1009 2183 1085 2217; x_wconf 90' lang='lat'>509</span> <span class='ocrx_word' id='word_1_339' title='bbox 1108 2180 1144 2215; x_wconf 90' lang='lat' dir='ltr'>d.</span> 
     </span>
    </p>

    <p class='ocr_par' dir='ltr' id='par_1_28' title="bbox 953 2243 1714 2611">
     <span class='ocr_line' id='line_1_82' title="bbox 953 2243 1713 2292; baseline 0.001 -13"><span class='ocrx_word' id='word_1_340' title='bbox 953 2246 1184 2292; x_wconf 82' lang='grc' dir='ltr'>Χρηστοεπεῖν</span> <span class='ocrx_word' id='word_1_341' title='bbox 1212 2244 1396 2286; x_wconf 87' lang='lat' dir='ltr'>simulate,</span> <span class='ocrx_word' id='word_1_342' title='bbox 1428 2255 1499 2279; x_wconf 90' lang='lat' dir='ltr'>nec</span> <span class='ocrx_word' id='word_1_343' title='bbox 1532 2256 1553 2279; x_wconf 90' lang='lat' dir='ltr'>a</span> <span class='ocrx_word' id='word_1_344' title='bbox 1581 2243 1713 2280; x_wconf 82' lang='lat' dir='ltr'>volun·</span> 
     </span>
     <span class='ocr_line' id='line_1_83' title="bbox 1007 2309 1714 2356; baseline -0.001 -11"><span class='ocrx_word' id='word_1_345' title='bbox 1007 2315 1084 2345; x_wconf 86' lang='lat' dir='ltr'>tate</span> <span class='ocrx_word' id='word_1_346' title='bbox 1116 2321 1182 2344; x_wconf 87' lang='lat' dir='ltr'>sua</span> <span class='ocrx_word' id='word_1_347' title='bbox 1214 2320 1371 2349; x_wconf 87' lang='lat' dir='ltr'>cessare,</span> <span class='ocrx_word' id='word_1_348' title='bbox 1402 2320 1478 2343; x_wconf 89' lang='lat' dir='ltr'>non</span> <span class='ocrx_word' id='word_1_349' title='bbox 1511 2309 1714 2356; x_wconf 88' lang='lat' dir='ltr'>propitium</span> 
     </span>
     <span class='ocr_line' id='line_1_84' title="bbox 1008 2372 1714 2420; baseline 0.001 -12"><span class='ocrx_word' id='word_1_350' title='bbox 1008 2373 1128 2409; x_wconf 90' lang='lat' dir='ltr'>Deum</span> <span class='ocrx_word' id='word_1_351' title='bbox 1149 2372 1239 2408; x_wconf 84' lang='lat' dir='ltr'>facit</span> <span class='ocrx_word' id='word_1_352' title='bbox 1256 2375 1332 2409; x_wconf 87' lang='lat'>408</span> <span class='ocrx_word' id='word_1_353' title='bbox 1349 2385 1368 2408; x_wconf 92' lang='lat' dir='ltr'>e</span> <span class='ocrx_word' id='word_1_354' title='bbox 1384 2385 1393 2418; x_wconf 87' lang='lat'>;</span> <span class='ocrx_word' id='word_1_355' title='bbox 1423 2372 1471 2408; x_wconf 93' lang='lat' dir='ltr'>ad</span> <span class='ocrx_word' id='word_1_356' title='bbox 1485 2372 1607 2408; x_wconf 89' lang='lat' dir='ltr'>Deum</span> <span class='ocrx_word' id='word_1_357' title='bbox 1627 2385 1714 2420; x_wconf 88' lang='lat' dir='ltr'>pec-</span> 
     </span>
     <span class='ocr_line' id='line_1_85' title="bbox 1007 2437 1713 2482; baseline 0 -9"><span class='ocrx_word' id='word_1_358' title='bbox 1007 2443 1163 2482; x_wconf 88' lang='lat' dir='ltr'>catores,</span> <span class='ocrx_word' id='word_1_359' title='bbox 1180 2450 1256 2472; x_wconf 91' lang='lat' dir='ltr'>non</span> <span class='ocrx_word' id='word_1_360' title='bbox 1272 2437 1425 2472; x_wconf 87' lang='lat' dir='ltr'>omnino</span> <span class='ocrx_word' id='word_1_361' title='bbox 1441 2437 1571 2474; x_wconf 88' lang='lat' dir='ltr'>inutile</span> <span class='ocrx_word' id='word_1_362' title='bbox 1586 2437 1617 2472; x_wconf 88' lang='lat' dir='ltr'>si</span> <span class='ocrx_word' id='word_1_363' title='bbox 1636 2450 1713 2473; x_wconf 90' lang='lat' dir='ltr'>non</span> 
     </span>
     <span class='ocr_line' id='line_1_86' title="bbox 1007 2501 1712 2549; baseline 0.001 -12"><span class='ocrx_word' id='word_1_364' title='bbox 1007 2502 1086 2538; x_wconf 90' lang='lat' dir='ltr'>sine</span> <span class='ocrx_word' id='word_1_365' title='bbox 1114 2502 1256 2549; x_wconf 89' lang='lat' dir='ltr'>pudore</span> <span class='ocrx_word' id='word_1_366' title='bbox 1285 2507 1323 2537; x_wconf 90' lang='lat' dir='ltr'>et</span> <span class='ocrx_word' id='word_1_367' title='bbox 1355 2501 1462 2537; x_wconf 85' lang='lat' dir='ltr'>faciei</span> <span class='ocrx_word' id='word_1_368' title='bbox 1494 2501 1712 2538; x_wconf 90' lang='lat' dir='ltr'>confusione</span> 
     </span>
     <span class='ocr_line' id='line_1_87' title="bbox 1007 2568 1310 2611; baseline -0.007 -9"><span class='ocrx_word' id='word_1_369' title='bbox 1007 2568 1084 2603; x_wconf 87' lang='lat'>409</span> <span class='ocrx_word' id='word_1_370' title='bbox 1105 2579 1125 2602; x_wconf 90' lang='lat' dir='ltr'>e</span> <span class='ocrx_word' id='word_1_371' title='bbox 1138 2579 1146 2611; x_wconf 89' lang='lat'>;</span> <span class='ocrx_word' id='word_1_372' title='bbox 1179 2568 1256 2602; x_wconf 86' lang='lat'>410</span> <span class='ocrx_word' id='word_1_373' title='bbox 1278 2578 1310 2601; x_wconf 91' lang='lat' dir='ltr'>c.</span> 
     </span>
    </p>

    <p class='ocr_par' dir='ltr' id='par_1_29' title="bbox 954 2630 1712 3001">
     <span class='ocr_line' id='line_1_88' title="bbox 954 2630 1712 2679; baseline -0.001 -12"><span class='ocrx_word' id='word_1_374' title='bbox 954 2631 1168 2676; x_wconf 85' lang='lat' dir='ltr'>Christiani,</span> <span class='ocrx_word' id='word_1_375' title='bbox 1207 2643 1273 2679; x_wconf 90' lang='lat' dir='ltr'>per</span> <span class='ocrx_word' id='word_1_376' title='bbox 1312 2630 1501 2678; x_wconf 84' lang='lat' dir='ltr'>ignaviam</span> <span class='ocrx_word' id='word_1_377' title='bbox 1547 2631 1712 2666; x_wconf 86' lang='lat' dir='ltr'>scandali</span> 
     </span>
     <span class='ocr_line' id='line_1_89' title="bbox 1006 2695 1712 2742; baseline -0.001 -11"><span class='ocrx_word' id='word_1_378' title='bbox 1006 2696 1240 2731; x_wconf 85' lang='lat' dir='ltr'>occasionem</span> <span class='ocrx_word' id='word_1_379' title='bbox 1261 2695 1441 2742; x_wconf 84' lang='lat' dir='ltr'>praebent</span> <span class='ocrx_word' id='word_1_380' title='bbox 1462 2696 1511 2731; x_wconf 89' lang='grc'>82</span> <span class='ocrx_word' id='word_1_381' title='bbox 1535 2695 1579 2741; x_wconf 82' lang='lat' dir='ltr'>b3</span> <span class='ocrx_word' id='word_1_382' title='bbox 1610 2707 1712 2731; x_wconf 88' lang='lat' dir='ltr'>moe-</span> 
     </span>
     <span class='ocr_line' id='line_1_90' title="bbox 1004 2760 1710 2804; baseline -0.001 -9"><span class='ocrx_word' id='word_1_383' title='bbox 1004 2772 1089 2796; x_wconf 90' lang='lat' dir='ltr'>rore</span> <span class='ocrx_word' id='word_1_384' title='bbox 1115 2765 1243 2796; x_wconf 87' lang='lat' dir='ltr'>carent</span> <span class='ocrx_word' id='word_1_385' title='bbox 1270 2761 1317 2796; x_wconf 89' lang='lat'>91</span> <span class='ocrx_word' id='word_1_386' title='bbox 1341 2760 1386 2803; x_wconf 88' lang='lat' dir='ltr'>b;</span> <span class='ocrx_word' id='word_1_387' title='bbox 1424 2771 1535 2795; x_wconf 89' lang='lat' dir='ltr'>carne</span> <span class='ocrx_word' id='word_1_388' title='bbox 1561 2760 1710 2804; x_wconf 89' lang='lat' dir='ltr'>mortui,</span> 
     </span>
     <span class='ocr_line' id='line_1_91' title="bbox 1006 2823 1710 2871; baseline 0 -12"><span class='ocrx_word' id='word_1_389' title='bbox 1006 2824 1136 2871; x_wconf 87' lang='lat' dir='ltr'>spiritu</span> <span class='ocrx_word' id='word_1_390' title='bbox 1173 2824 1303 2860; x_wconf 86' lang='lat' dir='ltr'>vivunt</span> <span class='ocrx_word' id='word_1_391' title='bbox 1342 2825 1418 2860; x_wconf 85' lang='lat'>222</span> <span class='ocrx_word' id='word_1_392' title='bbox 1458 2836 1498 2868; x_wconf 86' lang='lat' dir='ltr'>c;</span> <span class='ocrx_word' id='word_1_393' title='bbox 1548 2823 1710 2860; x_wconf 86' lang='lat' dir='ltr'>Satanae</span> 
     </span>
     <span class='ocr_line' id='line_1_92' title="bbox 1005 2887 1708 2932; baseline 0 -8"><span class='ocrx_word' id='word_1_394' title='bbox 1005 2888 1191 2932; x_wconf 59' lang='lat' dir='ltr'>cedentes</span> <span class='ocrx_word' id='word_1_395' title='bbox 1226 2888 1370 2924; x_wconf 90' lang='lat' dir='ltr'>steriles</span> <span class='ocrx_word' id='word_1_396' title='bbox 1404 2887 1508 2929; x_wconf 85' lang='lat' dir='ltr'>fiunt,</span> <span class='ocrx_word' id='word_1_397' title='bbox 1545 2888 1708 2929; x_wconf 85' lang='lat' dir='ltr'>Christo.</span> 
     </span>
     <span class='ocr_line' id='line_1_93' title="bbox 1005 2953 1709 3001; baseline 0.001 -13"><span class='ocrx_word' id='word_1_398' title='bbox 1005 2953 1144 2989; x_wconf 81' lang='lat' dir='ltr'>fertiles</span> <span class='ocrx_word' id='word_1_399' title='bbox 1176 2954 1251 2989; x_wconf 83' lang='lat'>225</span> <span class='ocrx_word' id='word_1_400' title='bbox 1280 2966 1319 2999; x_wconf 77' lang='lat' dir='ltr'>c;</span> <span class='ocrx_word' id='word_1_401' title='bbox 1360 2953 1491 2989; x_wconf 76' lang='lat' dir='ltr'>divites</span> <span class='ocrx_word' id='word_1_402' title='bbox 1524 2953 1610 2989; x_wconf 86' lang='lat' dir='ltr'>facti</span> <span class='ocrx_word' id='word_1_403' title='bbox 1644 2966 1709 3001; x_wconf 87' lang='lat' dir='ltr'>per</span> 
     </span>
    </p>
   </div>
   <div class='ocr_carea' id='block_1_14' title="bbox 1181 3029 1253 3066">
    <p class='ocr_par' dir='ltr' id='par_1_30' title="bbox 1181 3029 1253 3066">
     <span class='ocr_line' id='line_1_94' title="bbox 1181 3029 1253 3066; baseline 0 -11"><span class='ocrx_word' id='word_1_404' title='bbox 1181 3029 1253 3066; x_wconf 77' lang='lat'>40</span> 
     </span>
    </p>
   </div>
  </div>
 </body>
</html>
