2001 3361
276 175 353 212 690

330 299 406 334 535
428 298 473 343 b;
503 311 523 334 a
551 299 702 335 Christo
730 306 878 336 mortuo
899 313 1029 337 vacue-

327 361 447 397 factus
470 364 545 398 739
567 375 599 398 a.

274 426 473 467 Infirmari,
508 426 530 461 i.
545 439 575 463 e.
611 427 727 463 exitio
760 428 948 471 devoveri,
985 429 1031 466 de

327 491 449 538 impiis
470 490 611 527 dictum
633 494 706 528 581
731 493 767 528 b.

273 555 488 596 Infirmitas‚
507 568 550 591 ea
569 569 714 592 summa
733 563 804 599 est,
819 564 884 593 aut
898 559 1028 608 volup-

325 624 442 654 tatem
489 620 603 668 sequi‚
652 627 715 657 aut
762 621 862 658 idola
908 623 1029 659 colere

329 685 402 719 194
451 684 474 719 b
494 697 505 729 ;

330 750 404 784 195
426 749 460 784 d.

270 812 523 860 IngratitudO,
545 814 664 850 scelus
685 815 876 852 infandum
898 820 972 854 159
986 831 1026 863 a;

324 877 485 920 Israelis,
534 879 766 916 convincitur
816 883 1029 929 turpissima

329 945 402 979 159
424 943 468 988 b;
503 945 576 980 182
600 944 643 990 b;
675 946 752 981 272
774 946 818 991 b;
851 949 927 983 446
950 948 1027 994 ab;

324 1020 391 1055 pro
421 1008 660 1056 Blasphemia
688 1009 860 1047 habenda
890 1014 962 1049 182
985 1025 1027 1059 a3

322 1072 456 1114 Judae,
472 1074 556 1121 jure
577 1075 760 1122 castigata
782 1078 853 1111 321
879 1089 912 1112 e.

579 685 773 734 disciplina
836 687 906 723 Dei
972 695 1029 724 est

270 1137 463 1185 IniquitaS,
482 1151 594 1186 quare
610 1151 675 1186 per
689 1139 852 1176 mulieris
868 1142 1027 1189 figuram

323 1202 555 1239 describatur
575 1205 650 1240 698
673 1217 707 1240 a¹

270 1267 423 1312 Initiati,
445 1270 708 1316 mysteriorum
732 1272 821 1308 idoli
841 1272 1024 1322 Beelphe-

322 1345 404 1380 gor,
425 1333 601 1382 descripti
626 1338 673 1371 77
695 1349 728 1372 e.

267 1397 468 1445 Injustitia‚
517 1412 627 1446 quam
679 1401 727 1436 sit
774 1402 856 1437 Deo
909 1402 1027 1437 invisa

322 1465 399 1500 609
421 1476 461 1509 e;
497 1464 659 1512 pessima
678 1472 748 1509 est,
770 1467 930 1515 injustos
950 1480 1024 1502 non

322 1528 506 1576 castigare
528 1531 604 1566 610
625 1530 660 1568 b.

267 1592 504 1634 Innocentes,
525 1607 545 1629 a
568 1594 651 1631 Deo
672 1595 792 1631 ultore
813 1596 1024 1632 vindicandi

321 1660 398 1694 245
438 1658 487 1704 b;
539 1672 560 1694 a
598 1659 681 1708 lege
720 1659 843 1696 Mosis
882 1661 1025 1697 defensi

321 1725 394 1758 521
420 1735 451 1759 c.

265 1787 427 1832 Insania,
453 1788 793 1837 Pseudoprophetis
823 1790 1024 1837 ascriptum

324 1854 397 1888 133
420 1852 457 1888 d.

265 1917 508 1962 Instabilitas‚
554 1917 753 1966 impiorum
803 1919 1025 1955 describitur

320 1984 369 2018 90
392 1994 424 2018 e.

265 2047 471 2089 Insufflare,
505 2046 543 2082 in
581 2046 694 2083 facies
733 2047 1021 2096 aegrotantium,

319 2124 400 2147 mos
441 2111 669 2147 ,Iudaeorum
714 2114 789 2148 496
829 2125 871 2157 c;
922 2112 1023 2160 Cyro

317 2176 699 2216 ascribitur-..Iudaeos
712 2176 884 2213 liberanti
899 2179 975 2213 496
985 2177 1021 2222 dg

318 2239 491 2278 Christus
511 2240 672 2276 insufflat
688 2241 876 2288 Apostolis
898 2244 974 2277 496
991 2254 1022 2278 e.

263 2304 426 2345 Insulae,
475 2317 543 2352 pro
591 2305 767 2341 Ecclesiis
811 2306 1022 2343 Gentilibus

316 2369 468 2410 dictum,
499 2376 539 2405 ut
565 2370 770 2411 stabilibus,
800 2383 869 2406 nec
895 2383 915 2406 a
941 2377 1022 2407 ten-

314 2434 520 2469 tationibus
558 2434 891 2482 afflictionibusque
935 2436 1019 2471 sub-

314 2498 449 2534 mersis
472 2500 545 2535 601
570 2511 599 2535 c.

261 2562 476 2610 Integritas,
493 2576 601 2610 quam
619 2564 666 2599 sit
686 2563 869 2612 religiosis
891 2577 1017 2601 neces-

316 2626 412 2663 saria
434 2630 510 2664 724
532 2628 566 2664 d.

262 2691 497 2734 Intercessio,
526 2698 704 2740 quantum
729 2693 828 2729 valet
853 2693 1021 2741 Angelo-

316 2769 397 2792 rum
423 2758 496 2793 661
521 2770 542 2793 a
557 2770 598 2803 e;
629 2757 854 2794 Sanctorum
875 2760 951 2794 663
973 2758 1018 2800 b;

316 2831 382 2867 per
419 2827 576 2868 quantas
620 2822 829 2864 hominum,
869 2830 1017 2858 sancto-

316 2896 473 2932 rumque
499 2886 733 2934 angelorum,
758 2899 777 2922 e
804 2887 1018 2934 captivitate

317 2947 437 2984 reditu
458 2950 565 2996 potiti
586 2956 671 2986 sunt
690 2950 826 2987 Judaei
847 2953 923 2987 697
945 2952 979 2987 b.

801 180 1015 217 INDEX
1076 181 1318 218 RERUM.

1644 197 1684 219 1N
1692 196 1792 220 FERN
1801 195 1858 218 US.

1104 301 1348 352 Interpretes,
1371 302 1506 339 Sacrae
1528 302 1754 351 Scripturae,
1775 308 1861 338 ante

1158 366 1341 414 Cyrillum
1381 367 1488 403 multi
1528 370 1544 403 1
1584 380 1629 413 a;
1679 367 1859 415 quaedam

1155 431 1289 467 iterare
1305 431 1439 473 solent,
1454 438 1554 468 recte
1569 435 1591 469 2
1607 445 1647 477 a;
1678 432 1860 468 literalem

1156 508 1307 532 sensum
1321 502 1517 545 negantes,
1534 497 1749 545 reprehensi
1766 499 1809 533 11
1823 509 1859 542 c;

1155 560 1253 596 sicut
1279 573 1379 608 apes,
1400 574 1444 597 ea
1470 574 1564 609 quae
1590 562 1731 598 Christi
1758 574 1858 610 mys-

1154 625 1247 661 teria
1295 626 1495 667 elucidant,
1540 627 1636 674 jussi
1683 626 1859 674 colligere

1155 691 1231 725 367
1264 690 1312 735 b;
1356 690 1451 738 legis
1486 691 1689 733 Mosaioae,
1724 691 1862 739 judici—

1153 754 1225 790 bus
1266 767 1414 803 semper
1452 755 1663 791 assidebant
1704 757 1778 791 763
1813 767 1858 799 a;

1153 818 1246 866 legis
1281 818 1485 860 Mosaicae,
1518 819 1709 855 Christum
1743 820 1857 855 inter-

1152 883 1332 925 ficientes,
1349 896 1370 919 a
1386 884 1538 920 Christo
1556 884 1720 920 damnati
1736 886 1811 920 763
1827 897 1858 920 c.

1100 947 1312 992 Inundatio‚
1328 949 1403 985 sive
1419 949 1542 994 maris,
1558 949 1634 984 sive
1647 941 1858 990 fluvioruln,

1154 1013 1335 1061 malignas
1383 1019 1598 1061 potestateS,
1638 1013 1859 1061 ingruentes

1153 1077 1352 1125 significat,
1407 1079 1626 1126 praesertim
1679 1077 1857 1114 Satanam

1154 1143 1227 1177 481
1252 1142 1288 1179 b.

1100 1205 1353 1248 Inventiones,
1400 1207 1611 1252 hominum,
1654 1208 1723 1243 sibi
1768 1207 1858 1256 ipsis

1152 1271 1382 1318 perniciosae
1405 1274 1480 1309 465
1503 1285 1542 1318 c;
1575 1274 1650 1309 466
1671 1273 1694 1308 b
1709 1272 1775 1308 cd.

1099 1335 1170 1377 Ira,
1197 1337 1408 1373 aversiones
1436 1338 1604 1385 sequitur
1627 1338 1792 1378 omnin0‚
1820 1343 1857 1373 et

1152 1401 1430 1447 quodammodo
1464 1402 1666 1438 comitatur
1700 1404 1775 1439 265
1811 1414 1855 1447 e;

1150 1465 1234 1505 Dei,
1264 1479 1375 1514 quam
1406 1468 1453 1502 sit
1483 1467 1685 1503 metuenda
1715 1469 1791 1503 483
1813 1479 1855 1512 eg

1151 1530 1290 1566 diluvio
1311 1538 1526 1579 comparata
1543 1534 1618 1568 484
1633 1532 1677 1577 d3
1709 1532 1855 1575 Divina,

1152 1601 1257 1631 tanta
1271 1602 1340 1637 est,
1356 1602 1495 1644 quanta
1508 1597 1700 1632 hominum
1716 1596 1856 1632 scelera

1150 1663 1227 1697 615
1243 1661 1286 1706 b;
1317 1661 1386 1697 Dei
1401 1662 1438 1696 in
1452 1660 1620 1697 Judaeos
1636 1668 1722 1697 ante
1738 1663 1853 1709 capti·

1148 1726 1303 1762 vitatem
1324 1726 1510 1773 descripta
1532 1728 1609 1762 654
1630 1727 1667 1762 b.

1095 1791 1221 1835 Israel,
1260 1797 1429 1838 tempore
1469 1792 1652 1827 Roboami
1696 1803 1855 1838 regnare

1147 1856 1284 1903 incepit
1307 1859 1328 1891 4
1350 1856 1397 1899 b;
1428 1861 1465 1891 et
1491 1856 1537 1891 ab
1566 1855 1745 1897 Ecclesia,
1770 1861 1806 1891 et
1833 1868 1854 1890 a

1147 1920 1337 1968 republica
1359 1920 1494 1956 defecit
1518 1923 1539 1957 5
1562 1933 1603 1965 a;
1633 1933 1700 1967 pro
1722 1920 1852 1956 Sama-

1147 1986 1228 2021 ritis
1258 1985 1543 2032 intelligendum
1576 1987 1598 2021 5
1620 1997 1660 2030 c;
1693 1988 1713 2020 7
1737 1997 1778 2029 c;
1816 1984 1853 2019 in

1147 2056 1294 2086 montes
1309 2056 1345 2086 et
1362 2050 1497 2085 fluvios
1512 2050 1714 2086 Medorum
1731 2055 1852 2085 trans-

1145 2115 1244 2150 latus
1266 2118 1288 2151 9
1311 2128 1351 2160 c;
1382 2121 1550 2162 tempore
1572 2114 1714 2151 Christi
1744 2113 1853 2149 desiit

1147 2182 1196 2216 22
1219 2180 1263 2224 b;
1299 2192 1320 2215 a
1348 2179 1498 2215 nomine
1528 2179 1656 2227 populi
1686 2178 1756 2214 Dei
1787 2178 1850 2214 de-

1146 2244 1339 2291 generavit
1361 2245 1411 2279 26
1432 2256 1473 2288 a;
1509 2256 1573 2291 spe
1600 2243 1742 2279 reditus
1762 2255 1850 2279 con-

1146 2309 1289 2344 solatur
1319 2311 1367 2345 27
1390 2321 1431 2353 e3
1471 2321 1546 2355 quo
1577 2321 1688 2344 sensu
1717 2307 1852 2343 redibit

1146 2376 1194 2410 28
1218 2374 1262 2418 d;
1305 2378 1390 2422 post
1415 2373 1696 2420 Captivitatem,
1727 2371 1852 2408 <Iudae

1145 2439 1370 2486 conjunctus
1388 2439 1437 2474 29
1453 2450 1493 2482 c;
1525 2437 1770 2473 daemonibus
1787 2436 1849 2471 de-

1145 2503 1245 2538 ditus
1268 2505 1316 2538 34
1338 2515 1381 2547 c;
1422 2502 1500 2549 ipse
1529 2514 1596 2537 sua
1621 2501 1720 2536 idola
1747 2512 1848 2548 sper-

1143 2568 1256 2603 nebat
1304 2570 1353 2603 40
1393 2567 1437 2611 d;
1501 2567 1632 2602 diebus
1669 2566 1774 2601 sestis
1812 2571 1849 2601 et

1145 2631 1311 2667 sabbato
1359 2632 1530 2679 privatus
1569 2633 1615 2666 41
1653 2643 1697 2675 a3
1759 2630 1848 2665 item

1143 2702 1262 2731 terrae
1283 2696 1466 2731 fructibus
1489 2698 1538 2731 42
1560 2695 1604 2739 b;
1635 2694 1848 2730 claudicans

1142 2760 1240 2796 inter
1261 2760 1384 2796 Deum
1408 2766 1445 2796 et
1466 2760 1557 2795 Baal
1577 2758 1849 2794 condemnatur

1145 2827 1189 2860 41
1215 2837 1256 2870 c;
1289 2827 1338 2861 79
1360 2837 1401 2870 a3
1441 2826 1514 2860 125
1537 2823 1581 2868 (1;
1619 2834 1693 2869 quo
1723 2835 1848 2867 sensu,

1141 2889 1279 2935 praeda
1295 2888 1425 2924 bestiis
1443 2890 1491 2923 42
1507 2887 1551 2932 d;
1579 2886 1723 2922 velatus
1736 2887 1848 2923 corde

1144 2955 1192 2988 48
1211 2965 1253 2996 c;
1284 2952 1330 2987 ad
1346 2958 1510 2987 montem
1529 2950 1632 2987 Sinai
1648 2963 1845 2999 regenera-
