1997 3361
42 584 63 622 5

20 1164 66 1189 10

22 1632 67 1670 15

85 134 110 176 i.
137 147 285 190 15—17.
533 136 600 176 IN
648 136 926 176 ABACUC.
989 134 1136 174 '1¹0M‘.
1175 134 1205 173 1.
1599 132 1653 169 89

81 245 136 295 οὑ
161 244 254 311 γὰρ
278 244 335 310 ἦν
359 247 407 296 ἐν
430 245 538 309 ἡμῖν
564 246 801 304 εὐσεβείας
836 246 993 309 λόγος,
1019 244 1073 293 οὐ
1104 241 1238 310 φωνὴ
1270 239 1548 309 δοξολογίας
1573 240 1654 300 τῆς

82 330 144 380 εἱς
189 327 328 390 Θεὸν,
366 329 827 391 ἁλληλοκτονοῦντες
871 327 918 377 δὲ
962 331 1152 390 μᾶλλον
1198 326 1272 375 καὶ
1315 323 1433 389 ζωὴν
1472 321 1655 388 ἔχοντες

81 407 166 472 τὴν
213 409 536 475 ἀλογωτοῖτην,
589 409 768 472 ἰχθύσιν
811 411 859 459 ἐν
908 408 998 477 ἴσῳ
1048 411 1340 469 διετελοῦμεν
1382 407 1430 454 ἐν
1474 403 1698 471 κόσμῳμί

82 489 245 556 πικρός
276 514 325 542 τε
356 489 414 554 ἧν
448 493 592 544 οὕτως
622 493 670 541 ἐν
703 490 887 560 ἑκάστῳ
914 496 1030 551 νοῦς,
1067 492 1128 542 ὡς
1166 489 1252 552 ἤδη
1292 489 1440 537 δοκεῖν
1472 487 1655 548 ἐκτεθη-

83 576 281 635 ριῶσθαι
314 577 575 635 παντελῶς,
615 575 689 623 καὶ
721 578 815 626 τοῖς
854 572 1058 630 ἱοβόλοις
1099 571 1215 620 ὅσον
1250 570 1357 634 ἧκεν
1391 573 1453 622 εἷς
1484 568 1656 629 θυμοὺς

83 656 158 704 καὶ
201 656 384 721 πικρίας
426 654 454 718 ἦ
498 655 666 706 λοιπὸν
708 658 1028 719 παρισῶσθαι,
1071 653 1098 716 ἦ
1146 655 1219 703 καὶ
1264 652 1328 702 ἔτι
1373 651 1431 701 τὰ
1475 650 1657 700 ἐκείνων

81 736 349 802 ἐπείγεσθαι
389 743 529 789 νικᾶν.

86 983 339 1025 Συντελειαν
376 986 420 1026 ὲν
456 985 668 1042 ἀΓκίστρῳ
700 986 929 1036 ἀνέσπασε,
957 985 1024 1025 καὶ
1063 985 1255 1025 εἵλκυσεν
1291 984 1417 1025 αὐτὸν
1455 984 1498 1023 ἐν
1527 984 1657 1037 αμφι-
1682 990 1725 1025 15

152 1069 358 1124 βλιὶστρῳ,
385 1070 452 1109 καὶ
486 1071 716 1117 συνύΓαι-εν
755 1070 882 1111 αὑτὸν
909 1070 953 1110 ἐν
982 1066 1073 1110 ταῖς
1101 1070 1304 1115 σαι-ιἰναιε
1331 1068 1473 1109 αὑτοῦ·
1512 1068 1654 1107 ἕνεκεν
1681 1067 1724 1101 16

151 1153 302 1192 τούτου
340 1153 682 1209 εὐφρανθήσεται
721 1153 789 1194 καί
827 1153 1056 1210 χαρήσεται
1090 1152 1112 1192 ᾖ
1149 1151 1300 1208 καρδία
1334 1151 1474 1191 αὐτοῦ·
1514 1152 1656 1191 ἕνεκεν

151 1236 302 1276 τούτου
340 1237 454 1277 θύσει
491 1240 542 1294 τῷΙ
581 1237 741 1294 σαΓήνῌ
772 1237 900 1277 αὑτοῦ
941 1235 1008 1276 καὶ
1047 1235 1237 1283 θυμιάσει
1265 1236 1325 1288 τῷ
1350 1233 1697 1289 ἀμφιβλήστρῳο

153 1319 296 1369 αὐτοῦ,
330 1321 394 1361 ὅτι
432 1320 476 1360 ὲν
511 1318 653 1361 αὐτοῖς
691 1319 867 1362 ἑλίῐτανε
905 1319 1055 1376 μερίδα
1094 1319 1222 1360 αὐτοῦ
1259 1318 1325 1358 καί
1364 1318 1413 1358 τὰ
1453 1315 1657 1372 βρώματα

152 1401 282 1442 αὐτοῦ
315 1402 509 1444 ἐκλεκτοί·
549 1403 617 1444 διὰ
656 1407 782 1445 τοῦτο
815 1401 1049 1458 ἀμφιβαλεῖ
1084 1402 1132 1444 τὸ
1166 1400 1487 1456 ἀμφίβληστρον
1515 1399 1657 1448 αὐτοῦ,
1681 1407 1724 1443 17

153 1485 220 1525 καὶ
248 1485 315 1526 διὰ
343 1486 502 1529 Παντὸς
528 1487 779 1528 ὀποκτένειν
805 1486 906 1527 ἔθνΗ
934 1485 982 1526 οὐ
1010 1484 1217 1541 φείσεται.

159 1617 314 1685 Ἰχθῦς
351 1617 589 1682 ὀνομάσας
622 1619 941 1685 ἐμφιλοχωρεΐ
970 1616 1035 1668 ἐτι
1072 1619 1130 1684 τῇ
1169 1618 1335 1682 τροπῇ,
1361 1615 1435 1665 καὶ
1471 1616 1532 1667 ὡς
1557 1613 1665 1678 περί

86 1721 208 1753 τινος
245 1703 340 1751 τῶν
377 1704 775 1767 θαλασσουργῶν,
803 1699 949 1765 ἤγουν
986 1703 1080 1749 τῶν
1118 1697 1287 1748 ἁλιέων
1323 1701 1518 1748 ποιεῖται
1555 1695 1663 1749 τοὺς

87 1779 274 1847 λόγους.
341 1785 612 1850 ἶχθυοθῆραι
642 1781 727 1847 μὲν
750 1781 844 1848 γὰρ
875 1785 970 1832 τῶν
996 1781 1122 1832 ἰδίων
1148 1777 1522 1844 ἐπιτηδευμάτων
1544 1776 1664 1829 κατὰ

87 1861 299 1918 πολλοὺς
341 1864 566 1916 ἅπτονται
604 1864 821 1931 τρόπους.
893 1862 923 1928 ἢ
961 1863 1054 1930 γὰρ
1092 1862 1363 1929 ἀγκίστροις
1401 1859 1663 1927 ἁρπάζουσι

88 1943 194 1998 τοὺς
235 1947 378 2013 ἰχθῦς,
414 1949 489 1997 καὶ
525 1948 805 2014 σκαίροντας
843 1947 892 1997 ἐκ
917 1945 1134 2010 κυμάτων
1160 1946 1412 2008 ἀνιμῶνται
1437 1947 1537 1996 ταῖς
1576 1945 1656 2009 ὁρ·
1679 1970 1702 1994 a
1736 1961 1811 1995 531
1835 1959 1883 1994 A.

22 2049 73 2074 20
88 2031 225 2090 μιαΐς,
268 2026 297 2092 ἢ
348 2029 568 2094 σαγήναις
611 2027 1006 2097 περιφράττοντες
1047 2027 1241 2078 ἕλκουσι
1285 2025 1404 2076 κατὰ
1451 2023 1659 2089 πληθὺν,

89 2108 234 2174 ἤγουν
262 2108 431 2175 ἑτέροις
463 2112 561 2160 τισὶ
588 2109 964 2176 καταπυκάζουσι
990 2111 1150 2163 λίνοις.
1216 2107 1333 2160 ἐπὰν
1359 2107 1406 2159 δὲ
1434 2104 1490 2169 δὴ
1515 2105 1663 2171 πράτ-

89 2213 210 2241 τωσι
248 2191 422 2259 δεξιῶς,
454 2196 653 2243 πολλῶν
689 2191 1126 2258 συναγηγερμένων,
1159 2191 1376 2258 χαίρουσι
1414 2192 1471 2257 τῇ
1510 2187 1663 2256 τέχνῃ,

90 2274 165 2323 καὶ
210 2277 304 2327 τοῖς
353 2274 500 2328 λίνοις
547 2275 795 2341 μονονουχὶ
845 2273 1174 2336 καταθύουσιν,
1224 2274 1286 2326 ὡς
1332 2270 1664 2337 λιπαρωτάτην

142 2485 172 2509 1.
198 2474 234 2509 ἐν
249 2480 471 2520 assumptum
488 2486 529 2509 ex
549 2474 643 2509 B.D.
869 2484 903 2519 3.
929 2473 988 2517 τὴν
1005 2480 1226 2518 assumptum
1244 2485 1284 2507 ex
1304 2473 1350 2507 D.
1413 2472 1449 2506 ἐν
1465 2471 1530 2518 ἴσῳ
1548 2472 1665 2517 ἰχθύσι

93 2522 164 2556 inv.
182 2521 304 2556 ordine
322 2522 369 2556 D.
534 2534 567 2564 4.
594 2522 630 2555 δὲ
648 2532 711 2566 pro
727 2534 763 2554 τε
782 2520 829 2554 D.
894 2520 1153 2564 ε’ντεθηριῶσθαι
1172 2521 1218 2554 D.
1376 2518 1408 2554 6.
1434 2520 1665 2563 παρισοῦσθαι

91 2569 213 2603 λοιπὸν
226 2569 273 2602 D.
322 2569 376 2602 καὶ
393 2569 452 2603 alt.
466 2574 688 2613 assumptum
701 2580 742 2601 ex
758 2567 851 2601 B.D.
899 2567 947 2601 ἔτι
965 2574 1043 2611 post
1056 2567 1102 2600 ἐκ.
1118 2574 1160 2600 tr.
1174 2566 1220 2600 D.
1362 2567 1395 2599 8.
1413 2565 1558 2600 ἕλκυσεν
1574 2566 1664 2601 Edd.

97 2625 150 2649 10.
176 2615 229 2649 καὶ
245 2614 432 2660 χαρήσεται
449 2627 519 2649 om.
539 2615 585 2648 D.
605 2615 718 2658 (153.)
963 2624 1015 2648 Π.
1041 2616 1081 2658 τῇ
1100 2612 1229 2659 σαγήνῃ
1247 2618 1279 2646 et
1296 2615 1341 2658 τῷ
1359 2612 1510 2656 ἆμφιΒλ.
1524 2613 1612 2646 inter
1630 2625 1667 2647 Se

92 2665 329 2706 transponunt
347 2662 393 2695 D.
412 2662 529 2705 (Alex.
547 2661 590 2696 cf.
610 2661 711 2704 XII.)
731 2659 789 2694 sed
808 2660 852 2694 cf.
871 2660 971 2694 infra.
1325 2670 1377 2702 13.
1396 2657 1466 2704 διὰ]
1491 2663 1527 2699 -1-
1549 2674 1599 2693 -ι-οι
1619 2659 1664 2703 D.

98 2719 152 2750 14.
168 2708 360 2742 ἀποκτένειν
375 2708 416 2742 Β.
429 2708 505 2753 (22.
520 2707 584 2752 al.)
601 2708 772 2742 ἀποκτενεῖ
791 2707 836 2741 D.
855 2706 931 2751 (42,
946 2718 989 2750 49
1007 2718 1048 2740 ex
1066 2718 1166 2746 corr„
1179 2705 1235 2745 62,
1251 2705 1308 2745 86,
1326 2705 1423 2749 147.)
1439 2704 1667 2750 [ἀποκτέννειν

94 2753 195 2800 Vat.]
208 2754 412 2790 ἀποκτείνειν
430 2754 520 2789 Edd.
541 2756 614 2799 (95,
636 2765 711 2799 153,
734 2754 826 2798 185.)
941 2763 992 2797 15.
1010 2753 1059 2786 ἔτι
1076 2759 1297 2796 assumptum
1313 2764 1353 2785 ex
1370 2752 1415 2786 D.
1468 2752 1520 2786 16.
1539 2752 1557 2796 ἢ
1574 2752 1665 2787 Edd.

94 2804 161 2835 τῶν
176 2813 246 2836 0111.
265 2801 312 2836 D.
458 2810 510 2847 17.
536 2801 734 2846 ι’χθυοθῆρες
753 2801 798 2834 D.
847 2800 906 2843 μὲν
923 2811 993 2833 om.
1009 2799 1055 2833 D.
1198 2810 1252 2832 20.
1279 2798 1556 2843 περιφρίττοντες
1573 2799 1665 2834 Edd.

97 2857 151 2882 21.
178 2849 445 2890 καταπυκάζουσι
473 2849 518 2882 D.
544 2849 828 2889 κατασκευάζουσι
855 2845 946 2880 Edd.
974 2845 1148 2880 Neutrum
1174 2845 1277 2879 habet
1298 2845 1338 2879 B.
1403 2846 1485 2880 ἐπὰν
1510 2846 1545 2879 δέ
1573 2846 1665 2880 B.D.

95 2894 229 2974 ἐπειδὲὶν
246 2895 282 2928 δὲ
292 2895 392 2974 Igldd.
465 2895 504 2938 δὴ
522 2901 742 2938 assumptum
761 2906 799 2927 ex
822 2892 863 2926 B.
1301 2903 1354 2938 23.
1381 2894 1449 2928 τοῖς
1466 2893 1571 2928 λίνοις
1588 2898 1667 2937 post

96 2954 176 2975 κατα
204 2967 211 2974 .
228 2948 271 2974 tr.
330 2967 338 2976 .

154 3010 245 3040 VOL.
268 3011 315 3039 ΙΙ.
868 3009 894 3036 Ν
