1997 3361
97 160 153 201 iii.
183 164 330 217 18‚19.
535 166 607 207 IN
648 168 925 212 ABACUC.
986 172 1136 216 TOM.
1171 175 1232 216 ΙΙ.
1586 182 1662 221 105

93 272 254 324 πέσιος
283 275 475 328 Παῦλος
512 273 565 324 τό
593 283 619 304 “
639 277 714 326 Οὐ
748 279 979 345 φιμώσεις
1015 286 1132 341 βοῦν
1163 285 1420 347 ἀλοῶντα,”
1449 292 1545 341 ταῖς
1572 294 1666 341 τῶν
1733 294 1838 374 {J'ffj

93 353 392 405 διδασκάλων
424 356 689 423 προσάπτει
729 364 969 427 κεφαλαῖς,
1009 364 1314 429 διερμηνεύων
1348 368 1458 433 ἡμῖν
1495 376 1666 439 σαφῶς
1687 379 1889 453 digium-

92 433 151 484 τὰ
185 436 234 485 ἐν
267 435 407 506 νόμῳ.
475 440 792 492 ἐκλελοιπέναι
826 444 974 507 γεμὴν
1009 445 1092 499 τὰς
1122 449 1227 504 βοῦς
1263 449 1308 518 ἐξ
1341 451 1498 507 ἰάσεως
1532 454 1669 506 αὐτῶν

93 521 227 583 φησι.
291 520 367 569 καὶ
407 519 508 571 ε”στι
547 520 632 584 μὲν
673 523 865 592 ἀσαφὴς
907 527 932 576 ὁ
970 526 1128 593 λόγος·
1183 532 1323 594 δηλοῖ
1360 533 1508 599 γεμὴν
1550 535 1669 599 τόδε,

50 618 73 657 5
93 599 301 666 καθάπερ
333 603 509 671 ἐγῷμαι
539 603 702 655 πάλιν.
765 606 920 670 ἐπειδὴ
955 608 1047 675 γὰρ
1084 613 1442 681 ἀπεσπούδαζον
1476 618 1669 680 ἀμαθῶς

91 680 145 731 τὸ
183 685 345 734 ἰᾶσθαι
381 684 509 750 παρὰ
539 689 768 752 Χριστοῦ,
793 690 940 740 καίτοι
974 693 1231 757 ῥωννύντος
1269 695 1349 747 τὸν
1382 700 1559 763 ἀσθενῆ
1592 704 1667 752 καὶ

92 765 376 819 δικαιοῦντος
413 765 495 817 τὸν
528 770 696 833 ἀσεβῆ,
723 770 941 839 ταύτῃτοι
967 775 1041 824 καὶ
1071 776 1384 842 ἐκλελοίπασι,
1410 783 1666 846 τουτέστιν,

92 844 293 898 εἰσάπαν
329 848 600 913 ἠσθένησαν
638 854 714 902 καὶ
748 853 1070 920 κεχωρήκασιν
1108 861 1169 912 εἰς
1206 858 1260 911 τὸ
1294 863 1451 926 μηδέν.
1520 865 1667 917 δεινὸν

92 928 172 978 οὖν
198 928 288 995 ἄρα
313 929 366 981 τὸ
401 934 710 998 προσκρούειν
743 938 864 1003 Θεῷ,
898 939 973 988 καὶ
1012 940 1241 1006 ἀκαρπίας
1275 942 1407 995 ἔσται
1437 948 1667 1016 πρόξενον

20 1006 73 1062 ἰο
91 1013 172 1073 τῆς
205 1011 424 1079 ἐσχάτης.
487 1015 788 1079 ἀπορήσομεν
820 1016 868 1068 δὲ
907 1022 981 1070 καὶ
1020 1025 1198 1089 τροφῆς
1228 1027 1310 1088 τῆς
1343 1033 1664 1095 πνευματικῆς,
1683 1057 1704 1083 ο

22 1541 68 1579 15

20 1988 68 2013 20

91 1094 164 1142 καὶ
189 1092 363 1148 παντὸς
387 1095 591 1147 ἐπέκεινα
616 1104 759 1149 κακοῦ
783 1101 1052 1153 τούντεῦθεν
1079 1104 1296 1168 ἐσόμεθα.

87 1276 203 1324 'El-0¹0
240 1278 285 1320 δὲ
321 1279 365 1320 ὲν
402 1283 463 1334 τῷ
501 1280 638 1338 Κυρίῳ
670 1284 997 1338 ἀΓαλλιάσομαι,
1023 1290 1263 1346 χαρήσομαι
1292 1292 1362 1334 ἐπὶ
1395 1296 1455 1348 τῷ
1481 1295 1578 1350 Θεῷ
1603 1300 1664 1352 τῷ
1688 1302 1732 1336 18

158 1360 327 1418 Σωτῇρί
358 1378 451 1411 μου·
491 1363 636 1422 Κύριος
667 1367 690 1408 ὁ
717 1367 823 1409 Θεόε
860 1384 939 1417 μου
978 1370 1149 1421 δύναμίς
1186 1390 1278 1426 μου,
1306 1376 1373 1416 καί
1411 1378 1527 1421 τάξει
1564 1381 1662 1422 τοὺς
1687 1401 1731 1435 19

156 1444 291 1487 Πόὸαε
339 1461 418 1494 μου
466 1445 526 1488 εἰς
575 1452 833 1493 συντέλειαν·
882 1454 952 1496 ἐπὶ
994 1455 1044 1496 τὰ
1089 1456 1231 1507 Gummi
1282 1459 1448 1520 ἐπιβιβᾷ
1489 1478 1552 1514 με,
1591 1468 1663 1505 τοῦ

154 1528 320 1569 νικῆσαί
356 1545 406 1577 με
444 1530 486 1572 ἑν
524 1535 574 1589 τῇ
612 1532 701 1591 ᾠδῇ
740 1535 877 1577 αὐτοῦ.

158 1634 393 1688 Ἐνταῦθα
436 1639 605 1690 λοιπὸν
648 1639 677 1706 ὴ
719 1643 831 1694 αὐτὸ
875 1643 929 1696 τὸ
972 1653 1055 1697 τοῦ
1100 1650 1360 1719 Προφήτου
1398 1653 1660 1719 πρόσωπον

87 1717 404 1782 εἶσεκόμισται
441 1726 625 1790 σαφῶς,
651 1723 710 1774 τὰ
742 1727 893 1778 τοιάδε
932 1728 1091 1795 λέγον·
1132 1731 1278 1796 η’γουν
1307 1739 1401 1785 τῶν
1427 1737 1475 1786 ἐν
1500 1738 1658 1789 πίστει

86 1800 443 1864 δεδικαιωμένων
477 1804 593 1872 φαίη
631 1828 700 1860 τις
737 1806 793 1858 ἂν
834 1806 947 1860 εἶναι
985 1809 1091 1865 τοῦς
1129 1812 1314 1878 λόγους,
1349 1816 1392 1867 οἳ
1430 1820 1696 1883 θυμηδίανα
1723 1839 1806 1874 577
1825 1839 1874 1874 A.

85 1888 321 1934 ποιοῦνται
344 1884 571 1950 Χριστὸν,
599 1890 673 1938 καὶ
705 1890 922 1956 χαίρουσι
955 1891 1037 1955 μὲν
1063 1894 1130 1945 ἐπ’
1159 1897 1296 1966 αὐτῷ,
1323 1901 1398 1950 καὶ
1423 1903 1504 1964 τῆς
1529 1903 1655 1954 ἐνού-

86 1985 176 2028 σης
215 1966 369 2020 αὐτοῖς
404 1967 663 2023 εῦσθενείας
701 1973 906 2038 χορηγὸν
944 1976 1314 2045 ἀναγράφουσιν,
1353 1984 1401 2032 ἐν
1445 1984 1569 2053 αὐτῷ
1605 2008 1655 2036 τε

86 2045 144 2095 τὰ
175 2046 327 2098 πάντα
358 2048 590 2100 δύνασθαί
624 2056 760 2120 φασι,
794 2055 1003 2123 καθάπερ
1035 2056 1196 2120 ἀμέλει
1226 2064 1302 2113 καὶ
1340 2064 1365 2113 ὁ
1404 2067 1655 2121 θεσπέσιος

88 2130 279 2182 Παῦλος
327 2137 354 2159 “
375 2129 541 2182 Πάντα
592 2134 756 2201 ἰσχύω,
799 2140 963 2205 φησὶν,
1007 2141 1054 2190 ἐν
1104 2146 1171 2211 τῷ
1220 2144 1552 2210 ἐνδυναμοῦντί
1595 2172 1652 2211 με
1714 2162 1858 2194 Phil-iv-

87 2216 113 2238 ‘⁶
137 2212 375 2281 Χριστῲ.”
439 2213 620 2281 ψάλλει
652 2217 710 2267 δέ
737 2241 828 2270 που
860 2222 935 2271 καὶ
970 2223 994 2272 ὁ
1027 2224 1251 2291 μακάριος
1289 2229 1462 2280 Δαυείδ
1493 2237 1520 2259 “
1538 2230 1651 2283 ΓὈτι
1712 2216 1767 2322 lif}-

1719 2304 1860 2367 lxngm.

132 2380 164 2409 4.
190 2368 265 2415 μὲν]
285 2370 320 2404 δέ
340 2371 385 2406 D.
434 2372 555 2418 γεμὴν]
574 2374 610 2408 δέ
629 2375 720 2409 Edd.
769 2377 845 2411 τόδε
863 2381 944 2423 post
959 2380 1062 2414 πάλιν
1077 2387 1120 2414 tr.
1135 2382 1181 2417 D.
1427 2398 1461 2433 5.
1479 2389 1652 2426 ἀπεσπού-

86 2413 184 2456 δαζον
202 2415 294 2451 B.D.
312 2417 631 2463 ἇπερισπούδαστον
648 2422 738 2456 Edd.
860 2425 892 2459 6.
917 2427 1084 2473 Χριστοῦ]
1105 2430 1230 2473 Κυρίου
1248 2431 1292 2465 D.
1421 2444 1452 2479 7.
1478 2437 1650 2484 τουτέστι]

87 2463 187 2505 ἤγουν
204 2462 249 2496 D.
504 2478 538 2512 9.
563 2467 619 2513 τὸ]
639 2483 670 2502 τι
687 2469 745 2504 iid.
793 2471 1037 2515 ἀκαρπίας-δέ
1054 2474 1124 2520 καὶ]
1143 2476 1306 2521 ἀκαρπίας
1322 2478 1427 2515 αἴτιον
1443 2483 1496 2516 καὶ
1513 2483 1653 2528 ἀπορίας

87 2511 274 2554 σωματικῆς
289 2525 325 2544 τε
344 2511 390 2545 D.
527 2524 580 2548 10.
598 2516 651 2549 καὶ
667 2528 730 2561 pro
747 2518 804 2561 τῆς
821 2519 879 2552 alt.
899 2518 944 2553 D.
1083 2533 1134 2557 11.
1160 2523 1310 2559 ἐντεῦθεν
1328 2526 1375 2561 D.
1425 2528 1585 2573 εἰσόμεθα
1604 2532 1651 2567 D.

90 2564 141 2596 14.
166 2555 233 2600 ἐπὶ]
253 2558 306 2591 καὶ
323 2557 377 2592 ἐπὶ
394 2559 441 2593 D.
460 2559 505 2603 (a.
524 2560 579 2605 36.
597 2562 656 2605 al.)
706 2563 870 2604 ἐπιβιβῶν
887 2565 934 2599 D.
954 2565 1042 2610 (26.)
1199 2581 1250 2613 15.
1276 2586 1317 2614 με
1334 2575 1477 2608 accessit
1496 2587 1536 2609 ex
1556 2576 1649 2612 B.D.

87 2599 226 2646 (Alex.)
473 2605 525 2640 16.
551 2606 570 2650 ἢ
588 2616 810 2655 assumptum
827 2623 867 2644 ex
886 2623 915 2645 a.
935 2612 1030 2647 deest
1046 2613 1082 2648 in
1100 2614 1147 2650 D.
1198 2617 1322 2652 Statim
1339 2620 1377 2653 τὸ
1394 2620 1496 2655 αὐτοῦ
1512 2626 1572 2656 τοῦ
1588 2636 1651 2668 pro

86 2647 166 2681 αὐτὸ
182 2650 220 2682 τὸ
234 2652 293 2684 τοῦ
310 2662 340 2685 a.
404 2652 442 2685 τὸ
459 2664 527 2687 0111.
546 2654 593 2688 D.
784 2666 837 2702 17.
862 2657 881 2701 ἦ
899 2670 929 2692 a.
1151 2663 1203 2697 18.
1229 2665 1313 2708 φαίη
1331 2677 1400 2701 om.
1420 2667 1467 2701 D.
1533 2669 1651 2716 Pergit

87 2690 135 2728 τίς
151 2694 194 2729 ὡς
210 2695 307 2730 εἶκαὶ
331 2697 372 2731 δι’
390 2698 532 2735 ἐκείνους
554 2701 709 2743 εὐθυμίας
733 2717 769 2737 τε
794 2703 1012 2749 ἐνεπλήσθην·
1038 2706 1127 2741 ἀλλὰ
1152 2710 1205 2743 καὶ
1230 2710 1283 2744 διὰ
1308 2713 1367 2755 τὴν
1390 2716 1450 2747 τοῦ
1476 2719 1562 2750 Θεοῦ
1585 2732 1650 2760 μου

87 2738 187 2783 δόξαν
203 2742 261 2785 τὴν
276 2742 401 2778 ἅπασιν
417 2745 603 2790 ἀνθρώποις
620 2748 724 2792 δήλην
740 2752 965 2795 γενησομένην
988 2753 1041 2786 καὶ
1065 2755 1225 2798 γάννυμαι
1247 2757 1299 2791 καὶ
1324 2763 1460 2802 σκιρτῶ·
1478 2761 1649 2807 ὑπερείσει

87 2786 151 2829 ’γάρ
167 2802 230 2830 μου
245 2791 303 2833 τῆς
318 2790 456 2835 φύσεως
472 2793 531 2836 τὴν
547 2794 733 2836 ἀσθένειαν,
752 2797 805 2830 καὶ
822 2798 913 2841 δίκην
930 2798 1063 2843 ἐλάφου
1080 2801 1156 2836 τοὺς
1172 2801 1269 2847 ὄφεις
1293 2805 1346 2838 καὶ
1370 2806 1447 2842 τοὺς
1466 2810 1649 2852 σκορπίους

89 2832 141 2865 καὶ
161 2834 202 2866 τὰ
226 2839 426 2878 πνευματικὰ
449 2840 507 2881 τῆς
530 2843 688 2886 πονηρίας
713 2843 870 2887 ἐκδιώξει·
895 2844 956 2880 ἕως
977 2844 1018 2879 ἂν
1041 2847 1079 2880 τὸ
1104 2847 1194 2892 ὕψος
1218 2851 1275 2893 τῆς
1299 2851 1417 2896 ἀρετῆς
1439 2853 1647 2899 ἐφικόμενος,

89 2878 145 2911 τὸν
168 2879 322 2917 ἐπινίκιον
346 2883 447 2927 ὕμνον
468 2884 544 2930 {io-‹2›
568 2890 614 2932 τῷ
635 2891 761 2934 σωτῆρι
786 2891 838 2924 καὶ
862 2906 980 2935 ποιητῃ
998 2897 1134 2939 Χριστῷ
1157 2899 1203 2929 τῶ
1223 2896 1287 2943 θεῷ
1305 2897 1406 2941 ἡμῶν,
1424 2899 1450 2946 ᾦ
1467 2901 1486 2946 ἡ
1503 2902 1586 2946 δόξα
1603 2905 1650 2940 εἷς

90 2924 164 2959 τοὺς
180 2926 306 2964 αἰῶνας.
334 2930 418 2973 ἀμήν
438 2932 482 2966 D.
501 2933 560 2975 (cf.
577 2935 784 2972 Theodoret.
803 2937 845 2971 ad
863 2938 944 2981 loc.)
992 2936 1032 2972 ἂν
1049 2948 1269 2986 assumptum
1285 2955 1326 2980 ex
1345 2946 1413 2982 a.b.
1536 2961 1591 2985 21.
1610 2952 1650 2985 τὰ

90 2980 305 3018 assumptum
324 2988 363 3011 ex
380 2977 454 3013 Ra.
473 2979 568 3015 deest
585 2981 620 3015 in
638 2981 672 3018 b.
863 2995 916 3018 22.
943 2985 1138 3030 δυναμοῦντι
1158 2989 1249 3024 Edd.
