2053 3382
99 580 113 601 2
133 572 205 601 Cor.

96 615 140 645 iii.
162 621 210 652 15.

98 799 152 828 ΡΗ.

97 840 200 872 lxviii.
212 848 260 879 ²4·

104 1222 185 1256 '772
200 1219 248 1253 A.

312 204 397 244 474
700 203 747 241 B.
793 198 1073 241 CYRILLI
1125 193 1508 237 ALEXANDR.
1771 185 1899 225 xii.1.

313 333 466 374 μενος,
509 313 584 362 καὶ
628 310 721 372 μὴν
763 310 838 358 καὶ
887 306 1124 375 ὀφθαλμος
1171 306 1195 355 ὁ
1237 301 1548 371 τυφλούμενος.
1619 294 1771 364 δεξιὸν
1811 293 1903 358 γὰρ

316 391 448 443 οὐδὲν
491 390 620 458 παρὰ
663 395 757 444 τοῖς
797 388 1035 439 Ἰουδαίων
1078 385 1254 450 δήμοις,
1296 385 1350 434 οὐ
1393 382 1564 450 πρᾶξις
1605 375 1778 443 ἀγαθὴ,
1822 375 1904 425 οὐκ

317 473 455 541 ἰσχὺς
500 474 525 537 ἡ
570 475 618 524 ἐν
662 471 857 533 τούτοις,
903 470 956 520 οὐ
1001 468 1060 520 τὰ
1103 470 1153 518 ἐκ
1197 467 1320 517 θείου
1365 463 1524 534 φωτὸς
1569 465 1630 514 εἷς
1675 464 1785 509 νοῦν
1829 457 1904 506 καὶ

319 556 523 621 καρδίαν.
579 557 642 608 ὡς
679 552 772 620 γὰρ
811 554 836 603 ὁ
880 550 1073 603 Παῦλός
1115 554 1266 618 φησιν
1301 545 1485 614 “''Axpt
1525 542 1734 608 σήμερον
1774 538 1906 602 ἡνίκα

280 644 347 691 e“
374 635 432 687 ἀν
476 636 855 701 ἀναγινώσκηται
903 635 1133 695 Μωυσῆς,
1179 629 1405 692 κάλυμμα
1455 629 1528 678 ἐπὶ
1578 624 1664 688 τὴν
1714 621 1949 686 καρδίαν5

321 719 475 769 αὐτῶν
514 718 696 769 κεῖται.”
751 717 935 785 ψάλλει
981 714 1034 765 δέ
1072 736 1164 764 που
1208 714 1281 762 καὶ
1321 713 1346 761 ὁ
1388 709 1562 761 Δαυεὶδ
1604 707 1709 771 περὶ
1755 704 1908 753 αὐτῶν

323 808 349 830 “
376 799 782 864 Σκοτισθήτωσαν
831 802 872 849 οἱ
922 796 1165 865 ὀφθαλμοὶ
1217 794 1369 843 αὐτῶν
1418 796 1500 842 τοῦ
1550 787 1614 852 μὴ
1664 783 1903 847 βλε’πειν.”

322 881 467 933 σκαιὰ
507 881 564 946 δὴ
605 882 685 932 οὖν
726 879 910 932 ἅπαντα
953 877 1012 929 τὰ
1056 878 1163 942 παρ’
1209 876 1377 936 αὐτοῖς,
1423 871 1508 924 κάν
1547 870 1724 936 τρόπον
1763 865 1905 932 εἴπῃς,

321 963 408 1015 κάν
448 963 614 1028 νόημα,
660 962 745 1013 κᾶν
790 960 945 1026 ἕτερόν
987 983 1031 1010 τι
1076 964 1169 1010 τῶν
1212 961 1458 1022 προσεῖναι
1507 948 1901 1011 πεπιστευμένων.

322 1051 416 1097 τῶν
448 1045 532 1108 μὲν
559 1045 653 1111 γὰρ
685 1047 945 1110 ἀριστερῶν
972 1043 999 1106 ἡ
1031 1041 1280 1110 ἀφαίρεσις
1319 1038 1470 1105 ὀνήσῃ
1504 1035 1561 1086 ἀν
1587 1032 1668 1085 οἶδ’
1699 1033 1769 1083 ὅτι
1802 1025 1907 1080 τοὺς
1936 1054 1982 1078 10

325 1127 654 1192 ὑπομένοντας·
702 1125 923 1189 ἀποβολὴ
949 1123 1042 1189 γάρ
1070 1121 1362 1185 σκαιότητος,
1389 1120 1535 1170 αἰτίοις
1561 1139 1610 1167 τε
1638 1116 1710 1166 καὶ
1744 1112 1909 1176 μώμου

287 1211 499 1264 ξῑπαντὸς
534 1207 855 1276 ἀπαλλάξειεν
882 1205 941 1257 ἀν
968 1204 1148 1258 αὐτούς.
1204 1202 1438 1266 ἀδικήσειε
1474 1201 1510 1251 δ’
1541 1197 1598 1249 ἀν
1629 1198 1682 1248 οὐ
1716 1194 1910 1261 μετρίως

324 1295 353 1358 ἡ
404 1297 498 1343 τῶν
551 1290 707 1360 δεξιῶν
757 1289 998 1341 ἀπόθεσις·
1068 1285 1294 1353 ἀποφέρει
1350 1282 1443 1349 γὰρ
1501 1280 1688 1333 πάντως
1740 1281 1801 1330 εὶς
1851 1275 1911 1326 τὰ

326 1374 497 1442 αἰσχίω
539 1376 612 1424 καὶ
654 1370 1007 1436 βδελυρώτατα.
1072 1368 1182 1418 ἀλλ’
1219 1366 1459 1417 Ἰουδαίοις
1502 1362 1586 1426 μὲν
1625 1359 1794 1426 πρέποι
1837 1356 1908 1415 ἀν,

326 1458 401 1507 καὶ
446 1454 580 1519 μάλα
623 1452 823 1515 εἰκότως,
868 1452 922 1503 τὸ
967 1453 1014 1502 ἐν
1056 1448 1280 1515 στερήσει
1322 1447 1543 1513 γενέσθαι
1588 1447 1681 1494 τῶν
1726 1440 1906 1508 δεξιῶν·
1939 1459 1984 1497 ¹5

328 1539 436 1602 ἡμῖν
463 1536 510 1588 δὲ
536 1542 631 1590 τοῖς
657 1538 704 1586 ἐν
732 1538 931 1603 Χριστῷ
957 1532 1010 1584 τὸ
1039 1535 1086 1582 ἐν
1113 1533 1333 1597 ἀποβολῇ
1361 1527 1581 1594 γενέσθαι
1613 1522 1909 1586 σκαιότητος,

328 1622 403 1671 καὶ
428 1624 523 1673 τοῖς
549 1618 714 1687 δεξιοῖς
742 1616 1094 1682 ἐναβρύνεσθαι.

112 1899 212 1947 Κεφ.
235 1893 301 1945 ιβ’.
333 1895 480 1943 Λῆμμα
530 1895 655 1939 λόΓου
702 1890 851 1948 Κυρίου
894 1890 963 1930 ἐπὶ
1006 1890 1078 1931 τὸν
1117 1887 1306 1944 Ἰσραὴλ,
1350 1886 1461 1932 λέτει
1507 1883 1669 1939 Κύριος,
1711 1880 1913 1923 ἐκτείνων

290 1979 316 2019 b
404 1976 601 2033 οὐρανὸν,
641 1974 705 2016 καὶ
744 1973 954 2023 Θεμελιῶν
995 1978 1080 2023 Γῆν,
1120 1971 1187 2012 καὶ
1231 1970 1436 2011 Πλάοο(ι)ν
1479 1969 1638 2014 Πνεῦμα
1683 1963 1914 2020 ἀνθρώπου

401 2061 446 2101 ὲν
484 2061 610 2113 αὐτῷ.
1941 2053 1988 2077 20

407 2218 730 2283 Ἀποχρῶσαν
778 2214 828 2264 εὖ
874 2211 1006 2276 μάλα
1057 2208 1374 2273 ποιησάμενος
1418 2205 1503 2269 τὴν
1547 2203 1792 2272 ἀφήγησιν
1834 2198 1919 2264 τὴν

334 2299 412 2350 ἐπί
458 2321 511 2364 γε
562 2299 684 2366 φημὶ
735 2299 801 2365 τῷ
850 2296 1015 2362 ἀγαθῷ
1064 2290 1259 2352 ποιμένι,
1311 2287 1525 2339 τουτέστι
1580 2287 1793 2352 Χριστῷ,
1844 2285 1919 2332 καὶ

335 2379 489 2443 με’ντοι
523 2378 607 2442 τὴν
641 2378 719 2429 ἐπί
753 2400 808 2442 γε
843 2380 908 2445 τῷ
947 2374 1120 2442 ἀπείρῳ
1154 2396 1202 2423 τε
1239 2373 1314 2422 καὶ
1354 2368 1580 2436 ὠμοτάτῳ
1616 2369 1691 2417 καὶ
1727 2386 1916 2431 κρεανο-

335 2468 498 2525 μοῦντι
532 2460 591 2513 τά
625 2459 857 2526 πρόβατα·
900 2463 1066 2509 τοῦτον
1092 2454 1139 2506 δὲ
1166 2452 1284 2505 εἶναι’
1313 2456 1467 2520 φαμεν
1495 2449 1577 2500 τὸν
1603 2449 1916 2515 ἀντίχριστον·

387 2645 465 2675 2—4.
491 2633 550 2666 οὐκ
576 2632 676 2676 ἰσχὺς
701 2629 823 2674 ἡ-καὶ
848 2628 986 2672 καρδίαν
1008 2630 1230 2660 accesserunt
1256 2635 1297 2657 ex
1317 2622 1408 2656 C.D.
1429 2621 1496 2655 nisi
1519 2618 1613 2665 quod
1635 2619 1709 2651 οὔτε
1733 2615 1823 2650 θεῖον
1845 2617 1920 2660 φῶς

339 2693 401 2725 pro
424 2681 463 2714 οὐ
486 2680 526 2714 τὰ
550 2679 585 2712 ἐκ
608 2678 700 2712 θείου
720 2678 835 2722 φωτὸς
857 2674 997 2709 exhibet
1022 2674 1066 2707 D.
1118 2672 1259 2705 Lacuna
1276 2681 1398 2703 versus
1416 2668 1522 2701 unius
1542 2666 1583 2699 B.
1602 2675 1705 2709 quem
1725 2668 1921 2717 seqpuntur

340 2726 431 2760 Edd.
634 2734 667 2770 5.
693 2723 732 2757 ἂν
749 2719 1032 2766 ἀναγινώσκηται]
1052 2719 1313 2764 ἀναγινώσκεται
1332 2715 1373 2749 C.
1577 2711 1609 2744 8.
1635 2711 1760 2754 τρόπον
1777 2707 1870 2752 είπῃς
1888 2714 1920 2742 et

339 2775 444 2815 νόημα
461 2773 551 2806 inter
568 2783 604 2806 se
621 2777 754 2815 transp.
775 2768 867 2803 Edd.
885 2767 1001 2801 invitis
1021 2765 1109 2800 B.C.
1481 2769 1533 2792 10.
1560 2756 1664 2799 ὀνήσῃ
1685 2755 1726 2789 Β.
1744 2755 1858 2798 ὀνήσει
1878 2754 1920 2788 C.

338 2819 491 2862 ὀνήσειεν
509 2818 600 2852 Edd.
789 2826 842 2849 12.
868 2813 907 2848 ἂν
925 2815 1021 2859 prius
1039 2824 1109 2846 orn.
1128 2810 1169 2845 C.
1235 2808 1263 2843 δ’
1282 2820 1352 2842 om.
1372 2807 1419 2840 D.
1484 2803 1540 2848 οὐ]
1561 2802 1618 2837 οὖν
1636 2803 1731 2846 prius
1751 2801 1920 2845 scriptum

340 2877 400 2908 per
417 2877 483 2898 ras.
503 2865 541 2898 οὐ
559 2865 640 2898 fecit
660 2863 699 2897 C.
1220 2867 1273 2900 13.
1300 2853 1462 2888 ἀπόθεσις
1481 2850 1619 2883 B.C.D.
1637 2848 1808 2890 ἀπόδειξις
1826 2847 1918 2880 Edd.

343 2922 396 2952 14.
420 2912 542 2951 βδελλ.
563 2910 604 2944 C.
668 2909 728 2953 μὲν
745 2912 967 2952 assumptum
985 2917 1025 2940 ex
1046 2904 1086 2939 C.
1268 2911 1321 2946 15.
1347 2897 1506 2944 γενέσθαι
1525 2896 1565 2930 C.
1582 2895 1744 2929 πένεσθαι
1766 2894 1806 2927 Β.
1827 2893 1919 2927 Edd.

344 2957 397 2989 16.
423 2958 461 2990 τὸ
478 2957 513 2990 ἐν
530 2957 685 2999 ἀποβολῇ
709 2954 795 2988 B.C.
814 2954 874 2998 τὴν
890 2952 1067 2995 ἀποβολὴν
1085 2949 1178 2984 Edd.
1392 2955 1446 2978 22.
1472 2941 1560 2986 φημὶ
1577 2947 1797 2986 assumptum
1817 2952 1857 2974 ex
1877 2939 1918 2973 C.

343 3012 397 3045 23.
423 3016 463 3046 γε
480 3008 700 3046 assumptum
720 3013 760 3035 ex
781 3000 821 3034 C.
887 3000 1123 3043 κρεανομοῦντι
1143 2994 1230 3030 B.C.
1250 3006 1408 3037 κρεωνομ.
1429 2989 1519 3023 Edd.
