2060 3387
115 174 166 213 xi.
196 185 230 226 7.
466 175 535 214 ΙΝ
585 175 1004 214 ZACHARIAM.
1066 173 1217 213 TUM.
1252 172 1328 211 IV.
1616 170 1698 206 -1-55

114 285 325 337 δουλειας
360 282 505 346 αὐτην
540 284 772 335 ὑπεθεσαν
806 283 974 349 ζυγοῖς.
1035 286 1076 333 οἱ
1112 281 1165 333 δε
1193 305 1244 347 γε
1281 283 1526 347 διαφυγεῖν
1562 276 1699 343 ἰσχύ-

113 388 301 427 σαντες,
349 365 433 419 τὰς
478 371 572 416 τῶν
618 368 764 416 ἐθνῶν
809 365 1110 435 κατῳκήκασι
1158 365 1328 431 χώρας,
1374 386 1398 413 ο
1446 383 1520 411 και
1566 381 1703 425 μεχρι

115 452 198 498 νῦν
238 447 368 497 ἐστιν
407 451 531 498 ὶδεῖν.

193 530 287 578 Καὶ
319 534 457 579 τοῦτο
490 528 615 592 οἶμαι
650 531 838 593 δηλοῦν,
873 528 986 579 ὅταν
1012 528 1130 595 λέγῃ
1162 526 1373 595 nalum&
1401 524 1461 575 τα
1494 524 1707 591 πρόβατα

75 623 96 660 5
117 609 189 670 τῆς
225 610 415 679 σφαγῆς
453 617 511 664 εἰς
547 610 616 671 τὴν
654 614 896 668 Χανανῖτιν,
929 610 1172 660 τουτέστιν
1203 613 1264 661 εἷς
1296 608 1381 670 τὴν
1410 611 1504 656 τῶν
1536 609 1700 655 Χανα-

117 693 257 743 ναίων
305 692 464 759 χώραν
509 715 557 742 τε
611 695 684 742 καὶ
730 695 836 758 γῆν.
918 696 1176 742 Χαναναῖοι
1227 690 1274 739 δὲ
1319 689 1377 739 τὰ
1428 690 1550 752 ἔθνη,
1597 684 1707 750 παρ’

118 772 185 827 οἶς
243 772 302 824 T&
361 776 574 843 πρόβατα
640 773 713 834 τῆς
777 773 967 843 σφαγῆς
1033 775 1108 824 καὶ
1171 777 1231 826 εὶς
1293 770 1425 836 δεῦρό
1485 792 1584 821 πως
1646 767 1711 818 ἔτι

118 854 248 921 παρὰ
284 859 408 906 Θεοῦ
447 856 786 918 ποιμαίνονται,
821 855 968 920 ἤγουν
1004 859 1196 906 δοκοῦσι
1237 851 1706 915 καταποιμαίνεσθαι.

119 939 393 1002 ἐπιτηροῦσι
434 938 526 1003 γάρ
571 961 673 988 τινα
718 943 812 988 τῶν
857 937 975 988 κατὰ
1020 936 1102 987 τὸν
1149 935 1304 1000 νόμον,
1350 936 1426 985 καὶ
1472 935 1558 1000 οὐχ
1603 933 1751 982 ὀλο-ἲ1
1790 939 1868 974 761
1885 938 1935 971 A.

56 1039 102 1063 10
120 1017 306 1086 τρόπως
346 1024 440 1070 τῶν
480 1021 687 1087 ἀρχαίων
727 1018 1107 1084 κατημεληκότας
1149 1020 1266 1069 ἐθῶν
1307 1018 1484 1068 κατίδοι
1527 1038 1596 1068 τις
1636 1015 1707 1063 ἄν.

121 1104 196 1153 καὶ
237 1107 351 1200 γοῦν
397 1104 472 1152 καὶ
510 1102 860 1198 περιτέμνονται
899 1101 984 1165 τὴν
1022 1100 1194 1167 σάρκα,
1235 1102 1310 1151 καὶ
1349 1097 1712 1163 σαββατίζουσι,

122 1207 197 1234 και
242 1183 374 1249 ἑτερα
424 1184 542 1234 ἄττα
591 1184 709 1249 πρὸς
753 1207 933 1237 τουτοις
983 1207 1057 1234 και
1107 1183 1356 1250 φροντίδος
1401 1180 1590 1248 ἀξιοῦσι
1639 1180 1715 1227 καὶ

122 1264 285 1332 λόγου.
350 1289 424 1316 και
465 1272 604 1316 τοῦτο
645 1264 703 1329 ἧν
741 1267 831 1332 ἄρα
872 1289 926 1316 το
973 1264 1048 1315 διὰ
1092 1267 1251 1332 φωνῆς
1292 1262 1541 1329 προφήτου
1585 1282 1714 1324 παρα

125 1351 251 1398 Θεοῦ
289 1347 545 1413 λεγόμενον
585 1355 611 1376 “
634 1350 726 1398 Καὶ
771 1348 940 1411 ε”σομαι
986 1348 1140 1400 αὐτοῖς
1184 1348 1246 1399 εἷς
1289 1345 1505 1441 ἁγίασμα
1548 1341 1714 1407 μικρὸν
1778 1352 1896 1426 ῌΖοιοὲι-

62 1437 152 1485 15⁶⁶
179 1431 227 1480 ἐν
270 1434 370 1482 ταῖς
421 1430 608 1525 χώραις,
654 1430 707 1480 οῦ
753 1429 831 1480 εἀν
877 1429 1160 1480 εἰσελθωσιν
1205 1429 1306 1477 εκεῖ.
1410 1425 1516 1478 τοὺς
1567 1424 1620 1474 δέ
1660 1446 1713 1488 γε
1777 1407 1819 1426 x1.
1887 1420 1893 1426 ⁵

125 1510 214 1561 ἀνὰ
251 1516 416 1562 πᾶσαν
455 1510 539 1575 τὴν
573 1512 818 1574 Ἰουδαιαν,
857 1534 932 1561 και
972 1533 1127 1573 μεντοι
1167 1511 1241 1559 καὶ
1280 1507 1365 1572 τὴν
1400 1506 1715 1574 Ἰερουσαλὴμ

125 1593 383 1661 ἐμφυλίους
421 1593 670 1656 πολέμους,
708 1595 782 1643 καὶ
816 1593 874 1644 τὰ
911 1595 959 1642 ἐν
990 1591 1167 1659 ἑκάστῃ
1201 1590 1352 1652 πόλει,
1389 1594 1560 1656 σαφῶς
1595 1591 1710 1638 άνα-
1736 1591 1762 1631 b

125 1675 363 1743 γέγραφεν
391 1676 415 1725 ὁ
443 1674 525 1728 τὰς
548 1674 787 1725 Ἰουδαίων
813 1674 1125 1744 τραγῳδήσας
1161 1671 1432 1741 συμφοράς’
1480 1672 1714 1734 Ἰώσηπος

126 1756 260 1810 οὗτος
299 1754 369 1820 ἧν,
410 1755 527 1822 ἀνὴρ
565 1756 818 1822 ἐλλόγιμος
859 1758 932 1807 καὶ
972 1756 1143 1824 σοφός.

60 2036 108 2059 20
132 2027 206 2068 Καὶ
238 2028 431 2077 λήψομαι
461 2027 635 2081 ἐμαυτῷ
662 2027 737 2067 δύο
770 2027 965 2083 ῥάβδους,
996 2028 1072 2068 τήν
1104 2026 1202 2075 μίαν
1229 2026 1415 2067 ἐκάλεσα
1451 2024 1614 2064 Κάλλοο
1646 2023 1711 2062 καὶ

196 2110 272 2151 τὴν
301 2110 453 2165 ἑτέραν
481 2109 668 2151 ἐκάλεσα
695 2109 939 2165 Σχοίνισμα,
966 2109 1033 2150 καὶ
1060 2109 1259 2157 Ποιμανώ
1289 2107 1335 2149 τά
1364 2108 1572 2163 Πρόβατα.

206 2266 345 2316 Κατὰ
392 2265 605 2319 πολλοὺς
651 2267 760 2329 ἡμῖν
805 2265 1006 2331 τρόπους
1056 2265 1186 2331 παρὰ
1237 2268 1335 2317 ταῖς
1388 2262 1715 2314 θεοπνεύστοις

134 2351 341 2415 γραφαῖς
386 2348 412 2409 ἡ
464 2345 628 2416 ῥάβδος
675 2352 857 2398 νοεῖται.
933 2346 1047 2398 ποτὲ
1096 2345 1181 2409 μὲν
1224 2344 1317 2410 γὰρ
1365 2345 1581 2409 σημαίνει
1631 2342 1717 2405 τὴν

182 2565 215 2589 2.
241 2553 341 2598 μέχρι
359 2565 429 2587 om.
450 2552 491 2587 C.
510 2552 614 2587 habet
632 2553 666 2587 b.
801 2566 832 2595 4.
860 2554 898 2587 τὸ
917 2564 979 2597 pro
996 2552 1076 2586 ὅταν
1092 2552 1176 2597 λέγῃ
1196 2551 1230 2585 b.
1377 2563 1407 2592 5.
1432 2551 1492 2594 τὴν
1508 2551 1566 2584 alt.
1585 2562 1654 2584 om.
1675 2549 1716 2585 C.

137 2601 263 2636 Statim
279 2604 346 2635 τῶν
363 2606 585 2644 assumptum
604 2612 643 2633 ex
665 2599 752 2633 ΒΕ.
943 2608 975 2644 7.
999 2613 1070 2634 πως
1089 2598 1129 2633 C.
1150 2598 1242 2632 Edd.
1262 2612 1314 2631 πω
1331 2597 1366 2631 b.
1558 2597 1590 2630 8.
1618 2611 1717 2630 κατα-

134 2647 371 2692 ποιμαίνεσθαι
391 2646 469 2680 (3.1).
488 2645 1291 2689 ποιμαίν.Ε(1(1.9.ε’πιτηροῦσι
1309 2647 1374 2687 γὰρ
1394 2643 1434 2677 C.
1438 2643 1473 2676 b.
1492 2645 1634 2686 τηροῦσι
1651 2644 1717 2687 γὰρ

135 2695 184 2728 ἔτι
210 2693 302 2727 Edd.
369 2693 495 2727 Statim
520 2693 592 2726 τινὰ
615 2696 680 2725 τῶν
708 2692 748 2725 Β.
755 2691 831 2726 C.b.
858 2692 916 2725 τὸν
939 2692 1010 2724 τινὰ
1039 2691 1129 2724 Edd
1203 2691 1260 2724 τὸν
1284 2696 1506 2733 assumptum
1529 2702 1570 2722 ex
1591 2689 1632 2722 B.
1638 2689 1677 2722 C.
1683 2689 1718 2722 b.

140 2751 193 2774 10.
219 2738 427 2783 ἠμεληκότας
446 2739 486 2773 C.
553 2739 637 2772 εθῶν
655 2738 695 2772 C.
715 2751 748 2771 se
735 2738 774 2772 d
794 2738 896 2771 ἐθνῶν
915 2739 1009 2782 plius
1029 2737 1255 2771 scribebatur.
1274 2735 1363 2779 ἠθῶν
1381 2736 1427 2769 D.
1587 2747 1638 2769 11.
1664 2736 1717 2768 καὶ

138 2786 332 2820 secundum
351 2792 573 2830 assumptum
592 2797 632 2819 ex
652 2785 692 2818 C.
712 2785 831 2818 deest
825 2796 859 2817 m
877 2784 910 2817 b.
1291 2793 1343 2815 12.
1370 2783 1452 2815 ἅττα
1473 2781 1606 2815 correxi
1625 2794 1664 2815 ex
1682 2782 1718 2815 b.

137 2833 220 2866 ἅττα
238 2832 330 2866 Edd.
348 2839 426 2866 ante
446 2832 580 2876 Migne.
960 2841 1010 2871 14.
1037 2831 1220 2873 λεγόμενον
1240 2828 1279 2863 C.
1285 2829 1330 2862 D.
1350 2828 1555 2872 λελεγμένον
1572 2828 1605 2861 b.
1626 2828 1655 2861 F
1660 2827 1718 2860 dd.

142 2878 194 2912 16.
222 2879 274 2911 καὶ
292 2879 349 2912 alt.
367 2885 590 2921 assumptum
608 2890 648 2911 ex
669 2877 708 2912 C.
761 2876 884 2910 Statim
904 2876 962 2918 τὴν
979 2888 1048 2909 0111.
1070 2875 1109 2909 C.
1336 2885 1387 2918 17.
1413 2876 1453 2908 τὰ
1473 2874 1513 2908 C.
1532 2889 1609 2908 τοις
1628 2873 1718 2907 Edd.

143 2927 195 2958 18.
222 2924 444 2970 τραγῳδήσας
471 2925 511 2959 C.
538 2939 578 2968 τρ
581 2940 624 2969 (ιγ
626 2924 720 2969 ῳδῶι
747 2923 839 2957 Edd.
905 2923 1069 2965 Ἰώσηπος
1096 2921 1137 2955 Β.
1144 2921 1189 2954 D.
1218 2921 1320 2954 Pont.
1345 2920 1536 2963 Ἰώσηπτ-ος
1561 2920 1601 2954 C.
1626 2920 1719 2953 Aub.

141 2982 195 3004 2.0
222 2970 297 3015 τὴι]
324 2975 356 3010 4·
380 2972 440 3013 μέν
460 2970 549 3004 EM
570 2960 685 3004 111ν1113
709 2970 746 3003 B.
752 2970 792 3004 C.
813 2970 932 3013 (Klex.
952 2968 1179 3012 s).St·.1tim
1199 2982 1233 3000 τε
1253 2967 1331 3000 add.
1353 2967 1392 3000 (
