<?xml version="1.0" encoding="UTF-8"?>
<!DOCTYPE html PUBLIC "-//W3C//DTD XHTML 1.0 Transitional//EN"
    "http://www.w3.org/TR/xhtml1/DTD/xhtml1-transitional.dtd">
<html xmlns="http://www.w3.org/1999/xhtml" xml:lang="en" lang="en">
 <head>
  <title>
</title>
<meta http-equiv="Content-Type" content="text/html;charset=utf-8" />
  <meta name='ocr-system' content='tesseract 3.04.00' />
  <meta name='ocr-capabilities' content='ocr_page ocr_carea ocr_par ocr_line ocrx_word'/>
</head>
<body>
  <div class='ocr_page' id='page_1' title='image "./operacyrilli02cyriuoft/operacyrilli02cyriuoft_0214.png"; bbox 0 0 2018 3391; ppageno 0'>
   <div class='ocr_carea' id='block_1_1' title="bbox 330 184 1907 227">
    <p class='ocr_par' dir='ltr' id='par_1_1' title="bbox 330 184 1907 227">
     <span class='ocr_line' id='line_1_1' title="bbox 330 184 1907 227; baseline -0.001 -1"><span class='ocrx_word' id='word_1_1' title='bbox 330 186 415 226; x_wconf 79' lang='lat'>206</span> <span class='ocrx_word' id='word_1_2' title='bbox 723 187 770 226; x_wconf 83' lang='grc' dir='ltr'>Β.</span> <span class='ocrx_word' id='word_1_3' title='bbox 815 185 1097 226; x_wconf 87' lang='lat' dir='ltr'>CYRILLI</span> <span class='ocrx_word' id='word_1_4' title='bbox 1148 185 1532 227; x_wconf 85' lang='lat' dir='ltr'><strong>ALEXANDR.</strong></span> <span class='ocrx_word' id='word_1_5' title='bbox 1786 184 1907 225; x_wconf 81' lang='lat' dir='ltr'>ii.12.</span> 
     </span>
    </p>
   </div>
   <div class='ocr_carea' id='block_1_2' title="bbox 328 292 1913 363">
    <p class='ocr_par' dir='ltr' id='par_1_2' title="bbox 328 292 1913 363">
     <span class='ocr_line' id='line_1_2' title="bbox 328 292 1913 363; baseline 0.001 -19"><span class='ocrx_word' id='word_1_6' title='bbox 328 298 423 345; x_wconf 82' lang='grc' dir='ltr'>τῶν</span> <span class='ocrx_word' id='word_1_7' title='bbox 465 295 778 361; x_wconf 79' lang='grc' dir='ltr'>προκειμένων</span> <span class='ocrx_word' id='word_1_8' title='bbox 830 294 1017 348; x_wconf 85' lang='grc' dir='ltr'>ἐννοίας.</span> <span class='ocrx_word' id='word_1_9' title='bbox 1083 294 1174 363; x_wconf 76' lang='grc' dir='ltr'>ἔφη</span> <span class='ocrx_word' id='word_1_10' title='bbox 1224 318 1317 346; x_wconf 89' lang='grc' dir='ltr'>που</span> <span class='ocrx_word' id='word_1_11' title='bbox 1365 295 1577 363; x_wconf 78' lang='grc' dir='ltr'>ψάλλων</span> <span class='ocrx_word' id='word_1_12' title='bbox 1617 295 1641 344; x_wconf 86' lang='grc' dir='ltr'><strong>ὁ</strong></span> <span class='ocrx_word' id='word_1_13' title='bbox 1689 292 1913 358; x_wconf 87' lang='grc' dir='ltr'>μακάριος</span> 
     </span>
    </p>
   </div>
   <div class='ocr_carea' id='block_1_3' title="bbox 104 372 1915 527">
    <p class='ocr_par' dir='ltr' id='par_1_3' title="bbox 104 372 1915 527">
     <span class='ocr_line' id='line_1_3' title="bbox 104 372 1915 463; baseline -0.001 -36"><span class='ocrx_word' id='word_1_14' title='bbox 104 380 199 454; x_wconf 35' lang='lat' dir='ltr'>fxiii</span> <span class='ocrx_word' id='word_1_15' title='bbox 226 431 263 463; x_wconf 85' lang='lat'>13</span> <span class='ocrx_word' id='word_1_16' title='bbox 329 379 517 439; x_wconf 79' lang='grc' dir='ltr'>Δαυεὶδ,</span> <span class='ocrx_word' id='word_1_17' title='bbox 562 379 623 430; x_wconf 84' lang='grc' dir='ltr'>ὡς</span> <span class='ocrx_word' id='word_1_18' title='bbox 661 375 780 442; x_wconf 82' lang='grc' dir='ltr'>πρὸς</span> <span class='ocrx_word' id='word_1_19' title='bbox 817 374 900 427; x_wconf 85' lang='grc' dir='ltr'>τὸν</span> <span class='ocrx_word' id='word_1_20' title='bbox 942 376 1118 443; x_wconf 84' lang='grc' dir='ltr'>Κύριον</span> <span class='ocrx_word' id='word_1_21' title='bbox 1159 377 1289 441; x_wconf 84' lang='grc' dir='ltr'>ἡμῶν</span> <span class='ocrx_word' id='word_1_22' title='bbox 1323 378 1512 442; x_wconf 86' lang='grc' dir='ltr'>Ἰησοῦν</span> <span class='ocrx_word' id='word_1_23' title='bbox 1544 374 1760 443; x_wconf 87' lang='grc' dir='ltr'>Χριστόν</span> <span class='ocrx_word' id='word_1_24' title='bbox 1801 372 1915 425; x_wconf 77' lang='grc' dir='ltr'>“Σὺ</span> 
     </span>
     <span class='ocr_line' id='line_1_4' title="bbox 110 457 1911 527; baseline 0.001 -21"><span class='ocrx_word' id='word_1_25' title='bbox 110 476 157 506; x_wconf 76' lang='lat'>14-</span> <span class='ocrx_word' id='word_1_26' title='bbox 330 466 356 488; x_wconf 75' lang='lat'>‘⁶</span> <span class='ocrx_word' id='word_1_27' title='bbox 382 457 670 526; x_wconf 75' lang='grc' dir='ltr'>συνέτριψας</span> <span class='ocrx_word' id='word_1_28' title='bbox 701 457 784 512; x_wconf 78' lang='grc' dir='ltr'>τὰς</span> <span class='ocrx_word' id='word_1_29' title='bbox 819 457 1032 527; x_wconf 78' lang='grc' dir='ltr'>κεφαλὰς</span> <span class='ocrx_word' id='word_1_30' title='bbox 1069 462 1164 510; x_wconf 83' lang='grc' dir='ltr'>τῶν</span> <span class='ocrx_word' id='word_1_31' title='bbox 1199 458 1466 524; x_wconf 86' lang='grc' dir='ltr'>δρακόντων</span> <span class='ocrx_word' id='word_1_32' title='bbox 1501 461 1575 510; x_wconf 74' lang='grc' dir='ltr'>ἐπὶ</span> <span class='ocrx_word' id='word_1_33' title='bbox 1608 464 1691 509; x_wconf 87' lang='grc' dir='ltr'>τοῦ</span> <span class='ocrx_word' id='word_1_34' title='bbox 1731 459 1911 511; x_wconf 79' lang='grc' dir='ltr'>ὕδατος.</span> 
     </span>
    </p>
   </div>
   <div class='ocr_carea' id='block_1_4' title="bbox 105 538 1919 1270">
    <p class='ocr_par' dir='ltr' id='par_1_4' title="bbox 105 538 1918 773">
     <span class='ocr_line' id='line_1_5' title="bbox 106 538 1917 609; baseline 0.002 -23"><span class='ocrx_word' id='word_1_35' title='bbox 106 554 195 587; x_wconf 86' lang='grc'>602</span> <span class='ocrx_word' id='word_1_36' title='bbox 209 552 260 587; x_wconf 84' lang='grc' dir='ltr'>Α.</span> <span class='ocrx_word' id='word_1_37' title='bbox 290 562 311 587; x_wconf 86' lang='lat' dir='ltr'>a</span> <span class='ocrx_word' id='word_1_38' title='bbox 331 548 357 570; x_wconf 72' lang='lat'>‘⁶</span> <span class='ocrx_word' id='word_1_39' title='bbox 384 540 448 591; x_wconf 79' lang='grc' dir='ltr'>σὺ</span> <span class='ocrx_word' id='word_1_40' title='bbox 475 541 781 594; x_wconf 71' lang='grc' dir='ltr'>συνέθλασας</span> <span class='ocrx_word' id='word_1_41' title='bbox 811 540 897 604; x_wconf 87' lang='grc' dir='ltr'>τὴν</span> <span class='ocrx_word' id='word_1_42' title='bbox 923 539 1138 609; x_wconf 84' lang='grc' dir='ltr'>κεφαλὴν</span> <span class='ocrx_word' id='word_1_43' title='bbox 1165 546 1248 592; x_wconf 88' lang='grc' dir='ltr'>τοῦ</span> <span class='ocrx_word' id='word_1_44' title='bbox 1273 540 1544 607; x_wconf 86' lang='grc' dir='ltr'>δράκοντος,</span> <span class='ocrx_word' id='word_1_45' title='bbox 1575 540 1748 594; x_wconf 76' lang='grc' dir='ltr'>ἔδωκας</span> <span class='ocrx_word' id='word_1_46' title='bbox 1776 538 1917 590; x_wconf 79' lang='grc' dir='ltr'>αὐτὸν</span> 
     </span>
     <span class='ocr_line' id='line_1_6' title="bbox 105 621 1915 692; baseline -0.001 -18"><span class='ocrx_word' id='word_1_47' title='bbox 105 631 159 662; x_wconf 71' lang='lat'>1³⁵³·</span> <span class='ocrx_word' id='word_1_48' title='bbox 178 631 260 662; x_wconf 82' lang='lat' dir='ltr'>lxxi.</span> <span class='ocrx_word' id='word_1_49' title='bbox 331 630 357 653; x_wconf 72' lang='lat'>‘⁴</span> <span class='ocrx_word' id='word_1_50' title='bbox 382 627 553 689; x_wconf 74' lang='grc' dir='ltr'>βρῶμα</span> <span class='ocrx_word' id='word_1_51' title='bbox 573 628 706 677; x_wconf 79' lang='grc' dir='ltr'>λαοῖς</span> <span class='ocrx_word' id='word_1_52' title='bbox 725 628 820 676; x_wconf 79' lang='grc' dir='ltr'>τοῖς</span> <span class='ocrx_word' id='word_1_53' title='bbox 839 624 1106 692; x_wconf 77' lang='grc' dir='ltr'>Αἷθιόψιν.”</span> <span class='ocrx_word' id='word_1_54' title='bbox 1148 622 1279 673; x_wconf 79' lang='grc' dir='ltr'>ἀλλὰ</span> <span class='ocrx_word' id='word_1_55' title='bbox 1300 626 1375 674; x_wconf 78' lang='grc' dir='ltr'>καὶ</span> <span class='ocrx_word' id='word_1_56' title='bbox 1402 623 1593 689; x_wconf 77' lang='grc' dir='ltr'>ἑτερωθί</span> <span class='ocrx_word' id='word_1_57' title='bbox 1613 646 1704 674; x_wconf 94' lang='grc' dir='ltr'>που</span> <span class='ocrx_word' id='word_1_58' title='bbox 1725 630 1751 652; x_wconf 83' lang='grc'><strong>“</strong></span> <span class='ocrx_word' id='word_1_59' title='bbox 1769 621 1915 673; x_wconf 82' lang='grc' dir='ltr'>Ἐνώ-</span> 
     </span>
     <span class='ocr_line' id='line_1_7' title="bbox 329 705 1918 773; baseline -0.001 -17"><span class='ocrx_word' id='word_1_60' title='bbox 329 713 356 734; x_wconf 84' lang='grc'><strong>“</strong></span> <span class='ocrx_word' id='word_1_61' title='bbox 382 728 490 757; x_wconf 90' lang='grc' dir='ltr'>πιον</span> <span class='ocrx_word' id='word_1_62' title='bbox 533 706 675 756; x_wconf 82' lang='grc' dir='ltr'>αὑτοῦ</span> <span class='ocrx_word' id='word_1_63' title='bbox 717 711 1065 771; x_wconf 83' lang='grc' dir='ltr'>προπεσοῦνται</span> <span class='ocrx_word' id='word_1_64' title='bbox 1108 706 1343 768; x_wconf 80' lang='grc' dir='ltr'>Αἰθίοπες,</span> <span class='ocrx_word' id='word_1_65' title='bbox 1386 708 1461 756; x_wconf 84' lang='grc' dir='ltr'>καὶ</span> <span class='ocrx_word' id='word_1_66' title='bbox 1501 709 1542 756; x_wconf 80' lang='grc' dir='ltr'>οἱ</span> <span class='ocrx_word' id='word_1_67' title='bbox 1581 707 1736 773; x_wconf 76' lang='grc' dir='ltr'>ἐχθροὶ</span> <span class='ocrx_word' id='word_1_68' title='bbox 1776 705 1918 755; x_wconf 79' lang='grc' dir='ltr'>αὐτοῦ</span> 
     </span>
    </p>

    <p class='ocr_par' dir='ltr' id='par_1_5' title="bbox 330 785 1917 856">
     <span class='ocr_line' id='line_1_8' title="bbox 330 785 1917 856; baseline -0.001 -18"><span class='ocrx_word' id='word_1_69' title='bbox 330 795 357 817; x_wconf 80' lang='grc'><strong>“</strong></span> <span class='ocrx_word' id='word_1_70' title='bbox 383 793 498 855; x_wconf 84' lang='grc' dir='ltr'>χοῦν</span> <span class='ocrx_word' id='word_1_71' title='bbox 537 788 818 856; x_wconf 74' lang='grc' dir='ltr'>λει’ξουσιν.”</span> <span class='ocrx_word' id='word_1_72' title='bbox 885 790 1115 854; x_wconf 83' lang='grc' dir='ltr'>ὁμολογεῖ</span> <span class='ocrx_word' id='word_1_73' title='bbox 1147 788 1205 839; x_wconf 68' lang='grc' dir='ltr'>δέ</span> <span class='ocrx_word' id='word_1_74' title='bbox 1235 811 1328 839; x_wconf 91' lang='grc' dir='ltr'>που</span> <span class='ocrx_word' id='word_1_75' title='bbox 1368 789 1442 838; x_wconf 73' lang='grc' dir='ltr'>καὶ</span> <span class='ocrx_word' id='word_1_76' title='bbox 1485 788 1512 851; x_wconf 89' lang='grc' dir='ltr'>ἡ</span> <span class='ocrx_word' id='word_1_77' title='bbox 1550 789 1597 838; x_wconf 86' lang='grc' dir='ltr'>ἐν</span> <span class='ocrx_word' id='word_1_78' title='bbox 1635 791 1701 856; x_wconf 72' lang='grc' dir='ltr'>τῷ</span> <span class='ocrx_word' id='word_1_79' title='bbox 1738 785 1917 856; x_wconf 78' lang='grc' dir='ltr'>ᾄσματι</span> 
     </span>
    </p>

    <p class='ocr_par' dir='ltr' id='par_1_6' title="bbox 106 867 1919 1270">
     <span class='ocr_line' id='line_1_9' title="bbox 106 867 1919 940; baseline -0.002 -19"><span class='ocrx_word' id='word_1_80' title='bbox 106 882 241 913; x_wconf 69' lang='lat' dir='ltr'><strong>‘&#39;ant-i·</strong></span> <span class='ocrx_word' id='word_1_81' title='bbox 330 875 424 921; x_wconf 82' lang='grc' dir='ltr'>τῶν</span> <span class='ocrx_word' id='word_1_82' title='bbox 470 870 699 939; x_wconf 80' lang='grc' dir='ltr'>ιο’.σμάτων</span> <span class='ocrx_word' id='word_1_83' title='bbox 751 871 1105 935; x_wconf 79' lang='grc' dir='ltr'>άνατυπουμένη</span> <span class='ocrx_word' id='word_1_84' title='bbox 1148 870 1308 940; x_wconf 82' lang='grc' dir='ltr'>νύμφη</span> <span class='ocrx_word' id='word_1_85' title='bbox 1353 868 1556 933; x_wconf 79' lang='grc' dir='ltr'>μέλαινά</span> <span class='ocrx_word' id='word_1_86' title='bbox 1598 892 1647 920; x_wconf 87' lang='grc' dir='ltr'>τε</span> <span class='ocrx_word' id='word_1_87' title='bbox 1691 867 1803 919; x_wconf 76' lang='grc' dir='ltr'>εἶναι</span> <span class='ocrx_word' id='word_1_88' title='bbox 1843 871 1919 918; x_wconf 79' lang='grc' dir='ltr'>καὶ</span> 
     </span>
     <span class='ocr_line' id='line_1_10' title="bbox 329 952 1918 1018; baseline -0.003 -14"><span class='ocrx_word' id='word_1_89' title='bbox 329 952 468 1018; x_wconf 89' lang='grc' dir='ltr'>καλή.</span> <span class='ocrx_word' id='word_1_90' title='bbox 533 953 698 1003; x_wconf 75' lang='grc' dir='ltr'>οὐκοῦν</span> <span class='ocrx_word' id='word_1_91' title='bbox 743 954 971 1007; x_wconf 77' lang='grc' dir='ltr'>Αἰθίοπας</span> <span class='ocrx_word' id='word_1_92' title='bbox 1021 953 1211 1017; x_wconf 88' lang='grc' dir='ltr'>νοητεόν</span> <span class='ocrx_word' id='word_1_93' title='bbox 1254 952 1361 1006; x_wconf 77' lang='grc' dir='ltr'>τοὺς</span> <span class='ocrx_word' id='word_1_94' title='bbox 1404 953 1537 1002; x_wconf 79' lang='grc' dir='ltr'>οἱονεὶ</span> <span class='ocrx_word' id='word_1_95' title='bbox 1579 952 1825 1015; x_wconf 87' lang='grc' dir='ltr'>σκοτεινήν</span> <span class='ocrx_word' id='word_1_96' title='bbox 1869 973 1918 1001; x_wconf 92' lang='grc' dir='ltr'>τε</span> 
     </span>
     <span class='ocr_line' id='line_1_11' title="bbox 329 1033 1913 1103; baseline -0.003 -16"><span class='ocrx_word' id='word_1_97' title='bbox 329 1037 404 1087; x_wconf 82' lang='grc' dir='ltr'>καὶ</span> <span class='ocrx_word' id='word_1_98' title='bbox 449 1036 648 1099; x_wconf 74' lang='grc' dir='ltr'>ἀλαμπῆ</span> <span class='ocrx_word' id='word_1_99' title='bbox 693 1034 780 1099; x_wconf 86' lang='grc' dir='ltr'>τὴν</span> <span class='ocrx_word' id='word_1_100' title='bbox 821 1033 1027 1086; x_wconf 87' lang='grc' dir='ltr'>διάνοιαν</span> <span class='ocrx_word' id='word_1_101' title='bbox 1069 1035 1275 1103; x_wconf 73' lang='grc' dir='ltr'>ἔχοντας,</span> <span class='ocrx_word' id='word_1_102' title='bbox 1321 1034 1429 1089; x_wconf 75' lang='grc' dir='ltr'>τοὺς</span> <span class='ocrx_word' id='word_1_103' title='bbox 1471 1036 1599 1085; x_wconf 76' lang='grc' dir='ltr'>οὔπω</span> <span class='ocrx_word' id='word_1_104' title='bbox 1637 1056 1913 1098; x_wconf 88' lang='grc' dir='ltr'>κατηυγασ-</span> 
     </span>
     <span class='ocr_line' id='line_1_12' title="bbox 328 1115 1919 1186; baseline -0.002 -17"><span class='ocrx_word' id='word_1_105' title='bbox 328 1118 506 1182; x_wconf 77' lang='grc' dir='ltr'>μένους,</span> <span class='ocrx_word' id='word_1_106' title='bbox 533 1120 608 1169; x_wconf 79' lang='grc' dir='ltr'>καὶ</span> <span class='ocrx_word' id='word_1_107' title='bbox 646 1117 699 1168; x_wconf 84' lang='grc' dir='ltr'>τὸ</span> <span class='ocrx_word' id='word_1_108' title='bbox 738 1122 862 1169; x_wconf 84' lang='grc' dir='ltr'>θεῖον</span> <span class='ocrx_word' id='word_1_109' title='bbox 899 1119 982 1169; x_wconf 83' lang='grc' dir='ltr'>οὐκ</span> <span class='ocrx_word' id='word_1_110' title='bbox 1022 1118 1215 1186; x_wconf 75' lang='grc' dir='ltr'>ἔχοντας</span> <span class='ocrx_word' id='word_1_111' title='bbox 1253 1122 1369 1186; x_wconf 83' lang='grc' dir='ltr'>φῶς.</span> <span class='ocrx_word' id='word_1_112' title='bbox 1439 1116 1548 1167; x_wconf 82' lang='grc' dir='ltr'>ἀλλ’</span> <span class='ocrx_word' id='word_1_113' title='bbox 1578 1115 1730 1179; x_wconf 76' lang='grc' dir='ltr'>οἱμὲν</span> <span class='ocrx_word' id='word_1_114' title='bbox 1765 1138 1919 1182; x_wconf 85' lang='grc' dir='ltr'>προσ·-</span> 
     </span>
     <span class='ocr_line' id='line_1_13' title="bbox 284 1198 1916 1270; baseline 0 -22"><span class='ocrx_word' id='word_1_115' title='bbox 284 1208 310 1248; x_wconf 86' lang='lat' dir='ltr'><strong>b</strong></span> <span class='ocrx_word' id='word_1_116' title='bbox 329 1202 580 1254; x_wconf 83' lang='grc' dir='ltr'>πίπτοντες</span> <span class='ocrx_word' id='word_1_117' title='bbox 638 1204 705 1270; x_wconf 74' lang='grc' dir='ltr'>τῷ</span> <span class='ocrx_word' id='word_1_118' title='bbox 756 1204 971 1270; x_wconf 74' lang='grc' dir='ltr'>Χριστῷ,</span> <span class='ocrx_word' id='word_1_119' title='bbox 1023 1200 1234 1267; x_wconf 88' lang='grc' dir='ltr'>καθάπερ</span> <span class='ocrx_word' id='word_1_120' title='bbox 1299 1200 1461 1265; x_wconf 77' lang='grc' dir='ltr'>ἀμέλει</span> <span class='ocrx_word' id='word_1_121' title='bbox 1525 1201 1600 1250; x_wconf 77' lang='grc' dir='ltr'>καὶ</span> <span class='ocrx_word' id='word_1_122' title='bbox 1657 1199 1685 1262; x_wconf 86' lang='grc' dir='ltr'>ἡ</span> <span class='ocrx_word' id='word_1_123' title='bbox 1737 1198 1916 1265; x_wconf 84' lang='grc' dir='ltr'>νύμφη,</span> 
     </span>
    </p>
   </div>
   <div class='ocr_carea' id='block_1_5' title="bbox 109 1279 1920 1440">
    <p class='ocr_par' dir='ltr' id='par_1_7' title="bbox 109 1279 1920 1440">
     <span class='ocr_line' id='line_1_14' title="bbox 331 1279 1920 1350; baseline -0.003 -16"><span class='ocrx_word' id='word_1_124' title='bbox 331 1283 809 1350; x_wconf 85' lang='grc' dir='ltr'>καταλαμπρύνονται</span> <span class='ocrx_word' id='word_1_125' title='bbox 842 1284 951 1350; x_wconf 78' lang='grc' dir='ltr'>παρ’</span> <span class='ocrx_word' id='word_1_126' title='bbox 987 1284 1141 1345; x_wconf 78' lang='grc' dir='ltr'>αὐτοῦ,</span> <span class='ocrx_word' id='word_1_127' title='bbox 1179 1281 1515 1350; x_wconf 85' lang='grc' dir='ltr'>διακεκράγασι</span> <span class='ocrx_word' id='word_1_128' title='bbox 1550 1279 1642 1347; x_wconf 79' lang='grc' dir='ltr'>γὰρ</span> <span class='ocrx_word' id='word_1_129' title='bbox 1681 1280 1920 1347; x_wconf 81' lang='grc' dir='ltr'>εὐχόμενοι</span> 
     </span>
     <span class='ocr_line' id='line_1_15' title="bbox 109 1365 235 1440; baseline 0.016 -2"><span class='ocrx_word' id='word_1_130' title='bbox 109 1365 235 1440; x_wconf 49' lang='grc' dir='ltr'>ἰικῖκίκ.</span> 
     </span>
    </p>
   </div>
   <div class='ocr_carea' id='block_1_6' title="bbox 113 1363 1923 2590">
    <p class='ocr_par' dir='ltr' id='par_1_8' title="bbox 113 1363 1923 2590">
     <span class='ocr_line' id='line_1_16' title="bbox 333 1363 1917 1433; baseline 0 -17"><span class='ocrx_word' id='word_1_131' title='bbox 333 1372 359 1394; x_wconf 83' lang='grc'>“</span> <span class='ocrx_word' id='word_1_132' title='bbox 389 1368 483 1417; x_wconf 85' lang='grc' dir='ltr'>Καὶ</span> <span class='ocrx_word' id='word_1_133' title='bbox 509 1365 633 1417; x_wconf 73' lang='grc' dir='ltr'>ε”στω</span> <span class='ocrx_word' id='word_1_134' title='bbox 661 1367 688 1430; x_wconf 84' lang='grc' dir='ltr'>ἡ</span> <span class='ocrx_word' id='word_1_135' title='bbox 715 1366 993 1433; x_wconf 81' lang='grc' dir='ltr'>λαμπρότης</span> <span class='ocrx_word' id='word_1_136' title='bbox 1021 1367 1198 1433; x_wconf 84' lang='grc' dir='ltr'>Κυρίου</span> <span class='ocrx_word' id='word_1_137' title='bbox 1229 1371 1311 1417; x_wconf 91' lang='grc' dir='ltr'>τοῦ</span> <span class='ocrx_word' id='word_1_138' title='bbox 1339 1370 1464 1417; x_wconf 77' lang='grc' dir='ltr'>Θεοῦ</span> <span class='ocrx_word' id='word_1_139' title='bbox 1496 1366 1627 1428; x_wconf 77' lang='grc' dir='ltr'>ἡμῶν</span> <span class='ocrx_word' id='word_1_140' title='bbox 1657 1363 1728 1432; x_wconf 80' lang='grc' dir='ltr'>ἐφ’</span> <span class='ocrx_word' id='word_1_141' title='bbox 1758 1363 1917 1427; x_wconf 82' lang='grc' dir='ltr'>ἡμᾶς“”</span> 
     </span>
     <span class='ocr_line' id='line_1_17' title="bbox 333 1447 1921 1516; baseline -0.003 -17"><span class='ocrx_word' id='word_1_142' title='bbox 333 1451 375 1499; x_wconf 78' lang='grc' dir='ltr'>οἱ</span> <span class='ocrx_word' id='word_1_143' title='bbox 425 1447 472 1498; x_wconf 78' lang='grc' dir='ltr'>δὲ</span> <span class='ocrx_word' id='word_1_144' title='bbox 524 1448 879 1500; x_wconf 84' lang='grc' dir='ltr'>δυσαπόνιπτον</span> <span class='ocrx_word' id='word_1_145' title='bbox 922 1448 1104 1516; x_wconf 76' lang='grc' dir='ltr'>ἔχοντες</span> <span class='ocrx_word' id='word_1_146' title='bbox 1154 1447 1241 1513; x_wconf 85' lang='grc' dir='ltr'>τὴν</span> <span class='ocrx_word' id='word_1_147' title='bbox 1292 1449 1599 1514; x_wconf 86' lang='grc' dir='ltr'>ἀκαθαρσίαν,</span> <span class='ocrx_word' id='word_1_148' title='bbox 1647 1448 1722 1496; x_wconf 79' lang='grc' dir='ltr'>καὶ</span> <span class='ocrx_word' id='word_1_149' title='bbox 1763 1447 1810 1496; x_wconf 81' lang='grc' dir='ltr'>ἐν</span> <span class='ocrx_word' id='word_1_150' title='bbox 1855 1448 1921 1514; x_wconf 72' lang='grc' dir='ltr'>τῷ</span> 
     </span>
     <span class='ocr_line' id='line_1_18' title="bbox 331 1526 1920 1595; baseline -0.003 -14"><span class='ocrx_word' id='word_1_151' title='bbox 331 1532 638 1595; x_wconf 87' lang='grc' dir='ltr'>μελαίνεσθαι</span> <span class='ocrx_word' id='word_1_152' title='bbox 676 1530 996 1595; x_wconf 80' lang='grc' dir='ltr'>μεμενηκότες,</span> <span class='ocrx_word' id='word_1_153' title='bbox 1022 1530 1443 1595; x_wconf 87' lang='grc' dir='ltr'>καταθοινήσονται</span> <span class='ocrx_word' id='word_1_154' title='bbox 1475 1529 1557 1592; x_wconf 76' lang='grc' dir='ltr'>μὲν</span> <span class='ocrx_word' id='word_1_155' title='bbox 1589 1529 1672 1582; x_wconf 82' lang='grc' dir='ltr'>τὰς</span> <span class='ocrx_word' id='word_1_156' title='bbox 1702 1533 1784 1578; x_wconf 88' lang='grc' dir='ltr'>τοῦ</span> <span class='ocrx_word' id='word_1_157' title='bbox 1810 1526 1920 1592; x_wconf 83' lang='grc' dir='ltr'>δρά-</span> 
     </span>
     <span class='ocr_line' id='line_1_19' title="bbox 332 1609 1915 1682; baseline -0.003 -16"><span class='ocrx_word' id='word_1_158' title='bbox 332 1638 495 1669; x_wconf 92' lang='grc' dir='ltr'>κοντος</span> <span class='ocrx_word' id='word_1_159' title='bbox 530 1611 758 1682; x_wconf 82' lang='grc' dir='ltr'>κεφαλάς·</span> <span class='ocrx_word' id='word_1_160' title='bbox 802 1612 957 1682; x_wconf 81' lang='grc' dir='ltr'>τροφὴ</span> <span class='ocrx_word' id='word_1_161' title='bbox 994 1613 1086 1680; x_wconf 82' lang='grc' dir='ltr'>γὰρ</span> <span class='ocrx_word' id='word_1_162' title='bbox 1123 1614 1276 1667; x_wconf 80' lang='grc' dir='ltr'>αὐτοῖς</span> <span class='ocrx_word' id='word_1_163' title='bbox 1309 1614 1333 1664; x_wconf 84' lang='grc' dir='ltr'>ὁ</span> <span class='ocrx_word' id='word_1_164' title='bbox 1366 1611 1549 1679; x_wconf 84' lang='grc' dir='ltr'>δράκων</span> <span class='ocrx_word' id='word_1_165' title='bbox 1573 1612 1597 1661; x_wconf 86' lang='grc' dir='ltr'><em>ὁ</em></span> <span class='ocrx_word' id='word_1_166' title='bbox 1625 1609 1915 1672; x_wconf 78' lang='grc' dir='ltr'>ἀποστάτης·</span> 
     </span>
     <span class='ocr_line' id='line_1_20' title="bbox 334 1692 1920 1766; baseline -0.004 -18"><span class='ocrx_word' id='word_1_167' title='bbox 334 1699 662 1749; x_wconf 86' lang='grc' dir='ltr'>ὑποκείσονται</span> <span class='ocrx_word' id='word_1_168' title='bbox 689 1695 736 1747; x_wconf 79' lang='grc' dir='ltr'>δὲ</span> <span class='ocrx_word' id='word_1_169' title='bbox 761 1699 819 1763; x_wconf 85' lang='grc' dir='ltr'>τῇ</span> <span class='ocrx_word' id='word_1_170' title='bbox 847 1698 1067 1766; x_wconf 63' lang='grc' dir='ltr'>ῥομφαίᾳ.</span> <span class='ocrx_word' id='word_1_171' title='bbox 1125 1696 1317 1763; x_wconf 76' lang='grc' dir='ltr'>πρέπειν</span> <span class='ocrx_word' id='word_1_172' title='bbox 1351 1695 1399 1746; x_wconf 80' lang='grc' dir='ltr'>δὲ</span> <span class='ocrx_word' id='word_1_173' title='bbox 1435 1692 1560 1757; x_wconf 74' lang='grc' dir='ltr'>οἶμαι</span> <span class='ocrx_word' id='word_1_174' title='bbox 1591 1693 1807 1758; x_wconf 88' lang='grc' dir='ltr'>μάλιστα</span> <span class='ocrx_word' id='word_1_175' title='bbox 1837 1696 1920 1742; x_wconf 90' lang='grc' dir='ltr'>τοῦ</span> 
     </span>
     <span class='ocr_line' id='line_1_21' title="bbox 333 1772 1921 1846; baseline -0.004 -15"><span class='ocrx_word' id='word_1_176' title='bbox 333 1779 483 1846; x_wconf 83' lang='grc' dir='ltr'>λόγου</span> <span class='ocrx_word' id='word_1_177' title='bbox 521 1779 606 1845; x_wconf 86' lang='grc' dir='ltr'>τὴν</span> <span class='ocrx_word' id='word_1_178' title='bbox 645 1778 840 1842; x_wconf 87' lang='grc' dir='ltr'>δύναμιν</span> <span class='ocrx_word' id='word_1_179' title='bbox 871 1783 967 1832; x_wconf 84' lang='grc' dir='ltr'>τοῖς</span> <span class='ocrx_word' id='word_1_180' title='bbox 1000 1778 1277 1845; x_wconf 83' lang='grc' dir='ltr'>ἀκαθάρτοις</span> <span class='ocrx_word' id='word_1_181' title='bbox 1313 1776 1592 1841; x_wconf 87' lang='grc' dir='ltr'>πνεύμασιν,</span> <span class='ocrx_word' id='word_1_182' title='bbox 1617 1773 1648 1826; x_wconf 76' lang='grc' dir='ltr'>ἃ</span> <span class='ocrx_word' id='word_1_183' title='bbox 1671 1772 1921 1844; x_wconf 73' lang='grc' dir='ltr'>τετραυμοί-</span> 
     </span>
     <span class='ocr_line' id='line_1_22' title="bbox 334 1855 1917 1929; baseline -0.002 -16"><span class='ocrx_word' id='word_1_184' title='bbox 334 1886 457 1913; x_wconf 81' lang='grc' dir='ltr'>τικεν</span> <span class='ocrx_word' id='word_1_185' title='bbox 502 1863 528 1913; x_wconf 83' lang='grc' dir='ltr'>ὁ</span> <span class='ocrx_word' id='word_1_186' title='bbox 572 1860 798 1929; x_wconf 83' lang='grc' dir='ltr'>Χριστὸς,</span> <span class='ocrx_word' id='word_1_187' title='bbox 840 1863 922 1925; x_wconf 85' lang='grc' dir='ltr'>τῆς</span> <span class='ocrx_word' id='word_1_188' title='bbox 963 1862 1070 1912; x_wconf 90' lang='grc' dir='ltr'>καθ’</span> <span class='ocrx_word' id='word_1_189' title='bbox 1115 1861 1245 1925; x_wconf 81' lang='grc' dir='ltr'>ἡμῶν</span> <span class='ocrx_word' id='word_1_190' title='bbox 1289 1861 1558 1927; x_wconf 84' lang='grc' dir='ltr'>τυραννίδος</span> <span class='ocrx_word' id='word_1_191' title='bbox 1597 1855 1917 1921; x_wconf 80' lang='grc' dir='ltr'>ἐκβεβληκὼς,</span> 
     </span>
     <span class='ocr_line' id='line_1_23' title="bbox 335 1937 1922 2008; baseline -0.002 -13"><span class='ocrx_word' id='word_1_192' title='bbox 335 1943 610 1997; x_wconf 82' lang='grc' dir='ltr'>συνανελὼν</span> <span class='ocrx_word' id='word_1_193' title='bbox 641 1942 690 1996; x_wconf 79' lang='grc' dir='ltr'>δὲ</span> <span class='ocrx_word' id='word_1_194' title='bbox 726 1944 879 1997; x_wconf 81' lang='grc' dir='ltr'>αὐτοῖς</span> <span class='ocrx_word' id='word_1_195' title='bbox 917 1943 1000 1994; x_wconf 83' lang='grc' dir='ltr'>τὸν</span> <span class='ocrx_word' id='word_1_196' title='bbox 1037 1948 1120 1995; x_wconf 90' lang='grc' dir='ltr'>τοῦ</span> <span class='ocrx_word' id='word_1_197' title='bbox 1158 1943 1360 1997; x_wconf 88' lang='grc' dir='ltr'>σκότους</span> <span class='ocrx_word' id='word_1_198' title='bbox 1390 1942 1582 2008; x_wconf 68' lang='grc' dir='ltr'>πατερα,</span> <span class='ocrx_word' id='word_1_199' title='bbox 1613 1939 1696 1992; x_wconf 81' lang='grc' dir='ltr'>τὸν</span> <span class='ocrx_word' id='word_1_200' title='bbox 1731 1937 1922 2003; x_wconf 83' lang='grc' dir='ltr'>ἁπάσης</span> 
     </span>
     <span class='ocr_line' id='line_1_24' title="bbox 113 2022 1923 2111; baseline -0.003 -32"><span class='ocrx_word' id='word_1_201' title='bbox 113 2039 220 2111; x_wconf 41' lang='grc' dir='ltr'>ξνθῡῑ-</span> <span class='ocrx_word' id='word_1_202' title='bbox 296 2029 564 2094; x_wconf 77' lang='grc' dir='ltr'>οὰμαρτίας</span> <span class='ocrx_word' id='word_1_203' title='bbox 608 2025 809 2093; x_wconf 87' lang='grc' dir='ltr'>εὑρετὴν,</span> <span class='ocrx_word' id='word_1_204' title='bbox 854 2025 937 2077; x_wconf 80' lang='grc' dir='ltr'>τὸν</span> <span class='ocrx_word' id='word_1_205' title='bbox 981 2024 1377 2092; x_wconf 76' lang='grc' dir='ltr'>κατασκοτίζοντα</span> <span class='ocrx_word' id='word_1_206' title='bbox 1420 2024 1524 2076; x_wconf 69' lang='grc' dir='ltr'>66τῦι</span> <span class='ocrx_word' id='word_1_207' title='bbox 1571 2022 1780 2088; x_wconf 83' lang='grc' dir='ltr'>νοήματα</span> <span class='ocrx_word' id='word_1_208' title='bbox 1827 2026 1923 2073; x_wconf 81' lang='grc' dir='ltr'>τῶν</span> 
     </span>
     <span class='ocr_line' id='line_1_25' title="bbox 150 2094 1917 2177; baseline -0.004 -15"><span class='ocrx_word' id='word_1_209' title='bbox 150 2094 203 2120; x_wconf 46' lang='lat'>&#39;⁴’</span> <span class='ocrx_word' id='word_1_210' title='bbox 337 2118 363 2140; x_wconf 71' lang='lat'>‘⁴</span> <span class='ocrx_word' id='word_1_211' title='bbox 390 2111 621 2172; x_wconf 82' lang='grc' dir='ltr'>ἀπίστων,</span> <span class='ocrx_word' id='word_1_212' title='bbox 649 2113 711 2163; x_wconf 81' lang='grc' dir='ltr'>εἷς</span> <span class='ocrx_word' id='word_1_213' title='bbox 747 2107 801 2160; x_wconf 77' lang='grc' dir='ltr'>τὸ</span> <span class='ocrx_word' id='word_1_214' title='bbox 839 2107 905 2172; x_wconf 85' lang='grc' dir='ltr'>μὴ</span> <span class='ocrx_word' id='word_1_215' title='bbox 945 2107 1199 2174; x_wconf 84' lang='grc' dir='ltr'>διαυγάσαι</span> <span class='ocrx_word' id='word_1_216' title='bbox 1236 2107 1319 2160; x_wconf 80' lang='grc' dir='ltr'>τὸν</span> <span class='ocrx_word' id='word_1_217' title='bbox 1358 2106 1609 2177; x_wconf 80' lang='grc' dir='ltr'>φωτισμὸν</span> <span class='ocrx_word' id='word_1_218' title='bbox 1641 2111 1723 2157; x_wconf 87' lang='grc' dir='ltr'>τοῦ</span> <span class='ocrx_word' id='word_1_219' title='bbox 1757 2105 1917 2171; x_wconf 83' lang='grc' dir='ltr'>Εὐαγ-</span> 
     </span>
     <span class='ocr_line' id='line_1_26' title="bbox 336 2186 1923 2261; baseline -0.005 -16"><span class='ocrx_word' id='word_1_220' title='bbox 336 2201 363 2224; x_wconf 80' lang='grc'><strong>“</strong></span> <span class='ocrx_word' id='word_1_221' title='bbox 389 2195 551 2261; x_wconf 89' lang='grc' dir='ltr'>γελίου</span> <span class='ocrx_word' id='word_1_222' title='bbox 588 2195 671 2257; x_wconf 80' lang='grc' dir='ltr'>τῆς</span> <span class='ocrx_word' id='word_1_223' title='bbox 710 2190 852 2261; x_wconf 76' lang='grc' dir='ltr'>δόξης</span> <span class='ocrx_word' id='word_1_224' title='bbox 888 2197 971 2242; x_wconf 86' lang='grc' dir='ltr'>τοῦ</span> <span class='ocrx_word' id='word_1_225' title='bbox 1007 2192 1271 2258; x_wconf 81' lang='grc' dir='ltr'>Χριστοῦ.”</span> <span class='ocrx_word' id='word_1_226' title='bbox 1339 2193 1413 2242; x_wconf 77' lang='grc' dir='ltr'>καὶ</span> <span class='ocrx_word' id='word_1_227' title='bbox 1451 2195 1589 2241; x_wconf 89' lang='grc' dir='ltr'>τοῦτο</span> <span class='ocrx_word' id='word_1_228' title='bbox 1628 2186 1758 2252; x_wconf 77' lang='grc' dir='ltr'>οἶμαί</span> <span class='ocrx_word' id='word_1_229' title='bbox 1792 2189 1923 2238; x_wconf 83' lang='grc' dir='ltr'>ἐστιν</span> 
     </span>
     <span class='ocr_line' id='line_1_27' title="bbox 115 2270 1922 2343; baseline -0.002 -20"><span class='ocrx_word' id='word_1_230' title='bbox 115 2293 276 2324; x_wconf 69' lang='lat' dir='ltr'>Es.xxvii.</span> <span class='ocrx_word' id='word_1_231' title='bbox 336 2275 361 2327; x_wconf 73' lang='grc' dir='ltr'><em>ὃ</em></span> <span class='ocrx_word' id='word_1_232' title='bbox 400 2277 476 2327; x_wconf 80' lang='grc' dir='ltr'>καὶ</span> <span class='ocrx_word' id='word_1_233' title='bbox 509 2273 647 2329; x_wconf 80' lang='grc' dir='ltr'>αὐτὸς</span> <span class='ocrx_word' id='word_1_234' title='bbox 679 2275 704 2325; x_wconf 85' lang='grc' dir='ltr'><strong>ὁ</strong></span> <span class='ocrx_word' id='word_1_235' title='bbox 740 2273 895 2343; x_wconf 82' lang='grc' dir='ltr'>σοφὸς</span> <span class='ocrx_word' id='word_1_236' title='bbox 929 2274 1038 2337; x_wconf 79' lang='grc' dir='ltr'>ἡμῖν</span> <span class='ocrx_word' id='word_1_237' title='bbox 1070 2274 1246 2340; x_wconf 89' lang='grc' dir='ltr'>ε’ίρηκεν</span> <span class='ocrx_word' id='word_1_238' title='bbox 1278 2272 1488 2327; x_wconf 49' lang='grc' dir='ltr'>(Ησαίας</span> <span class='ocrx_word' id='word_1_239' title='bbox 1522 2279 1549 2301; x_wconf 82' lang='grc'>“</span> <span class='ocrx_word' id='word_1_240' title='bbox 1570 2273 1664 2322; x_wconf 80' lang='grc' dir='ltr'>Καὶ</span> <span class='ocrx_word' id='word_1_241' title='bbox 1702 2270 1835 2321; x_wconf 80' lang='grc' dir='ltr'>ε”σται</span> <span class='ocrx_word' id='word_1_242' title='bbox 1873 2271 1922 2320; x_wconf 86' lang='grc' dir='ltr'>ἐν</span> 
     </span>
     <span class='ocr_line' id='line_1_28' title="bbox 120 2347 1921 2427; baseline -0.005 -16"><span class='ocrx_word' id='word_1_243' title='bbox 120 2347 142 2368; x_wconf 56' lang='lat'>1&#39;</span> <span class='ocrx_word' id='word_1_244' title='bbox 337 2366 364 2389; x_wconf 71' lang='lat'>‘⁶</span> <span class='ocrx_word' id='word_1_245' title='bbox 389 2363 447 2427; x_wconf 84' lang='grc' dir='ltr'>τῇ</span> <span class='ocrx_word' id='word_1_246' title='bbox 485 2357 634 2426; x_wconf 75' lang='grc' dir='ltr'>ἡμέρᾳ</span> <span class='ocrx_word' id='word_1_247' title='bbox 669 2357 834 2424; x_wconf 83' lang='grc' dir='ltr'>ἐκείνῃ,</span> <span class='ocrx_word' id='word_1_248' title='bbox 864 2355 1025 2425; x_wconf 78' lang='grc' dir='ltr'>ἐπάξει</span> <span class='ocrx_word' id='word_1_249' title='bbox 1057 2357 1082 2406; x_wconf 86' lang='grc' dir='ltr'>ὁ</span> <span class='ocrx_word' id='word_1_250' title='bbox 1109 2355 1231 2410; x_wconf 78' lang='grc' dir='ltr'>Θεὸς</span> <span class='ocrx_word' id='word_1_251' title='bbox 1266 2355 1352 2420; x_wconf 87' lang='grc' dir='ltr'>τὴν</span> <span class='ocrx_word' id='word_1_252' title='bbox 1383 2354 1620 2422; x_wconf 86' lang='grc' dir='ltr'>μάχαιραν</span> <span class='ocrx_word' id='word_1_253' title='bbox 1654 2351 1739 2418; x_wconf 86' lang='grc' dir='ltr'>τὴν</span> <span class='ocrx_word' id='word_1_254' title='bbox 1769 2352 1921 2418; x_wconf 82' lang='grc' dir='ltr'>ἁγίαν,</span> 
     </span>
     <span class='ocr_line' id='line_1_29' title="bbox 335 2432 1923 2507; baseline -0.005 -15"><span class='ocrx_word' id='word_1_255' title='bbox 335 2448 362 2470; x_wconf 85' lang='grc'><strong>“</strong></span> <span class='ocrx_word' id='word_1_256' title='bbox 386 2440 472 2504; x_wconf 84' lang='grc' dir='ltr'>τὴν</span> <span class='ocrx_word' id='word_1_257' title='bbox 505 2438 718 2507; x_wconf 84' lang='grc' dir='ltr'>μεγάλην</span> <span class='ocrx_word' id='word_1_258' title='bbox 744 2441 820 2490; x_wconf 83' lang='grc' dir='ltr'>καὶ</span> <span class='ocrx_word' id='word_1_259' title='bbox 851 2438 936 2503; x_wconf 89' lang='grc' dir='ltr'>τὴν</span> <span class='ocrx_word' id='word_1_260' title='bbox 969 2437 1170 2507; x_wconf 78' lang='grc' dir='ltr'>ἰσχυρὰν</span> <span class='ocrx_word' id='word_1_261' title='bbox 1203 2440 1277 2490; x_wconf 86' lang='grc' dir='ltr'>ἐπὶ</span> <span class='ocrx_word' id='word_1_262' title='bbox 1312 2437 1394 2489; x_wconf 83' lang='grc' dir='ltr'>τὸν</span> <span class='ocrx_word' id='word_1_263' title='bbox 1420 2435 1665 2504; x_wconf 82' lang='grc' dir='ltr'>δράκοντα,</span> <span class='ocrx_word' id='word_1_264' title='bbox 1692 2435 1774 2486; x_wconf 86' lang='grc' dir='ltr'>τὸν</span> <span class='ocrx_word' id='word_1_265' title='bbox 1812 2432 1923 2502; x_wconf 79' lang='grc' dir='ltr'>ὅφιν</span> 
     </span>
     <span class='ocr_line' id='line_1_30' title="bbox 337 2517 1922 2590; baseline -0.005 -15"><span class='ocrx_word' id='word_1_266' title='bbox 337 2531 363 2553; x_wconf 82' lang='grc'><strong>“</strong></span> <span class='ocrx_word' id='word_1_267' title='bbox 388 2523 472 2575; x_wconf 79' lang='grc' dir='ltr'>τὸν</span> <span class='ocrx_word' id='word_1_268' title='bbox 494 2523 706 2585; x_wconf 83' lang='grc' dir='ltr'>σκολιὸν,</span> <span class='ocrx_word' id='word_1_269' title='bbox 733 2523 807 2573; x_wconf 81' lang='grc' dir='ltr'>ἐπὶ</span> <span class='ocrx_word' id='word_1_270' title='bbox 838 2519 921 2572; x_wconf 80' lang='grc' dir='ltr'>τὸν</span> <span class='ocrx_word' id='word_1_271' title='bbox 947 2521 1178 2588; x_wconf 87' lang='grc' dir='ltr'>δράκοντα</span> <span class='ocrx_word' id='word_1_272' title='bbox 1208 2520 1291 2572; x_wconf 82' lang='grc' dir='ltr'>τὸν</span> <span class='ocrx_word' id='word_1_273' title='bbox 1316 2519 1427 2590; x_wconf 80' lang='grc' dir='ltr'>ὅφιν</span> <span class='ocrx_word' id='word_1_274' title='bbox 1453 2518 1536 2570; x_wconf 82' lang='grc' dir='ltr'>τὸν</span> <span class='ocrx_word' id='word_1_275' title='bbox 1562 2518 1817 2589; x_wconf 87' lang='grc' dir='ltr'>φεύγοντα,</span> <span class='ocrx_word' id='word_1_276' title='bbox 1846 2517 1922 2567; x_wconf 78' lang='grc' dir='ltr'>καὶ</span> 
     </span>
    </p>
   </div>
   <div class='ocr_carea' id='block_1_7' title="bbox 338 2603 927 2671">
    <p class='ocr_par' dir='ltr' id='par_1_9' title="bbox 338 2603 927 2671">
     <span class='ocr_line' id='line_1_31' title="bbox 338 2603 770 2636; baseline -0.007 0"><span class='ocrx_word' id='word_1_277' title='bbox 338 2614 364 2636; x_wconf 64' lang='grc' dir='ltr'>(ε</span> <span class='ocrx_word' id='word_1_278' title='bbox 409 2607 419 2621; x_wconf 86' lang='grc'><strong><em>’</em></strong></span> <span class='ocrx_word' id='word_1_279' title='bbox 533 2610 552 2619; x_wconf 66' lang='grc'>”“</span> <span class='ocrx_word' id='word_1_280' title='bbox 603 2603 617 2619; x_wconf 56' lang='grc'><em>“</em></span> <span class='ocrx_word' id='word_1_281' title='bbox 757 2603 770 2618; x_wconf 89' lang='lat'><em>&#39;</em></span> 
     </span>
     <span class='ocr_line' id='line_1_32' title="bbox 393 2606 927 2671; baseline -0.004 -15"><span class='ocrx_word' id='word_1_282' title='bbox 393 2612 546 2657; x_wconf 89' lang='grc' dir='ltr'>ανελει</span> <span class='ocrx_word' id='word_1_283' title='bbox 573 2628 655 2657; x_wconf 88' lang='grc' dir='ltr'>τον</span> <span class='ocrx_word' id='word_1_284' title='bbox 680 2606 927 2671; x_wconf 87' lang='grc' dir='ltr'>δρακοντα.</span> 
     </span>
    </p>
   </div>
   <div class='ocr_carea' id='block_1_8' title="bbox 331 2767 1922 3006">
    <p class='ocr_par' dir='ltr' id='par_1_10' title="bbox 331 2767 1922 3006">
     <span class='ocr_line' id='line_1_33' title="bbox 392 2767 1921 2817; baseline -0.004 -9"><span class='ocrx_word' id='word_1_285' title='bbox 392 2785 420 2808; x_wconf 90' lang='lat'>1.</span> <span class='ocrx_word' id='word_1_286' title='bbox 445 2774 606 2817; x_wconf 82' lang='grc' dir='ltr'>μακάριος</span> <span class='ocrx_word' id='word_1_287' title='bbox 623 2785 693 2807; x_wconf 86' lang='lat' dir='ltr'>om.</span> <span class='ocrx_word' id='word_1_288' title='bbox 715 2773 756 2807; x_wconf 80' lang='lat' dir='ltr'>B.</span> <span class='ocrx_word' id='word_1_289' title='bbox 1178 2781 1211 2815; x_wconf 92' lang='lat'>5.</span> <span class='ocrx_word' id='word_1_290' title='bbox 1237 2785 1303 2806; x_wconf 88' lang='grc' dir='ltr'>που</span> <span class='ocrx_word' id='word_1_291' title='bbox 1320 2782 1389 2805; x_wconf 91' lang='lat' dir='ltr'>om.</span> <span class='ocrx_word' id='word_1_292' title='bbox 1411 2769 1453 2804; x_wconf 91' lang='lat' dir='ltr'>B.</span> <span class='ocrx_word' id='word_1_293' title='bbox 1520 2769 1644 2803; x_wconf 82' lang='lat' dir='ltr'>Statim</span> <span class='ocrx_word' id='word_1_294' title='bbox 1663 2768 1811 2803; x_wconf 80' lang='grc' dir='ltr'>ἐναντίον</span> <span class='ocrx_word' id='word_1_295' title='bbox 1828 2767 1921 2803; x_wconf 88' lang='lat' dir='ltr'><strong>Edd.</strong></span> 
     </span>
     <span class='ocr_line' id='line_1_34' title="bbox 341 2815 1920 2864; baseline -0.003 -9"><span class='ocrx_word' id='word_1_296' title='bbox 341 2822 373 2854; x_wconf 80' lang='lat'>8.</span> <span class='ocrx_word' id='word_1_297' title='bbox 399 2821 587 2864; x_wconf 76' lang='grc' dir='ltr'>τυπουμένη</span> <span class='ocrx_word' id='word_1_298' title='bbox 604 2820 695 2854; x_wconf 82' lang='lat' dir='ltr'>Edd.</span> <span class='ocrx_word' id='word_1_299' title='bbox 843 2830 895 2854; x_wconf 85' lang='lat'>10.</span> <span class='ocrx_word' id='word_1_300' title='bbox 922 2818 982 2863; x_wconf 82' lang='grc' dir='ltr'>τὴν</span> <span class='ocrx_word' id='word_1_301' title='bbox 998 2821 1090 2854; x_wconf 81' lang='grc' dir='ltr'>οὔπω</span> <span class='ocrx_word' id='word_1_302' title='bbox 1108 2818 1383 2864; x_wconf 81' lang='grc' dir='ltr'>κατηυγασμὲνην</span> <span class='ocrx_word' id='word_1_303' title='bbox 1399 2817 1459 2851; x_wconf 82' lang='lat' dir='ltr'><strong>iid.</strong></span> <span class='ocrx_word' id='word_1_304' title='bbox 1615 2827 1629 2850; x_wconf 93' lang='lat'>1</span> <span class='ocrx_word' id='word_1_305' title='bbox 1640 2826 1669 2850; x_wconf 90' lang='lat'>1.</span> <span class='ocrx_word' id='word_1_306' title='bbox 1695 2816 1844 2860; x_wconf 76' lang='grc' dir='ltr'>ἔχουσαν</span> <span class='ocrx_word' id='word_1_307' title='bbox 1860 2815 1920 2850; x_wconf 75' lang='lat' dir='ltr'>iid-</span> 
     </span>
     <span class='ocr_line' id='line_1_35' title="bbox 345 2863 1922 2913; baseline -0.002 -14"><span class='ocrx_word' id='word_1_308' title='bbox 345 2878 396 2910; x_wconf 82' lang='lat'>13.</span> <span class='ocrx_word' id='word_1_309' title='bbox 422 2869 775 2913; x_wconf 82' lang='grc' dir='ltr'>καταλαμπρυνόμενοι</span> <span class='ocrx_word' id='word_1_310' title='bbox 793 2866 852 2902; x_wconf 76' lang='lat' dir='ltr'>iid.</span> <span class='ocrx_word' id='word_1_311' title='bbox 918 2866 1073 2912; x_wconf 73' lang='grc' dir='ltr'>ἐχόμενοι</span> <span class='ocrx_word' id='word_1_312' title='bbox 1090 2877 1153 2911; x_wconf 85' lang='lat' dir='ltr'>pro</span> <span class='ocrx_word' id='word_1_313' title='bbox 1170 2867 1241 2911; x_wconf 80' lang='grc' dir='ltr'>εὐχ.</span> <span class='ocrx_word' id='word_1_314' title='bbox 1260 2865 1319 2899; x_wconf 82' lang='lat' dir='ltr'>iid.</span> <span class='ocrx_word' id='word_1_315' title='bbox 1339 2870 1418 2898; x_wconf 80' lang='lat' dir='ltr'>ante</span> <span class='ocrx_word' id='word_1_316' title='bbox 1437 2863 1572 2907; x_wconf 73' lang='lat' dir='ltr'>Migne.</span> <span class='ocrx_word' id='word_1_317' title='bbox 1781 2863 1833 2896; x_wconf 85' lang='grc'>18.</span> <span class='ocrx_word' id='word_1_318' title='bbox 1861 2864 1922 2896; x_wconf 86' lang='grc' dir='ltr'>τοῦ</span> 
     </span>
     <span class='ocr_line' id='line_1_36' title="bbox 339 2908 1921 2959; baseline -0.002 -14"><span class='ocrx_word' id='word_1_319' title='bbox 339 2913 462 2958; x_wconf 83' lang='grc' dir='ltr'>λόγου]</span> <span class='ocrx_word' id='word_1_320' title='bbox 482 2915 521 2948; x_wconf 85' lang='grc' dir='ltr'>τὸ</span> <span class='ocrx_word' id='word_1_321' title='bbox 538 2914 652 2959; x_wconf 76' lang='grc' dir='ltr'>λέγειν</span> <span class='ocrx_word' id='word_1_322' title='bbox 670 2913 763 2949; x_wconf 85' lang='lat' dir='ltr'><strong>Edd.</strong></span> <span class='ocrx_word' id='word_1_323' title='bbox 934 2925 986 2958; x_wconf 90' lang='lat'>19.</span> <span class='ocrx_word' id='word_1_324' title='bbox 1016 2912 1215 2957; x_wconf 79' lang='grc' dir='ltr'>πνεύμασιν,</span> <span class='ocrx_word' id='word_1_325' title='bbox 1233 2910 1270 2957; x_wconf 81' lang='grc' dir='ltr'>ἃ]</span> <span class='ocrx_word' id='word_1_326' title='bbox 1291 2910 1459 2955; x_wconf 85' lang='grc' dir='ltr'>δαίμοσιν,</span> <span class='ocrx_word' id='word_1_327' title='bbox 1478 2910 1535 2945; x_wconf 79' lang='grc' dir='ltr'>οὓς</span> <span class='ocrx_word' id='word_1_328' title='bbox 1551 2908 1611 2943; x_wconf 83' lang='lat' dir='ltr'><strong>iid.</strong></span> <span class='ocrx_word' id='word_1_329' title='bbox 1779 2919 1835 2951; x_wconf 77' lang='lat'>24.</span> <span class='ocrx_word' id='word_1_330' title='bbox 1860 2910 1921 2943; x_wconf 84' lang='grc' dir='ltr'>τοῦ</span> 
     </span>
     <span class='ocr_line' id='line_1_37' title="bbox 331 2955 1921 3006; baseline -0.002 -14"><span class='ocrx_word' id='word_1_331' title='bbox 331 2960 484 2994; x_wconf 74' lang='lat' dir='ltr'>necessit</span> <span class='ocrx_word' id='word_1_332' title='bbox 500 2972 541 2994; x_wconf 84' lang='lat' dir='ltr'>ex</span> <span class='ocrx_word' id='word_1_333' title='bbox 561 2960 603 2994; x_wconf 90' lang='lat' dir='ltr'>B.</span> <span class='ocrx_word' id='word_1_334' title='bbox 881 2961 934 2995; x_wconf 88' lang='lat'>26.</span> <span class='ocrx_word' id='word_1_335' title='bbox 960 2959 1074 3006; x_wconf 79' lang='grc' dir='ltr'>ἁγίαν]</span> <span class='ocrx_word' id='word_1_336' title='bbox 1099 2964 1135 3000; x_wconf 60' lang='grc'>-1-</span> <span class='ocrx_word' id='word_1_337' title='bbox 1156 2960 1210 2993; x_wconf 60' lang='lat' dir='ltr'>xa}</span> <span class='ocrx_word' id='word_1_338' title='bbox 1229 2958 1271 2993; x_wconf 86' lang='lat' dir='ltr'>B.</span> <span class='ocrx_word' id='word_1_339' title='bbox 1290 2958 1334 2992; x_wconf 89' lang='lat' dir='ltr'>cf.</span> <span class='ocrx_word' id='word_1_340' title='bbox 1354 2969 1460 3002; x_wconf 84' lang='lat' dir='ltr'>supra</span> <span class='ocrx_word' id='word_1_341' title='bbox 1477 2967 1545 2999; x_wconf 84' lang='lat'>440</span> <span class='ocrx_word' id='word_1_342' title='bbox 1562 2969 1592 2990; x_wconf 85' lang='lat' dir='ltr'>a.</span> <span class='ocrx_word' id='word_1_343' title='bbox 1611 2967 1693 2991; x_wconf 91' lang='lat' dir='ltr'>cum</span> <span class='ocrx_word' id='word_1_344' title='bbox 1711 2955 1859 2991; x_wconf 75' lang='lat' dir='ltr'>lectione</span> <span class='ocrx_word' id='word_1_345' title='bbox 1876 2956 1921 2989; x_wconf 87' lang='lat' dir='ltr'>A.</span> 
     </span>
    </p>
   </div>
   <div class='ocr_carea' id='block_1_9' title="bbox 342 3002 1627 3052">
    <p class='ocr_par' dir='ltr' id='par_1_11' title="bbox 342 3002 1627 3052">
     <span class='ocr_line' id='line_1_38' title="bbox 342 3002 1627 3052; baseline -0.001 -14"><span class='ocrx_word' id='word_1_346' title='bbox 342 3005 458 3050; x_wconf 75' lang='grc' dir='ltr'>(ἁγίαν</span> <span class='ocrx_word' id='word_1_347' title='bbox 477 3007 528 3040; x_wconf 79' lang='grc' dir='ltr'>καὶ</span> <span class='ocrx_word' id='word_1_348' title='bbox 547 3007 643 3051; x_wconf 81' lang='grc' dir='ltr'>μεγ.)</span> <span class='ocrx_word' id='word_1_349' title='bbox 835 3008 888 3042; x_wconf 72' lang='lat'>28.</span> <span class='ocrx_word' id='word_1_350' title='bbox 913 3008 995 3052; x_wconf 84' lang='grc' dir='ltr'>ὅφιν</span> <span class='ocrx_word' id='word_1_351' title='bbox 1011 3006 1181 3051; x_wconf 82' lang='grc' dir='ltr'>φεύγοντα</span> <span class='ocrx_word' id='word_1_352' title='bbox 1199 3017 1261 3051; x_wconf 86' lang='lat' dir='ltr'>pro</span> <span class='ocrx_word' id='word_1_353' title='bbox 1278 3006 1337 3039; x_wconf 85' lang='grc' dir='ltr'>τὸν</span> <span class='ocrx_word' id='word_1_354' title='bbox 1353 3004 1382 3039; x_wconf 85' lang='grc' dir='ltr'>ὅ.</span> <span class='ocrx_word' id='word_1_355' title='bbox 1400 3005 1458 3039; x_wconf 86' lang='grc' dir='ltr'>τὸν</span> <span class='ocrx_word' id='word_1_356' title='bbox 1473 3006 1515 3049; x_wconf 86' lang='grc' dir='ltr'>φ.</span> <span class='ocrx_word' id='word_1_357' title='bbox 1535 3002 1627 3038; x_wconf 72' lang='grc' dir='ltr'>Εᾶᾶ,</span> 
     </span>
    </p>
   </div>
   <div class='ocr_carea' id='block_1_10' title="bbox 1936 633 1958 669">
    <p class='ocr_par' dir='ltr' id='par_1_12' title="bbox 1936 633 1958 669">
     <span class='ocr_line' id='line_1_39' title="bbox 1936 633 1958 669; baseline 0 0"><span class='ocrx_word' id='word_1_358' title='bbox 1936 633 1958 669; x_wconf 85' lang='grc'>5</span> 
     </span>
    </p>
   </div>
   <div class='ocr_carea' id='block_1_11' title="bbox 1943 1056 1990 1080">
    <p class='ocr_par' dir='ltr' id='par_1_13' title="bbox 1943 1056 1990 1080">
     <span class='ocr_line' id='line_1_40' title="bbox 1943 1056 1990 1080; baseline 0 0"><span class='ocrx_word' id='word_1_359' title='bbox 1943 1056 1990 1080; x_wconf 90' lang='lat'>10</span> 
     </span>
    </p>
   </div>
   <div class='ocr_carea' id='block_1_12' title="bbox 1943 1884 1992 1908">
    <p class='ocr_par' dir='ltr' id='par_1_14' title="bbox 1943 1884 1992 1908">
     <span class='ocr_line' id='line_1_41' title="bbox 1943 1884 1992 1908; baseline 0 0"><span class='ocrx_word' id='word_1_360' title='bbox 1943 1884 1992 1908; x_wconf 91' lang='lat'>20</span> 
     </span>
    </p>
   </div>
  </div>
 </body>
</html>
