2001 3361
272 180 347 214 700

323 297 436 345 pheta
462 295 538 344 ipse
565 295 713 331 audiret
741 297 817 331 386
844 295 895 341 b3
930 307 1026 330 mor-

322 368 399 397 tem
422 373 544 400 orans,
567 372 653 395 cum
675 359 879 406 questibus,
902 359 1025 407 culpa-

321 432 385 462 tur
407 426 482 461 386
505 437 544 469 c;
577 423 660 460 Deo
687 424 919 472 indulgente,
943 436 1027 471 spes

321 502 437 525 novas
465 488 627 536 concipit
655 490 731 525 386
757 489 837 530 de;
872 494 909 524 et
928 488 1025 536 jeju-

320 554 424 589 nium
445 553 548 600 parvi
572 553 727 594 habens,
751 553 851 589 urbis
875 553 1026 589 exitium

319 623 492 665 expectat
536 620 611 654 387
652 631 672 654 a
695 633 702 660 ;

318 682 625 723 exhibet‚umbra
638 682 851 718 cucurbitae
859 682 1027 730 gaudens

321 749 395 783 387
418 759 457 791 c;
494 746 627 783 infanti
653 755 892 795 comparatus
922 752 959 783 et
981 747 1027 782 ad

752 618 1027 665 simplicitatem

319 812 487 847 dolorem
527 817 564 848 et
603 812 649 847 ad
686 812 876 852 laetitiam,
916 812 1027 859 nugis

319 876 517 913 levissimis
539 878 700 912 excitato
724 878 798 912 387
822 876 866 917 d;
896 888 1025 912 cucur-

319 941 449 983 bitam,
490 941 610 989 magis
658 953 772 988 quam
814 940 1024 983 Ninevitas,

318 1006 533 1049 miseratus,
568 1019 589 1042 a
624 1006 708 1042 Deo
742 1005 1025 1053 reprehenditur

319 1073 394 1107 388
441 1083 461 1106 c
495 1071 548 1113 d;

319 1138 396 1172 519
417 1148 451 1172 e.

263 1200 397 1248 Joppa,
437 1200 529 1236 urbs
567 1200 768 1241 maritima,
816 1200 1025 1248 emporium

316 1265 548 1301 Palaestinae
572 1267 648 1301 369
671 1265 705 1300 d.

261 1330 404 1372 Joram,
444 1330 522 1365 Rex
564 1329 711 1365 Israelis
750 1330 899 1377 impius,
935 1341 1021 1364 cum

318 1394 424 1441 Rege
491 1394 674 1442 Josaphat
738 1394 872 1430 foedus
936 1394 1024 1429 facit

319 1460 395 1494 263
417 1471 447 1494 e.

260 1521 450 1565 Jordanis,
482 1522 615 1558 fluvius
645 1523 925 1558 transeuntibus
954 1523 1021 1558 Ju-

318 1587 418 1623 daeis
442 1587 664 1628 consistens,
686 1587 783 1623 inter
810 1587 928 1634 prima
951 1587 1020 1622 mi-

608 1070 806 1118 impatiens
854 1070 1025 1118 arguitur

315 1652 442 1687 racula
457 1658 672 1688 recensetur
687 1654 762 1688 480
777 1665 796 1687 e
810 1665 818 1697 3
847 1652 1021 1693 fremens,

314 1715 550 1752 Judaeorum
572 1722 703 1752 contra
724 1717 917 1752 Christum
939 1729 1019 1752 sae-

314 1781 496 1818 vientium
522 1787 633 1830 typus
661 1783 736 1818 757
759 1794 803 1823 ος
839 1782 927 1817 item
955 1793 1021 1828 pro

314 1845 485 1883 leonibus
543 1846 593 1882 ibi
652 1846 825 1891 inventis,
881 1846 1020 1881 dictum

318 1913 394 1947 757
417 1923 449 1946 e.

261 1975 457 2023 Josaphat,
483 1975 598 2016 vallis,
620 1975 724 2010 locus
750 1988 899 2023 pugnae
926 1975 1022 2010 inter

313 2040 481 2075 Judaeos
519 2045 556 2075 et
594 2039 825 2075 adversarios
859 2042 935 2075 232
972 2039 1020 2077 b:

317 2106 393 2140 233
425 2104 469 2149 d;
505 2106 581 2140 234
608 2117 648 2149 ε·;
686 2106 762 2141 236
790 2103 833 2149 1);
870 2106 945 2140 595
976 2104 1019 2148 (Ι;

317 2171 393 2204 597
418 2181 464 2213 c3
500 2169 703 2204 secundum
731 2168 896 2204 Judaeos
916 2169 1021 2204 locus

313 2233 453 2270 ,Iudicii
474 2233 637 2280 supremi
663 2233 811 2269 futurus
842 2235 917 2270 235
940 2233 962 2268 d
979 2245 1019 2277 e;

314 2310 450 2334 nomen
463 2298 644 2346 judicium
663 2298 878 2345 significans
893 2298 968 2334 238
985 2310 1019 2342 c3

314 2375 427 2410 quare
451 2362 558 2398 vallis
588 2375 631 2398 eo
658 2363 809 2398 nomine
837 2362 1021 2410 appellata

316 2427 428 2463 fuerit
452 2429 529 2464 240
551 2439 582 2462 e.

259 2492 403 2539 Joseph
445 2504 512 2540 pro
552 2491 689 2527 Israelc
732 2495 813 2526 toto
857 2491 1019 2539 positum

314 2559 391 2593 299
426 2569 469 2597 c;
528 2556 619 2592 item
666 2569 733 2603 pro
780 2561 860 2591 tota
906 2561 1019 2603 gente

316 2624 391 2657 316
413 2621 461 2666 b3
493 2621 581 2656 item
610 2634 677 2669 pro
699 2620 826 2656 decem
847 2620 1019 2656 tribubus

316 2688 387 2722 361
409 2698 449 2730 c;
479 2698 500 2721 a
516 2685 599 2721 Deo
621 2685 791 2726 dilectus,
808 2690 873 2721 aut
890 2685 1018 2720 Eccle-

315 2750 419 2792 siam,
469 2756 532 2786 aut
578 2762 759 2797 supernas
806 2749 1017 2785 mansiones

314 2820 588 2860 praemonstrat
612 2817 686 2850 749
708 2827 727 2849 c
743 2814 779 2849 d.

261 2878 462 2924 Josephus,
502 2879 584 2914 belli
624 2878 773 2914 Judaici
813 2877 1017 2924 descriptor

314 2942 609 2978 accuratissimus
648 2942 819 2978 laudatur
856 2944 929 2978 755
965 2941 1013 2983 b;
1049 2988 1050 2991 Ἴ

802 176 1014 211 INDEX
1073 175 1319 212 RERUM.

1716 191 1854 215 JONAS.

1151 295 1206 330 vir
1235 296 1415 343 eloquens
1445 301 1481 331 et
1511 296 1677 332 eruditus
1710 299 1780 334 761
1807 310 1855 343 a3

1150 359 1380 395 Judaeorum
1405 360 1691 397 lamentationes
1718 362 1855 398 descri-

1152 424 1243 460 bens
1263 424 1434 460 laudatur
1457 428 1531 462 785
1555 426 1587 461 b.

1096 489 1234 530 Josias‚
1267 490 1348 525 Rex
1379 490 1475 537 pius,
1507 503 1528 525 a
1566 490 1758 526 Pharaone
1793 491 1857 526 tri·

1151 554 1242 589 buto
1263 554 1454 601 subjectus
1476 556 1552 591 200
1575 555 1622 595 d;
1654 555 1752 590 idola
1772 555 1855 590 des-

1151 619 1252 660 truit,
1303 619 1664 667 Pseudoprophetas,
1705 619 1855 660 ariolos,

1151 689 1187 719 et
1227 683 1478 731 ventriloquas
1524 683 1676 731 expellit
1715 685 1763 718 83
1805 695 1854 724 c;

1153 750 1223 784 281
1264 761 1282 784 c
1304 748 1351 792 d3

1150 826 1225 848 non
1273 811 1407 848 avertit
1449 825 1468 848 a
1507 812 1660 848 Judaeis
1709 815 1780 849 281
1825 825 1855 853 e,

1151 877 1318 925 quamvis
1356 878 1434 924 ipse
1478 883 1646 913 servatus
1686 879 1762 912 282
1802 889 1854 920 a3

1396 748 1488 783 iram
1521 753 1647 783 tamen
1682 747 1855 783 Divinam

1149 955 1234 978 cum
1262 942 1428 990 patribus
1460 941 1535 977 suis
1565 941 1742 989 sepultus,
1771 946 1856 976 ante

1149 1006 1401 1054 captivitatem
1432 1009 1508 1043 282
1538 1006 1559 1042 b
1581 1018 1621 1051 ος
1659 1005 1857 1053 Aegyptiis

1148 1078 1289 1108 temere
1636 1069 1858 1106 interficitur

1149 1139 1225 1173 293
1248 1149 1288 1182 e3
1319 1148 1412 1184 quae
1441 1136 1543 1177 fecit,
1565 1133 1663 1170 idola
1690 1147 1709 1170 e
1735 1133 1857 1169 medio

1148 1201 1296 1242 tollens,
1335 1200 1525 1249 praedicta
1563 1202 1638 1236 492
1686 1199 1769 1244 bc;
1819 1198 1857 1234 in

1148 1265 1314 1301 secundo
1347 1265 1655 1312 Paralipomenon
1685 1264 1856 1299 laudatus

1149 1333 1223 1367 492
1250 1343 1289 1375 e;
1330 1330 1466 1377 pietate
1500 1342 1566 1365 sua
1597 1341 1747 1364 suorum
1777 1327 1855 1364 exi-

1147 1395 1239 1431 tium
1279 1394 1422 1430 distulit
1462 1396 1538 1431 580
1577 1394 1625 1439 b;
1681 1393 1855 1428 laudatus

1149 1463 1224 1495 583
1247 1472 1279 1496 a.

1092 1525 1228 1566 Josias,
1260 1523 1475 1571 Sophoniae
1510 1523 1618 1563 filius,
1649 1535 1670 1558 a
1698 1521 1854 1558 Judaeis

1147 1589 1380 1636 dispensator
1432 1600 1610 1635 gazarum
1664 1586 1710 1622 ad
1755 1592 1848 1622 tem-

1146 1653 1250 1702 plum
1268 1652 1540 1688 aedificandum
1561 1651 1701 1687 electus
1724 1653 1798 1687 703
1817 1662 1851 1695 e;

1149 1721 1223 1754 704
1246 1730 1275 1753 e.

1091 1781 1222 1823 Josue,
1275 1793 1467 1817 successor
1514 1780 1631 1816 Mosis
1683 1782 1757 1816 362
1797 1780 1850 1825 b3

1148 1845 1247 1894 [vide
1267 1845 1381 1882 Jesus
1403 1845 1540 1891 Naue]

1090 1911 1272 1951 Jozedek‚
1297 1909 1384 1957 quid
1405 1909 1593 1957 significet
1615 1911 1691 1945 706
1712 1921 1733 1945 a
1748 1909 1782 1944 b.

1090 1975 1201 2017 Juda‚
1221 1975 1351 2016 tribus,
1371 1974 1481 2009 fidem
1502 1973 1704 2021 professus,
1722 1973 1852 2008 Astar-

1144 2046 1207 2076 ten
1236 2039 1323 2074 colit
1355 2041 1402 2074 78
1433 2051 1477 2083 a3
1518 2050 1585 2085 pro
1614 2037 1759 2073 duobus
1787 2037 1852 2072 tri-

1144 2104 1269 2139 bubus=
1295 2103 1437 2139 dictum
1467 2104 1514 2138 78
1542 2102 1586 2147 d;
1623 2105 1669 2138 81
1698 2115 1740 2147 a;
1776 2102 1851 2149 pie-

1144 2174 1259 2204 tatem
1291 2167 1439 2203 simulat
1471 2169 1518 2202 78
1551 2179 1593 2212 e;
1633 2178 1699 2214 per
1728 2178 1853 2202 exem-

1144 2233 1246 2280 plum
1284 2231 1431 2267 Israelis
1470 2231 1683 2266 admonitus
1719 2233 1769 2267 80
1806 2243 1850 2276 a;

1144 2297 1247 2345 quasi
1310 2297 1443 2332 domus
1504 2307 1629 2342 parva,
1688 2294 1850 2342 descrip-

1143 2368 1203 2397 tus
1259 2363 1335 2396 320
1393 2361 1416 2395 (1
1446 2372 1465 2396 e
1489 2373 1497 2401 ;
1556 2372 1624 2407 pro
1679 2358 1852 2395 fidelibus

1144 2425 1282 2461 dictum
1325 2427 1400 2460 714
1440 2424 1487 2468 b;
1533 2423 1772 2472 patriarches,
1814 2428 1851 2458 et

1710 2486 1850 2523 Christi

1361 1084 1561 1107 OCCUYYCDS

1142 2496 1253 2537 typus
1319 2494 1356 2524 et
1421 2488 1642 2536 progenitor

1145 2556 1219 2590 724
1242 2567 1272 2590 a.

1087 2619 1243 2659 Judaea,
1262 2616 1432 2653 Australi
1449 2621 1561 2652 vento
1575 2622 1709 2651 vexata
1728 2616 1846 2659 189a3

1142 2695 1233 2730 agro
1254 2686 1469 2729 comparata
1489 2680 1591 2729 apud
1606 2679 1753 2716 Joelem
1771 2681 1846 2715 208

1141 2760 1183 2788 c;
1218 2746 1413 2787 Coelestis,
1436 2745 1472 2780 in
1494 2743 1759 2791 sempiternum
1782 2742 1848 2778 ha-

1140 2811 1293 2847 bitanda
1330 2813 1405 2847 245
1438 2822 1481 2854 c;
1529 2808 1611 2844 finis
1642 2819 1684 2842 ac
1718 2807 1845 2842 termi-

1141 2888 1209 2912 nus
1242 2875 1420 2911 Israelitis
1451 2884 1655 2920 corporeus
1691 2873 1766 2907 258
1800 2871 1844 2915 d;

1141 2945 1284 2976 vastata
1307 2942 1377 2975 461
1404 2939 1447 2984 d3
1479 2950 1550 2984 quo
1575 2948 1685 2972 sensu
1708 2941 1844 2972 “terra
