1997 3361
68 163 95 201 i.
123 177 180 204 10.
450 164 522 204 IN
566 164 981 205 SOPHONIAM.
1043 164 1194 204 ΤΟΜ.
1234 164 1271 203 1.
1575 166 1641 204 181

67 279 94 300 “
120 273 261 336 αὐτῆς
298 273 415 336 μετὰ
453 275 675 341 ἀργυρίου
709 275 1059 337 ἐμαντεύοντο·”
1102 277 1177 325 καὶ
1215 274 1308 338 μὴν
1336 276 1410 325 καὶ
1443 274 1468 323 ὦ
1495 272 1651 341 σοφὸς

66 354 274 409 Ἠσαίας
314 357 604 407 ἀποτείνεταί
639 379 732 407 που
768 356 887 421 πρὸς
931 356 1076 420 αὐτὴν
1115 358 1194 407 καί
1228 361 1379 425 φησιν
1418 360 1529 406 “Oi
1568 356 1650 421 ἄρ-
1715 373 1873 413 13³.i.23,.

67 443 94 466 ‘⁶
119 438 280 504 χοντές
306 461 398 488 σου
430 440 690 500 ἀπειθοῦσι,
718 442 926 490 κοινωνοὶ
953 444 1183 502 κλεπτῶν,
1210 442 1483 506 ἀγαπῶντες
1510 442 1650 504 δῶρα,

66 525 93 548 “
119 520 362 573 διώκοντες
395 521 713 585 ἀνταπόδομα,
746 522 969 590 ὀρφανοῖς
1008 525 1061 573 οὐ
1100 522 1349 589 κρίνοντες,
1388 525 1464 572 καὶ
1499 522 1651 587 κρίσει

25 618 47 657 5
67 608 94 630 “
120 600 269 669 χήρας
297 603 350 652 οὐ
374 602 731 670 προσε’χοντες.”

123 683 397 749 Προσεκτέα
424 685 480 749 δὴ
507 686 587 736 οὖν
607 691 703 740 τοῖς
729 691 824 736 τῶν
844 687 979 738 θείων
1006 686 1358 752 θυσιαστηρίων
1382 689 1649 753 ἱερουργοῖς,

64 764 129 829 μὴ
161 766 252 832 ἄρα
289 790 389 820 πως
420 773 520 820 ταῖς
553 773 760 820 τοιαῖσδε
797 769 1118 835 περιπίπτοιεν
1155 772 1377 836 γραφαῖς.
1444 773 1688 822 τυπικῶςο

64 846 149 911 μὲν
172 848 266 915 γὰρ
298 853 340 900 οἱ
370 850 521 901 πάλαι
558 850 644 915 τὴν
680 856 780 905 ταῖς
820 852 1094 917 ἱερουργίαις
1130 851 1406 917 πρέπουσαν
1437 850 1649 918 ἐδέχοντο

24 996 25 999 ¹
65 931 262 995 στολήν.
331 931 486 997 ἐπειδὴ
527 933 575 984 δὲ
620 936 701 998 τῆς
738 935 786 984 ἐν
821 934 1048 997 πνεύματι
1087 934 1304 998 λατρείας
1343 933 1587 996 ἐνέστηκεν
1624 934 1649 983 ὁ

1 1035 48 1061 ιο
66 1012 239 1080 καιρὸς,
279 1015 457 1083 ἄμφιον
495 1015 618 1067 ε”στω
654 1014 877 1083 λαμπρὸν
915 1020 991 1067 καὶ
1029 1013 1185 1079 στολή
1224 1038 1293 1068 τις
1331 1012 1492 1080 ὥσπερ
1533 1018 1649 1080 ἱερο-

64 1095 243 1162 πρεπὴς
271 1096 456 1167 ἑκάστῳ
482 1103 577 1148 τῶν
603 1098 898 1163 κεκλημένων
924 1102 985 1152 εἷς
1015 1097 1322 1164 λειτουργίαν,
1346 1097 1506 1151 πίστις
1534 1096 1648 1163 ὀρθὴ

65 1181 140 1230 καὶ
175 1180 437 1243 ἀμώμητος,
473 1181 576 1241 βίος
615 1179 928 1247 εὐαγγελικὸς,
963 1181 1176 1231 πολιτεία
1213 1179 1365 1243 σεμνὴ
1403 1182 1477 1230 καὶ
1515 1181 1643 1229 ἐννο-

64 1261 270 1327 μωτάτη,
311 1264 386 1313 καὶ
424 1262 595 1328 τρόπος
631 1262 782 1329 ὀρθὸς,
821 1261 1083 1326 λημμάτων
1123 1266 1336 1329 αἰσχρῶν
1373 1262 1460 1329 οὐχ
1500 1262 1648 1325 ἡττώ-

65 1366 214 1407 μενος,
243 1347 435 1411 φροντῖς
467 1347 630 1411 ὁρῶσα
663 1344 781 1411 πρὸς
820 1344 1001 1412 ἀρετὴν,
1028 1347 1103 1396 καὶ
1134 1350 1217 1396 τοῦ
1243 1344 1417 1399 παντὸς
1444 1344 1648 1414 ἀξιοῦσα

2 1438 47 1477 15
66 1424 214 1492 λόγου
238 1425 293 1477 τὸ
318 1425 518 1478 ἀνδάνον
544 1430 666 1497 Θεῷ.
1664 1428 1691 1468 d

70 1695 144 1737 Καὶ
180 1695 297 1738 &emt
333 1696 377 1737 ὲν
415 1696 553 1754 ἐκείνῳ
591 1701 641 1755 τῷ
683 1697 832 1755 ἡμέρᾳ,
859 1697 972 1744 λέπει
1004 1696 1166 1754 Κύριος,
1193 1696 1318 1753 φωνή
1353 1701 1534 1754 «pom-fic
1559 1697 1646 1739 ἀπὸ
1670 1710 1718 1735 10

133 1781 268 1820 ΠύλΗε
305 1780 673 1831 ἀποκεντούντων,
713 1781 781 1821 καὶ
817 1780 1056 1830 ὀλολυΓμόε
1093 1780 1179 1823 ἀπὸ
1217 1786 1290 1822 τῆς
1327 1780 1544 1837 δευτέρας,
1579 1780 1648 1821 καὶ

134 1864 389 1922 συντριμμόε
415 1865 547 1914 μὲι-ας
572 1865 660 1908 ἀπὸ
685 1865 771 1907 τῶν
799 1865 977 1915 βουνὼν.

142 2017 450 2086 Καταγράφει
484 2022 655 2086 σαφῶς
688 2023 771 2069 τοῦ
803 2018 1014 2081 πολεμου
1048 2016 1132 2071 τὰς
1157 2015 1424 2086 συμφορὰς,
1452 2018 1525 2067 καὶ
1552 2015 1650 2067 οἷον

4 2122 51 2148 20
69 2099 326 2153 πίπτοντάς
375 2123 424 2151 τε
469 2102 542 2151 καὶ
589 2100 877 2161 ὀλλυμένους
917 2100 998 2151 καί
1031 2104 1209 2167 σφισιν
1250 2100 1404 2152 αὐτοῖς
1450 2098 1649 2161 ἐποιμώ-

69 2181 229 2248 ζοντας
254 2183 521 2233 ἐπιδεικνύει
544 2180 684 2243 τινὰς,
711 2182 786 2232 ἵνα
817 2185 882 2251 τῷ
907 2182 1090 2247 μεγέθει
1112 2186 1207 2233 τῶν
1231 2181 1468 2244 ἐσομένων
1494 2184 1648 2231 κακῶν

68 2264 334 2329 ἡττώμενοι,
360 2267 647 2333 μεταφοιτᾶν
681 2263 862 2314 ἕλοιντο
895 2261 1014 2330 πρὸς
1048 2262 1102 2314 τὸ
1140 2264 1407 2328 ἐπείγεσθαι
1439 2264 1555 2328 δρᾶν
1588 2261 1686 2312 ‘sole

70 2348 239 2409 ἀμείνω
273 2348 349 2397 καὶ
378 2346 755 2413 πρεπωδέστερα,
781 2346 901 2396 οὕτω
932 2368 982 2396 τε
1013 2344 1182 2396 λοιπὸν
1208 2344 1299 2414 ἔξω
1325 2343 1540 2413 φέροιντο
1565 2346 1648 2407 τῆς

1710 2425 1812 2475 Ezfss·

1710 2480 1798 2500 xvm.
1816 2477 1866 2508 23.

71 2428 228 2494 ὀργῆς.
275 2428 451 2495 ἀγαθὸς
476 2426 568 2494 γὰρ
595 2429 620 2478 ὁ
637 2426 950 2493 Δημιουργὸς,
969 2429 1044 2477 καὶ
1070 2428 1123 2478 οὐ
1147 2426 1274 2478 θέλει
1298 2433 1326 2456 ‘⁶
1339 2424 1421 2477 τὸν
1448 2424 1649 2477 θάνατον

7 2532 54 2570 25
72 2517 99 2539 “
122 2517 204 2562 τοῦ
229 2509 624 2575 ἀποθνήσκοντος,
646 2511 707 2562 ὡς
734 2507 787 2559 τὸ
814 2507 1116 2577 ἀποστρέψαι
1144 2507 1286 2559 αὐτὸν
1310 2507 1404 2559 ἀπὸ
1430 2510 1512 2570 τῆς
1540 2509 1650 2558 ὁδοῦ

73 2598 99 2624 “
123 2593 263 2644 αὐτοῦ
288 2595 371 2656 τῆς
393 2595 612 2658 πονηρᾶς,
639 2592 713 2642 καὶ
733 2590 821 2657 ζῆν
838 2588 1019 2653 αὐτὸν,”
1042 2589 1161 2640 κατὰ
1185 2588 1271 2654 τὴν
1295 2595 1379 2640 τοῦ
1403 2588 1650 2658 προφήτου

122 2801 151 2825 1.
176 2792 283 2826 αὐτῶν
301 2791 404 2827 Pont.
720 2799 799 2835 3—5.
826 2786 1312 2845 ἀγαπῶπεφ-πριζσέχοντες]
1332 2802 1385 2821 και
1401 2787 1442 2821 τὰ
1459 2787 1537 2831 ἑξῆς
1554 2786 1648 2822 Edd.

73 2849 105 2879 4.
132 2851 242 2882 κρισιν
259 2839 301 2873 Ε.
505 2838 538 2872 6.
556 2838 771 2883 Προσεκτέον
790 2836 831 2870 Β.
1039 2835 1092 2868 16.
1119 2835 1223 2877 ἐκείνῃ
1241 2837 1280 2878 τῇ
1298 2834 1402 2887 ἡμέρᾳ
1422 2834 1463 2868 Β.
1469 2834 1510 2868 Ε
1530 2834 1647 2878 (Alex.

74 2883 159 2918 XII.
176 2895 197 2917 Ν
213 2897 254 2918 ex
271 2885 375 2929 corr.)
393 2887 432 2929 τῇ
451 2884 506 2928 ἡμ.
524 2885 570 2918 ἐκ.
590 2852 681 2919 ρΕάἀ.
702 2884 802 2929 (Vat.
807 2884 824 2927 )
1080 2892 1135 2915 22.
1161 2882 1202 2915 τὰ
1220 2882 1477 2925 assumpsimus
1495 2892 1536 2915 ex
1557 2880 1599 2915 B.
1603 2881 1647 2916 E.

76 2940 130 2972 24.
147 2933 356 2984 Δημιουργὸς
375 2932 416 2965 Β.
422 2933 467 2966 D.
472 2932 513 2965 Ε.
531 2932 614 2966 Θεὸς
634 2930 726 2965 Edd.
900 2938 955 2973 25.
980 2927 1252 2971 ἀποθνήσκοντος
1271 2928 1316 2964 D.
1321 2928 1363 2963 E.
1382 2927 1475 2964 Edd.
1492 2927 1647 2973 ἁμαρτω-

74 2976 137 3010 λοῦ
156 2977 197 3011 Β
215 2978 258 3012 cf.
277 2979 312 3012 in
331 2978 392 3012 ΕΞ.
412 2978 478 3023 765
495 2978 530 3013 b.
579 2978 679 3012 αὐτὸν
695 2977 761 3011 ἀπὸ
778 2977 1029 3020 τῆς-πονηρᾶς
1045 2986 1116 3010 orn.
1135 2975 1183 3009 D.
