2018 3387
156 177 299 220 iii.18.
530 182 604 222 IN
648 181 1080 223 MALACIIIAM.
1141 179 1293 221 TOM.
1327 179 1387 219 ΙΙ.
1661 175 1744 214 617

156 291 326 355 φοντες
352 290 402 340 ἐκ
426 289 626 355 πλάνης,
652 292 701 342 εὖ
727 290 860 356 μάλα
895 289 1216 356 καταθρήσετε
1241 289 1289 339 τί
1315 310 1365 338 τε
1391 287 1466 337 καὶ
1498 283 1616 335 ὅσον
1643 282 1747 331 ἐστὶ

156 369 210 419 τὸ
236 371 414 440 μεταξὺ
441 370 611 425 δικαίου
646 397 695 425 τε
733 379 810 425 καὶ
845 376 1017 441 ἀνόμου,
1043 374 1114 423 τοῧ
1142 369 1408 422 δουλεύοντος
1436 372 1537 437 Θεῷ
1565 370 1642 416 καὶ
1676 363 1747 414 τοῦ

155 450 217 519 μὴ
258 450 537 510 δουλεύοντος.
593 459 634 506 οἱ
673 455 757 518 μὲν
791 455 884 522 γὰρ
922 455 1092 518 οἵνομοί
1125 477 1173 504 τε
1213 457 1287 504 καὶ
1327 450 1511 520 ἐξήνιοι,
1550 448 1625 498 καὶ
1663 444 1746 496 τὸν
1765 450 1792 491 b

156 536 239 596 τῆς
267 535 340 585 ὑπ’
370 536 495 604 αὐτῷ
529 538 742 590 δουλείας
777 536 1106 597 ἀποσειόμενοι
1141 533 1295 600 ζυγὸν,
1323 532 1596 599 οἰχήσονται
1627 527 1747 593 πρὸς

115 615 395 676 5ἀπώλειαν
440 621 516 669 καὶ
566 623 629 673 εἰς
680 619 988 682 ἀτελεύτητον
1034 616 1251 668 κόλασιν·
1309 623 1335 645 “
1359 616 1492 665 Ἐκεῖ
1537 612 1671 662 ε”σται
1721 611 1746 659 ὁ
1809 600 1972 675 ῗῇἓτζῗὴ

157 704 186 726 “
212 698 453 762 κλαυθμὸς
487 703 562 751 καὶ
599 702 623 751 ὁ
657 699 872 767 βρυγμὸς
905 704 999 750 τῶν
1026 699 1277 761 ὀδόντων,”
1308 695 1431 748 καθὰ
1464 694 1743 760 γέγραπται·

158 782 200 830 οἱ
227 779 275 831 δὲ
302 782 472 845 ἀγαθοὶ
499 785 573 833 καὶ
601 782 829 847 φιλόθεοι,
855 783 930 832 καὶ
954 786 1048 832 τῶν
1075 781 1211 831 θείων
1240 779 1395 842 νόμων
1421 774 1746 839 ἐπιστήμονες,

158 864 232 913 καὶ
260 863 452 927 ἁπάσης
478 865 645 930 ἀρετῆς
670 866 960 928 ἐπιμεληταὶ,
987 864 1200 928 λαμπροὶ
1238 863 1314 912 καὶ
1351 858 1639 926 ἡγιασμένοι,
1666 855 1750 906 τὸν

156 947 240 1007 τῆς
289 946 563 1013 ἀφθαρσίας
612 946 930 1010 ἀναδήσονται
978 945 1236 1013 στέφανον,
1282 945 1357 994 καὶ
1407 943 1455 992 ἐν
1503 945 1604 994 ταῖς
1653 939 1749 989 ἅνω

92 1055 140 1080 10
157 1027 401 1091 γεγονότες
458 1032 634 1090 μοναΐς,
686 1026 1102 1091 συνδιαιτήσονται
1161 1025 1247 1089 μὲν
1299 1024 1448 1089 ἁγίοις
1503 1022 1746 1087 ἀγγέλοις,

158 1112 369 1160 κοινωνοὶ
408 1109 457 1160 δὲ
495 1113 579 1173 τῆς
617 1110 759 1179 δόξης
797 1109 1116 1177 ἀποφανέντες
1155 1112 1386 1174 Χριστοῦ,
1426 1110 1522 1158 τοῖς
1561 1108 1623 1157 εἰς
1660 1126 1751 1166 μα-

158 1192 364 1256 κραίωνα
407 1191 514 1252 βίον
557 1192 940 1260 ἐντρυφήσουσιν
984 1193 1180 1256 ἀγαθοῖς
1220 1189 1326 1240 “’“Α
1371 1184 1624 1255 ὀφθαλμὸς
1668 1185 1791 1241 οὐκρ
1817 1193 1973 1225 1Cor-ii-

159 1280 187 1303 ‘⁶
212 1272 314 1337 εἶδε,
351 1276 427 1325 καὶ
466 1275 544 1328 οὖς
583 1276 666 1324 οὐκ
705 1274 892 1339 ἤκουσε,
928 1275 1003 1323 καὶ
1042 1274 1116 1323 ἐπὶ
1156 1272 1351 1338 καρδίαν
1380 1269 1630 1335 ἀνθρώπου
1669 1268 1751 1317 οὐκ
1812 1249 1843 1279 9·

159 1362 187 1384 “
213 1355 403 1421 ἀνέβη,”
435 1355 555 1406 κατὰ
592 1355 646 1406 τὸ
688 1354 1028 1421 γεγραμμένον.
1082 1352 1213 1417 πλὴν
1252 1353 1588 1417 εὑημεροῦντας
1629 1348 1748 1410 βλέ-

94 1454 140 1493 15
159 1460 325 1491 ποντες
374 1439 423 1488 ἐν
467 1441 585 1508 τῷδε
636 1441 702 1507 τῷ
750 1438 841 1506 βίῳ
892 1435 1001 1490 τοὺς
1050 1439 1133 1500 τῆς
1181 1433 1480 1503 φαυλότητος
1532 1428 1751 1498 ἐραστὰς,

159 1518 388 1585 γεγόνασι
427 1519 512 1583 μὲν
543 1522 591 1571 ἐν
626 1523 878 1586 λογισμοῖς
917 1523 1012 1569 τῶν
1044 1518 1192 1584 ἁγίων
1225 1515 1360 1574 τινὲς,
1389 1515 1471 1566 οὐκ
1510 1512 1754 1579 ἠγνόησαν

161 1601 262 1652 δὲ“
236 1625 308 1652 οτι
341 1608 424 1652 τοῦ
461 1603 568 1663 βιου
601 1601 655 1652 τὸ
690 1601 836 1668 πέρας
873 1600 1064 1669 ἕξουσιν
1090 1604 1152 1653 εἷς
1179 1599 1433 1650 ἀπώλειαν.
1486 1619 1561 1646 και
1588 1600 1703 1661 γοῦν
1729 1595 1754 1644 ὁ

1086 1681 1096 1699 Ι

159 1707 388 1750 μακαριος
418 1684 641 1750 Ἱερεμίας
674 1684 795 1734 οὕτω
833 1706 934 1736 πως
968 1686 1092 1748 φησι

160 1773 188 1795 “
215 1766 584 1831 ἀπολογήσομαι
620 1789 740 1832 προς
774 1765 845 1827 σὲ,
879 1763 1009 1828 πλὴν
1043 1785 1246 1831 κριματα
1281 1761 1487 1825 λαλήσω
1522 1783 1640 1825 προς
1676 1759 1750 1810 σε’.

94 1855 190 1890 20⁶⁶
216 1846 265 1898 τί
317 1871 389 1898 οτι
439 1847 545 1901 ὁδος
597 1849 791 1908 ἀσεβῶν
841 1847 1113 1905 εὐοδοῦταις
1173 1843 1440 1940 εὐθήνησαν
1490 1841 1663 1895 πάντες
1713 1844 1756 1892 οἱ

1131 1682 1369 1733 ιιΔικαιος
1408 1677 1450 1729 εἶ
1489 1677 1647 1743 Κύριε,
1683 1676 1754 1727 ὅτι
1815 1678 1911 1761 H-13er
1923 1689 1979 1709 m.

163 1937 190 1959 “
216 1931 487 1983 ἀθετοῦντες
542 1928 846 1993 ἀθετήματα·
835 1970 847 1988 ,
911 1929 1173 1995 ἐφύτευσας
1225 1925 1392 1979 αὐτους
1442 1926 1517 1975 καὶ
1573 1921 1801 1990 ε’ῤῥιζώ-ᾶ,

163 2018 191 2041 “
217 2015 391 2076 θησαν·
433 2010 797 2075 ἐτεκνοποίησαν
829 2033 902 2060 και
943 2010 1172 2073 ἐποίησαν
1204 2006 1398 2072 καρπόν·
1440 2004 1578 2071 ἐγγυς
1615 2003 1657 2056 εἰ
1691 2004 1757 2056 σὺ

179 2098 302 2144 (τοῦ
334 2091 576 2156 στόματος
612 2093 781 2151 αὐτῶν,
810 2093 885 2142 καὶ
920 2090 1081 2158 πόῤῥω
1118 2088 1213 2141 ἀπο
1248 2093 1343 2140 τῶν
1370 2092 1555 2156 νεφρῶν
1582 2088 1752 2137 αὐτῶν.

276 2177 289 2193 N

163 2182 192 2205 “
217 2197 292 2226 και
326 2174 405 2238 σὺ,
436 2175 594 2241 Κύριε,
626 2174 872 2241 γινώσκεις
908 2197 980 2236 με,
1011 2173 1296 2235 ἐδοκίμασας
1330 2170 1416 2234 τὴν
1448 2170 1641 2235 καρδίαν
1666 2191 1757 2230 μου

96 2276 144 2313 25
164 2263 192 2286 “
218 2258 426 2308 ἐναντίον
464 2258 602 2307 σου.”
667 2255 765 2308 εἶτα
802 2255 951 2306 πάλιν
992 2255 1143 2323 φησίν
1179 2251 1463 2318 “”Αγνισον
1502 2249 1669 2303 αὐτοὺς
1709 2252 1757 2300 ἐν
1818 2268 1868 2298 lb.
1890 2276 1967 2306 3‚4-

163 2345 191 2367 “
217 2337 365 2407 ἡμέρᾳ
386 2341 583 2408 σφαγῆς
602 2339 772 2389 αὐτῶν.
815 2337 899 2392 ἕως
918 2336 1033 2389 πότε
1055 2334 1280 2399 πενθήσει
1301 2335 1329 2398 ἡ
1350 2337 1410 2400 γῆ
1427 2332 1467 2394 ;”
1497 2334 1608 2402 ὁρᾷς
1630 2333 1757 2387 ὅπως

164 2419 465 2482 ἐμπέπτωκεν
495 2424 557 2474 εἷς
592 2424 843 2486 λογισμῶν
874 2418 1171 2486 δυσχέρειαν,
1210 2418 1292 2467 οὐκ
1331 2415 1539 2480 ἠγνόησε
1575 2413 1623 2465 δὲ
1662 2418 1757 2465 τῶν

165 2502 535 2561 δυσσεβούντων
575 2500 629 2552 τὸ
670 2501 828 2566 πέρας.
895 2507 921 2530 “
942 2499 1078 2551 Διότι
1115 2504 1253 2551 πᾶσα
1291 2497 1425 2567 σὰρξ
1459 2495 1641 2564 χόρτος,
1681 2497 1756 2546 καὶ
1817 2512 1981 2544 Es.x1.6.

166 2591 194 2614 ‘⁶
217 2589 355 2636 πᾶσα
399 2583 518 2653 δόξα
562 2583 812 2650 ἀνθρώπου
856 2584 918 2636 ὡς
961 2582 1103 2636 ἄνθος
1147 2579 1359 2649 χόρτου,”
1408 2577 1528 2630 κατὰ
1573 2577 1627 2629 τὸ
1678 2600 1755 2643 γε-

98 2696 148 2731 30
167 2665 453 2734 γραμμένον.
1773 2681 1794 2706 e

218 2858 247 2883 1.
273 2849 309 2883 ἐκ
326 2849 456 2893 πλάνης
472 2859 543 2883 om.
563 2848 606 2882 B.
671 2847 703 2881 τί
720 2845 775 2893 τε]
794 2847 869 2881 τότε
889 2845 982 2881 Edd.
1295 2855 1328 2880 2.
1354 2858 1388 2878 τε
1409 2849 1632 2888 assumptum
1651 2855 1691 2878 ex
1713 2844 1754 2878 Β.

172 2903 226 2940 17.
251 2898 312 2930 τοῦ
327 2896 406 2935 βίον
423 2897 462 2930 τὸ
480 2895 547 2930 hoc
564 2894 687 2929 ordine
707 2894 748 2927 Β.
977 2904 1028 2938 19.
1054 2893 1154 2937 κρῖμα
1172 2890 1231 2926 lid.
1454 2901 1508 2925 20.
1534 2891 1678 2925 ἅπαντες
1696 2890 1755 2925 iid-

169 2951 225 2987 ²5·
251 2942 287 2976 ἐν
304 2941 426 2988 ἡμέρᾳ]
446 2942 494 2978 εἷς
510 2941 635 2987 ἡμέραν
651 2940 712 2975 iid.
730 2939 793 2985 (Α.
797 2940 841 2974 λ.
860 2941 925 2974 Sco.
930 2939 946 2984 )
1119 2949 1174 2983 27.
1201 2936 1341 2983 ἠγνόηκε
1360 2936 1419 2971 iid.
1588 2938 1644 2972 28.
1671 2937 1756 2971 διότι

167 2996 390 3033 assumptum
407 3000 449 3023 ex
470 2988 512 3023 B.
703 2998 758 3032 29.
783 2987 968 3032 ἀνθρώπων
985 2985 1044 3021 iid.
1110 2987 1254 3031 χόρτους
1272 2984 1464 3019 Aubertus

224 3054 318 3084 v011.
340 3055 390 3084 11.
927 3054 955 3093 4
975 3053 1004 3081 K
