2049 3366
105 204 298 228 TORRENS.

160 314 300 360 absque
320 313 601 360 comparatione
618 311 769 348 inferius
788 314 863 348 563

160 378 182 413 d
203 391 212 423 ;
268 378 409 413 Christi
456 377 638 425 sanguine
681 376 863 412 sancitum

160 444 235 478 738
263 442 286 477 b
308 442 356 486 d;
398 454 470 488 quo
501 454 612 477 sensu
644 441 864 488 dissipatum

162 507 236 542 764
255 505 303 551 ‹l;
328 508 403 542 765
421 518 460 550 c;
486 506 560 541 768
579 518 625 551 a;
651 504 783 546 Vetus,
800 516 865 552 per

158 569 304 617 virgam
348 570 529 613 Funiculi,
571 570 864 617 praefiguratum

160 635 236 670 767
265 646 308 679 e;
350 634 482 676 Vetus,
513 633 693 670 Adventu
725 633 865 670 Christi

159 698 339 734 abolitum
369 700 444 735 829
470 711 511 744 e;
551 698 694 734 Levitis
722 698 863 738 datum,

159 767 284 809 partes
301 762 506 798 hostiarum
524 768 715 810 separatae
733 764 808 799 834
826 761 864 807 d;

160 828 237 863 835
255 839 294 870 e;
328 827 425 863 vitae
450 833 487 863 et
511 827 611 874 pacis
635 827 775 863 Levitis
800 826 863 861 da-

159 897 239 926 tum
272 893 349 927 836
374 891 419 937 b;
462 892 576 939 patris
603 891 706 932 Levi,
735 904 756 927 a
782 891 865 927 filiis

159 955 417 992 sacerdotibus
439 962 657 1004 corruptum
682 958 759 992 840
780 968 811 991 a.

105 1018 391 1066 Testimonium,
445 1032 531 1056 cum
590 1020 865 1068 praepositione

161 1089 184 1102 ‘¹
215 1083 252 1119 in
279 1083 300 1096 ''
353 1083 541 1132 significat
588 1084 625 1120 in
672 1090 864 1121 aeternum

162 1149 237 1183 472
259 1160 291 1185 e.

106 1211 348 1254 Testudines‚
362 1224 429 1260 pro
450 1212 651 1260 aggeribus
671 1212 718 1249 ad
731 1225 864 1262 aquarn

160 1276 383 1324 portandam
404 1277 583 1312 extructis
608 1279 681 1313 176
699 1289 730 1313 c.

105 1340 297 1376 Thaeman
330 1341 464 1388 Regio,
497 1340 709 1385 Idumaeae,
742 1353 763 1376 a
792 1341 865 1376 situ

160 1403 327 1441 Australi
353 1404 538 1452 appellata
567 1407 642 1441 355
659 1417 700 1450 a;
731 1405 864 1441 timore

159 1469 391 1505 Judaeorum
417 1469 587 1517 perculsa
614 1471 689 1506 358
716 1482 757 1512 e3
796 1482 864 1517 pro

158 1532 301 1569 Austro
330 1533 471 1569 dictum
499 1535 576 1570 553
602 1545 644 1579 c;
678 1534 769 1569 item
798 1546 864 1582 pro

161 1597 384 1633 Bethlehem
405 1598 569 1634 Australi
590 1598 679 1634 urbe
702 1600 777 1635 553
795 1611 825 1635 e.

104 1662 296 1698 Thaeman
321 1662 423 1704 urbs,
444 1662 645 1699 Idumaeae
675 1668 863 1711 metropo-

159 1726 217 1767 lis,
238 1726 390 1762 incensa
411 1728 486 1763 262
504 1739 536 1762 a.

105 1790 325 1833 Thammuz‚
356 1791 378 1826 i.
401 1803 435 1838 q.
471 1791 704 1827 Graecorum
736 1791 866 1839 lingua

161 1854 309 1890 Adonis
351 1859 519 1896 vocatur,
563 1855 662 1902 apud
701 1855 865 1891 Judaeos

162 1924 358 1955 veneratus
381 1920 429 1955 79
446 1919 481 1954 b.

106 1983 258 2019 Tharsis
300 1982 399 2018 idem
442 1983 542 2030 quod
583 1982 734 2025 Tarsus,
778 1983 866 2020 urbs

162 2048 315 2084 Ciliciae
340 2049 416 2084 369
442 2047 487 2092 d;
522 2059 599 2083 non
626 2047 727 2096 apud
751 2048 866 2084 Indos

164 2114 240 2149 369
262 2125 292 2149 e.

107 2177 270 2218 Thecua,
298 2176 413 2218 vicus,
441 2176 746 2225 Ephraimiticus,
774 2176 864 2213 Pro-

162 2241 296 2289 phetae
311 2239 432 2277 Amos
452 2241 715 2277 incunabulum
735 2243 811 2278 246
827 2241 864 2278 b.

107 2305 455 2353 Theglatphalasar,
500 2305 584 2341 Rex
624 2306 865 2354 Assyriorum

163 2368 370 2405 Samariam
393 2370 493 2417 capit
517 2371 538 2406 8
560 2382 602 2412 c;
640 2372 689 2407 23
711 2382 752 2415 e;
791 2373 864 2407 105

161 2435 207 2480 b;
239 2436 315 2471 458
333 2447 375 2476 e;
407 2434 496 2470 item
521 2433 751 2470 Damascum
777 2437 799 2471 9
820 2447 865 2480 a;

161 2500 265 2541 item,
295 2504 452 2535 vocatus
479 2498 517 2534 in
543 2498 720 2535 auxilium
753 2499 867 2547 Regis

160 2564 285 2600 Judae
318 2565 395 2600 284
429 2575 475 2609 e;
513 2568 633 2600 totam
663 2562 868 2600 Galilaeam

161 2633 284 2664 vastat
305 2630 378 2664 391
398 2627 432 2663 d.

107 2693 291 2734 Theman,
311 2692 396 2728 vide
415 2691 619 2728 Thaeman.

108 2757 349 2805 Theraphim,
369 2756 453 2792 vide
475 2755 694 2803 Teraphim.

108 2821 345 2861 Theocratia,
384 2820 471 2856 dum
514 2820 703 2861 manebat,
743 2819 869 2855 omnia

164 2885 344 2921 Israelitis
363 2884 459 2921 bene
475 2896 515 2920 se
529 2883 717 2920 habebant
737 2885 809 2921 178
823 2884 846 2920 b
856 2896 867 2930 3

168 2950 242 2986 185
258 2949 282 2985 b
297 2961 308 2996 3
338 2949 570 2986 Judaeorum
591 2948 777 2997 descripta
791 2951 863 2986 431

647 191 856 227 INDEX
918 191 1159 227 RERUM.

1616 195 1685 229 751

988 312 1036 358 b3
1072 324 1092 347 a
1114 311 1268 348 Judaeis
1296 312 1433 359 rejecta
1458 314 1529 348 431
1556 311 1600 356 d;
1638 312 1692 348 Is-

988 375 1097 412 raelis
1118 376 1303 423 descripta
1325 379 1398 413 434
1417 389 1458 422 e;
1487 376 1523 412 in
1541 376 1693 412 Christo

987 440 1161 476 restituta
1183 442 1259 476 435
1278 441 1311 476 b.

933 504 1185 543 Theodotion,
1232 504 1448 551 Scripturae
1496 505 1691 552 interpres,

989 568 1204 604 nominatur
1226 571 1303 605 310
1320 569 1354 604 b.

933 633 1126 674 Thesauri,
1149 633 1222 668 veri
1252 639 1341 668 sunt
1366 632 1402 673 ii,
1425 632 1487 680 qui
1517 633 1554 668 in
1581 632 1694 668 coelis

988 703 1220 745 reponuntur
1259 699 1335 733 287
1375 710 1396 732 a
1417 711 1425 738 ;
1476 697 1693 744 iniquitatis,

987 761 1325 798 thesaurizantibus
1341 761 1521 796 damnosa
1535 756 1611 797 450
1626 774 1645 797 c
1659 761 1693 797 d.

934 826 1085 866 Throni,
1126 826 1258 866 eversi,
1299 838 1320 860 a
1354 825 1550 872 Prophetis
1588 838 1694 873 prae-

989 890 1089 935 dicti,
1111 890 1288 926 miracula
1311 890 1591 938 Redemptionis
1611 903 1696 939 por-

988 954 1192 990 tendebant
1215 956 1292 990 649
1309 954 1332 990 d
1348 966 1380 990 e.

934 1018 1049 1061 Thus,
1065 1019 1227 1055 odorifer
1242 1032 1252 1065 3
1279 1019 1439 1067 pietatiS,
1453 1019 1534 1055 Deo
1551 1024 1694 1067 gratae,

988 1090 1098 1132 typus
1128 1086 1258 1129 193c;
1298 1096 1373 1119 non
1401 1083 1472 1119 nisi
1501 1096 1586 1120 cum
1615 1084 1695 1133 pie-

988 1153 1064 1184 tate
1084 1149 1165 1184 Deo
1185 1148 1333 1196 placens
1357 1150 1434 1184 210
1456 1148 1490 1184 b.

933 1212 1083 1247 Timens
1110 1213 1245 1253 Deum,
1271 1225 1335 1248 cor
1361 1212 1695 1248 incontaminatum

988 1282 1073 1312 ante
1117 1276 1215 1311 Eum
1255 1276 1368 1312 habet
1410 1278 1486 1313 583
1521 1289 1563 1322 c;
1613 1283 1635 1296 ‘¹
1659 1277 1695 1312 in

988 1340 1160 1386 timore‚”
1182 1340 1270 1388 quid
1291 1341 1338 1376 sit
1360 1343 1436 1377 837
1458 1353 1490 1377 c.

933 1404 1123 1440 Timentes
1163 1404 1303 1446 Deum,
1341 1404 1436 1440 libro
1474 1404 1601 1441 divino
1639 1405 1696 1441 in—

989 1469 1116 1516 scripti
1155 1470 1232 1505 863
1272 1469 1295 1504 d
1315 1481 1324 1515 3

989 1532 1171 1569 videbunt
1192 1535 1269 1570 866
1285 1545 1318 1569 e.

933 1597 1079 1633 Timere
1100 1597 1234 1640 Deum,
1256 1597 1404 1645 legibus
1432 1597 1523 1645 Ejus
1544 1597 1696 1634 obedire

989 1667 1045 1697 est
1067 1663 1143 1698 619
1161 1674 1194 1699 e.

935 1726 1066 1761 Timor
1100 1725 1185 1768 Dei,
1221 1731 1259 1762 et
1293 1726 1625 1762 sanctificationem
1659 1732 1698 1763 et

988 1790 1144 1826 salutem
1170 1790 1315 1826 confert
1340 1792 1417 1827 612
1439 1791 1462 1826 b
1478 1803 1520 1832 c;
1560 1793 1636 1827 636
1654 1803 1696 1837 c;

987 1855 1171 1903 templum
1210 1855 1487 1891 aedificantium
1523 1855 1696 1892 laudatur

990 1921 1067 1956 636
1083 1920 1128 1964 b;
1164 1920 1200 1955 in
1221 1919 1317 1956 libro
1338 1919 1637 1966 Proverbiorum,
1658 1925 1697 1957 et

990 1983 1166 2020 Siracidis
1212 1984 1500 2020 commendatus
1545 1987 1622 2021 636
1658 1997 1695 2030 c;

988 2048 1113 2090 timor,
1134 2047 1228 2093 Deo,
1249 2054 1380 2096 utpote
1401 2049 1570 2091 domino,
1591 2049 1695 2085 debi-

989 2118 1050 2149 tus
1073 2114 1148 2149 823
1171 2125 1190 2148 c
1204 2112 1239 2157 d,
1261 2125 1282 2148 a
1302 2125 1455 2160 peccare
1482 2113 1695 2150 nolentibus

990 2177 1109 2213 solum
1130 2177 1327 2213 exhibetur
1349 2179 1427 2214 824
1449 2190 1491 2223 a3
1524 2178 1695 2215 sacerdo-

989 2241 1089 2278 tibus
1118 2254 1186 2289 per
1214 2241 1392 2278 vestitum
1422 2243 1695 2280 sacerdotalem

988 2306 1172 2355 ingeritur
1192 2308 1268 2343 837
1284 2319 1306 2343 a
1320 2307 1356 2343 b.
1450 2295 1454 2298 ⁵

934 2372 1062 2414 Tinea,
1081 2371 1207 2407 Divini
1223 2371 1354 2419 judicii
1373 2377 1484 2420 typus
1506 2373 1582 2408 456
1597 2371 1621 2408 b
1637 2385 1667 2408 c.

935 2436 1054 2478 Titus,
1084 2435 1159 2472 irae
1186 2436 1344 2471 Divinae
1368 2436 1406 2472 in
1431 2436 1596 2472 Judaeos
1623 2436 1694 2475 mi-

1378 1469 1494 1505 solem
1530 1469 1696 1517 justitiae

990 2500 1107 2536 nister
1124 2502 1200 2537 416
1214 2501 1259 2546 b;
1286 2500 1591 2549 Hierosolymam
1607 2501 1694 2537 “lu-

990 2577 1101 2601 cerna
1120 2570 1307 2600 scrutatur
1322 2564 1343 2577 ’'
1367 2566 1442 2601 588
1461 2577 1491 2601 e.

935 2629 1131 2672 Tonitrua,
1162 2629 1285 2665 Deum
1315 2641 1447 2665 verum
1477 2633 1515 2665 et
1544 2628 1693 2665 univer-

991 2705 1075 2730 sum
1094 2698 1280 2729 testantur
1300 2695 1376 2730 295
1393 2693 1417 2729 d
1434 2706 1444 2739 ς
1473 2695 1550 2730 296
1565 2693 1602 2729 b.

935 2757 1126 2802 Torcular,
1160 2756 1391 2800 imminutus,
1416 2757 1501 2794 ‘irae
1539 2756 1695 2795 Divinae

990 2821 1142 2869 signum
1163 2823 1240 2857 647
1256 2833 1278 2857 a
1293 2834 1325 2857 c,

935 2885 1112 2927 Torrens‚
1140 2885 1356 2934 juncorum,
1385 2891 1449 2922 aut
1479 2885 1598 2934 quivis
1625 2886 1695 2923 flu-

990 2949 1070 2986 vius
1087 2949 1209 2998 juncis
1229 2950 1372 2999 plenus,
1392 2955 1454 2988 aut
1474 2950 1536 2988 ille
1552 2949 1693 2989 Cedro-
