<?xml version="1.0" encoding="UTF-8"?>
<!DOCTYPE html PUBLIC "-//W3C//DTD XHTML 1.0 Transitional//EN"
    "http://www.w3.org/TR/xhtml1/DTD/xhtml1-transitional.dtd">
<html xmlns="http://www.w3.org/1999/xhtml" xml:lang="en" lang="en">
 <head>
  <title>
</title>
<meta http-equiv="Content-Type" content="text/html;charset=utf-8" />
  <meta name='ocr-system' content='tesseract 3.04.00' />
  <meta name='ocr-capabilities' content='ocr_page ocr_carea ocr_par ocr_line ocrx_word'/>
</head>
<body>
  <div class='ocr_page' id='page_1' title='image "./operacyrilli02cyriuoft/operacyrilli02cyriuoft_0606.png"; bbox 0 0 2053 3382; ppageno 0'>
   <div class='ocr_carea' id='block_1_1' title="bbox 322 152 1903 200">
    <p class='ocr_par' dir='ltr' id='par_1_1' title="bbox 322 152 1903 200">
     <span class='ocr_line' id='line_1_1' title="bbox 322 152 1903 200; baseline -0.001 -8"><span class='ocrx_word' id='word_1_1' title='bbox 322 154 406 193; x_wconf 84' lang='lat'>598</span> <span class='ocrx_word' id='word_1_2' title='bbox 711 156 759 194; x_wconf 89' lang='lat' dir='ltr'>B.</span> <span class='ocrx_word' id='word_1_3' title='bbox 805 153 1087 193; x_wconf 87' lang='lat' dir='ltr'>CYRILLI</span> <span class='ocrx_word' id='word_1_4' title='bbox 1139 153 1523 193; x_wconf 82' lang='lat' dir='ltr'><strong>ALEXANDR.</strong></span> <span class='ocrx_word' id='word_1_5' title='bbox 1733 152 1903 200; x_wconf 81' lang='lat' dir='ltr'>iii.1,2.</span> 
     </span>
    </p>
   </div>
   <div class='ocr_carea' id='block_1_2' title="bbox 280 257 1903 329">
    <p class='ocr_par' dir='ltr' id='par_1_2' title="bbox 280 257 1903 329">
     <span class='ocr_line' id='line_1_2' title="bbox 280 257 1903 329; baseline -0.002 -18"><span class='ocrx_word' id='word_1_6' title='bbox 280 268 347 300; x_wconf 74' lang='lat'>0⁴⁶</span> <span class='ocrx_word' id='word_1_7' title='bbox 374 262 593 329; x_wconf 76' lang='grc' dir='ltr'>ἐμφανῶς</span> <span class='ocrx_word' id='word_1_8' title='bbox 636 261 750 329; x_wconf 75' lang='grc' dir='ltr'>ἥξει,</span> <span class='ocrx_word' id='word_1_9' title='bbox 795 261 820 310; x_wconf 89' lang='lat'><em>6</em></span> <span class='ocrx_word' id='word_1_10' title='bbox 864 260 986 313; x_wconf 78' lang='grc' dir='ltr'>Θεὸς</span> <span class='ocrx_word' id='word_1_11' title='bbox 1030 260 1174 323; x_wconf 82' lang='grc' dir='ltr'>ἡμῶν,</span> <span class='ocrx_word' id='word_1_12' title='bbox 1214 262 1290 310; x_wconf 87' lang='grc' dir='ltr'>καὶ</span> <span class='ocrx_word' id='word_1_13' title='bbox 1335 260 1388 309; x_wconf 82' lang='grc' dir='ltr'>οὐ</span> <span class='ocrx_word' id='word_1_14' title='bbox 1433 257 1903 324; x_wconf 80' lang='grc' dir='ltr'>παρασιωπήσεται.”</span> 
     </span>
    </p>
   </div>
   <div class='ocr_carea' id='block_1_3' title="bbox 95 337 1908 573">
    <p class='ocr_par' dir='ltr' id='par_1_3' title="bbox 95 337 1908 573">
     <span class='ocr_line' id='line_1_3' title="bbox 95 337 1902 430; baseline -0.003 -37"><span class='ocrx_word' id='word_1_15' title='bbox 95 348 244 430; x_wconf 45' lang='lat' dir='ltr'>{ffan-</span> <span class='ocrx_word' id='word_1_16' title='bbox 320 349 347 372; x_wconf 71' lang='lat'>‘⁶</span> <span class='ocrx_word' id='word_1_17' title='bbox 374 343 545 407; x_wconf 88' lang='grc' dir='ltr'>Γέγονε</span> <span class='ocrx_word' id='word_1_18' title='bbox 580 342 674 408; x_wconf 83' lang='grc' dir='ltr'>γὰρ</span> <span class='ocrx_word' id='word_1_19' title='bbox 699 340 832 409; x_wconf 77' lang='grc' dir='ltr'>σάρξ</span> <span class='ocrx_word' id='word_1_20' title='bbox 862 342 887 391; x_wconf 94' lang='lat'><em>6</em></span> <span class='ocrx_word' id='word_1_21' title='bbox 916 340 1112 406; x_wconf 87' lang='grc' dir='ltr'>Λόγος,”</span> <span class='ocrx_word' id='word_1_22' title='bbox 1141 340 1264 391; x_wconf 89' lang='grc' dir='ltr'>καθά</span> <span class='ocrx_word' id='word_1_23' title='bbox 1290 345 1441 408; x_wconf 91' lang='grc' dir='ltr'>φησιν</span> <span class='ocrx_word' id='word_1_24' title='bbox 1469 341 1493 390; x_wconf 89' lang='lat'><em>6</em></span> <span class='ocrx_word' id='word_1_25' title='bbox 1522 339 1776 391; x_wconf 76' lang='grc' dir='ltr'>θεσπέσιος</span> <span class='ocrx_word' id='word_1_26' title='bbox 1798 337 1902 388; x_wconf 84' lang='grc' dir='ltr'>Ἰω-</span> 
     </span>
     <span class='ocr_line' id='line_1_4' title="bbox 96 420 1908 487; baseline -0.002 -12"><span class='ocrx_word' id='word_1_27' title='bbox 96 434 181 466; x_wconf 83' lang='lat' dir='ltr'>Phil</span> <span class='ocrx_word' id='word_1_28' title='bbox 202 435 235 467; x_wconf 82' lang='lat' dir='ltr'>ii·</span> <span class='ocrx_word' id='word_1_29' title='bbox 319 423 472 487; x_wconf 90' lang='grc' dir='ltr'>άννης,</span> <span class='ocrx_word' id='word_1_30' title='bbox 517 430 544 453; x_wconf 81' lang='grc'><strong>“</strong></span> <span class='ocrx_word' id='word_1_31' title='bbox 570 425 645 474; x_wconf 76' lang='grc' dir='ltr'>καὶ</span> <span class='ocrx_word' id='word_1_32' title='bbox 695 423 968 487; x_wconf 83' lang='grc' dir='ltr'>ἐσκήνωσεν</span> <span class='ocrx_word' id='word_1_33' title='bbox 1017 424 1065 473; x_wconf 85' lang='grc' dir='ltr'>ἐν</span> <span class='ocrx_word' id='word_1_34' title='bbox 1109 423 1256 486; x_wconf 81' lang='grc' dir='ltr'>ἡμῖν,”</span> <span class='ocrx_word' id='word_1_35' title='bbox 1303 424 1378 473; x_wconf 81' lang='grc' dir='ltr'>καὶ</span> <span class='ocrx_word' id='word_1_36' title='bbox 1429 424 1477 473; x_wconf 86' lang='grc' dir='ltr'>ἐν</span> <span class='ocrx_word' id='word_1_37' title='bbox 1522 422 1694 473; x_wconf 83' lang='grc' dir='ltr'>δούλου</span> <span class='ocrx_word' id='word_1_38' title='bbox 1743 420 1908 486; x_wconf 85' lang='grc' dir='ltr'>γέγονε</span> 
     </span>
     <span class='ocr_line' id='line_1_5' title="bbox 97 485 633 573; baseline 0.011 -23"><span class='ocrx_word' id='word_1_39' title='bbox 97 485 216 552; x_wconf 59' lang='lat' dir='ltr'>{Tim</span> <span class='ocrx_word' id='word_1_40' title='bbox 318 509 495 573; x_wconf 77' lang='grc' dir='ltr'>μορφῇ.</span> <span class='ocrx_word' id='word_1_41' title='bbox 557 507 633 555; x_wconf 64' lang='grc' dir='ltr'>Καὶ</span> 
     </span>
    </p>
   </div>
   <div class='ocr_carea' id='block_1_4' title="bbox 95 565 1948 656">
    <p class='ocr_par' dir='ltr' id='par_1_4' title="bbox 95 565 1948 656">
     <span class='ocr_line' id='line_1_6' title="bbox 95 565 1948 656; baseline 0.011 -5"><span class='ocrx_word' id='word_1_42' title='bbox 95 564 188 596; x_wconf 53' lang='lat' dir='ltr'>ms,</span> <span class='ocrx_word' id='word_1_43' title='bbox 318 586 538 656; x_wconf 78' lang='grc' dir='ltr'>φορτικὸς</span> <span class='ocrx_word' id='word_1_44' title='bbox 589 587 673 650; x_wconf 66' lang='grc' dir='ltr'>μὲν</span> <span class='ocrx_word' id='word_1_45' title='bbox 716 588 942 650; x_wconf 62' lang='grc' dir='ltr'>Οὐδαμῶς·</span> <span class='ocrx_word' id='word_1_46' title='bbox 1003 586 1168 651; x_wconf 71' lang='lat' dir='ltr'>ye&#39;yove</span> <span class='ocrx_word' id='word_1_47' title='bbox 1220 585 1268 636; x_wconf 66' lang='grc' dir='ltr'>δὲ</span> <span class='ocrx_word' id='word_1_48' title='bbox 1316 590 1508 648; x_wconf 60' lang='grc' dir='ltr'>μᾶλλον</span> <span class='ocrx_word' id='word_1_49' title='bbox 1550 585 1685 649; x_wconf 49' lang='lat' dir='ltr'>&amp;mdc</span> <span class='ocrx_word' id='word_1_50' title='bbox 1733 606 1781 635; x_wconf 62' lang='grc' dir='ltr'>ΤΕ</span> <span class='ocrx_word' id='word_1_51' title='bbox 1831 586 1948 637; x_wconf 68' lang='lat' dir='ltr'>xac5</span> 
     </span>
    </p>
   </div>
   <div class='ocr_carea' id='block_1_5' title="bbox 673 501 1905 572">
    <p class='ocr_par' dir='ltr' id='par_1_5' title="bbox 673 501 1905 572">
     <span class='ocr_line' id='line_1_7' title="bbox 673 501 1905 572; baseline -0.002 -16"><span class='ocrx_word' id='word_1_52' title='bbox 673 512 699 534; x_wconf 82' lang='lat'><strong>“</strong></span> <span class='ocrx_word' id='word_1_53' title='bbox 726 510 821 559; x_wconf 81' lang='grc' dir='ltr'>τοῖς</span> <span class='ocrx_word' id='word_1_54' title='bbox 864 504 950 568; x_wconf 75' lang='grc' dir='ltr'>μὲν</span> <span class='ocrx_word' id='word_1_55' title='bbox 987 504 1259 570; x_wconf 82' lang='grc' dir='ltr'>ἠγαπηκόσι</span> <span class='ocrx_word' id='word_1_56' title='bbox 1298 504 1383 568; x_wconf 86' lang='grc' dir='ltr'>τὴν</span> <span class='ocrx_word' id='word_1_57' title='bbox 1421 501 1693 572; x_wconf 85' lang='grc' dir='ltr'>ἐπιφάνειαν</span> <span class='ocrx_word' id='word_1_58' title='bbox 1731 502 1905 553; x_wconf 79' lang='grc' dir='ltr'>αὐτοῦ”</span> 
     </span>
    </p>
   </div>
   <div class='ocr_carea' id='block_1_6' title="bbox 316 666 1907 735">
    <p class='ocr_par' dir='ltr' id='par_1_6' title="bbox 316 666 1907 735">
     <span class='ocr_line' id='line_1_8' title="bbox 316 666 1907 735; baseline -0.002 -16"><span class='ocrx_word' id='word_1_59' title='bbox 316 673 478 734; x_wconf 81' lang='grc' dir='ltr'>πρᾶος,</span> <span class='ocrx_word' id='word_1_60' title='bbox 518 692 593 719; x_wconf 92' lang='grc' dir='ltr'>και</span> <span class='ocrx_word' id='word_1_61' title='bbox 633 669 749 735; x_wconf 75' lang='grc' dir='ltr'>ζωῆς</span> <span class='ocrx_word' id='word_1_62' title='bbox 793 671 875 732; x_wconf 85' lang='grc' dir='ltr'>τῆς</span> <span class='ocrx_word' id='word_1_63' title='bbox 920 672 982 721; x_wconf 80' lang='grc' dir='ltr'>εἷς</span> <span class='ocrx_word' id='word_1_64' title='bbox 1024 672 1170 718; x_wconf 77' lang='grc' dir='ltr'>αἰῶνα</span> <span class='ocrx_word' id='word_1_65' title='bbox 1211 666 1369 732; x_wconf 89' lang='grc' dir='ltr'>δοτήρ.</span> <span class='ocrx_word' id='word_1_66' title='bbox 1443 667 1534 734; x_wconf 88' lang='grc' dir='ltr'>ἐφη</span> <span class='ocrx_word' id='word_1_67' title='bbox 1580 666 1633 717; x_wconf 87' lang='grc' dir='ltr'>δέ</span> <span class='ocrx_word' id='word_1_68' title='bbox 1668 690 1760 718; x_wconf 93' lang='grc' dir='ltr'>που</span> <span class='ocrx_word' id='word_1_69' title='bbox 1802 668 1907 731; x_wconf 82' lang='grc' dir='ltr'>περὶ</span> 
     </span>
    </p>
   </div>
   <div class='ocr_carea' id='block_1_7' title="bbox 96 747 1907 815">
    <p class='ocr_par' dir='ltr' id='par_1_7' title="bbox 96 747 1907 815">
     <span class='ocr_line' id='line_1_9' title="bbox 96 747 1907 815; baseline 0.001 -18"><span class='ocrx_word' id='word_1_70' title='bbox 96 749 237 781; x_wconf 73' lang='lat' dir='ltr'><strong>Es.x1ii.</strong></span> <span class='ocrx_word' id='word_1_71' title='bbox 317 750 459 800; x_wconf 80' lang='grc' dir='ltr'>αὐτοῦ</span> <span class='ocrx_word' id='word_1_72' title='bbox 494 753 570 801; x_wconf 87' lang='grc' dir='ltr'>καὶ</span> <span class='ocrx_word' id='word_1_73' title='bbox 607 752 631 801; x_wconf 90' lang='lat'><em>6</em></span> <span class='ocrx_word' id='word_1_74' title='bbox 660 750 779 804; x_wconf 78' lang='grc' dir='ltr'>Θεὸς</span> <span class='ocrx_word' id='word_1_75' title='bbox 814 773 889 801; x_wconf 90' lang='grc' dir='ltr'>και</span> <span class='ocrx_word' id='word_1_76' title='bbox 925 748 1094 815; x_wconf 87' lang='grc' dir='ltr'>Πατήρ</span> <span class='ocrx_word' id='word_1_77' title='bbox 1121 756 1147 779; x_wconf 79' lang='grc'>“</span> <span class='ocrx_word' id='word_1_78' title='bbox 1166 747 1289 800; x_wconf 90' lang='grc' dir='ltr'>Ἰδου</span> <span class='ocrx_word' id='word_1_79' title='bbox 1324 748 1524 812; x_wconf 86' lang='grc' dir='ltr'>συνήσει</span> <span class='ocrx_word' id='word_1_80' title='bbox 1561 750 1585 799; x_wconf 92' lang='lat'><em>6</em></span> <span class='ocrx_word' id='word_1_81' title='bbox 1616 752 1726 801; x_wconf 84' lang='grc' dir='ltr'>παῖς</span> <span class='ocrx_word' id='word_1_82' title='bbox 1757 771 1847 811; x_wconf 88' lang='grc' dir='ltr'>μου</span> <span class='ocrx_word' id='word_1_83' title='bbox 1882 749 1907 798; x_wconf 87' lang='grc' dir='ltr'>ὁ</span> 
     </span>
    </p>
   </div>
   <div class='ocr_carea' id='block_1_8' title="bbox 93 802 1979 1897">
    <p class='ocr_par' dir='ltr' id='par_1_8' title="bbox 99 803 169 824">
     <span class='ocr_line' id='line_1_10' title="bbox 99 803 169 824; baseline 0.014 -1"><span class='ocrx_word' id='word_1_84' title='bbox 99 803 137 823; x_wconf 81' lang='grc' dir='ltr'>Ῑ-</span> <span class='ocrx_word' id='word_1_85' title='bbox 162 817 169 824; x_wconf 84' lang='grc'><strong>.</strong></span> 
     </span>
    </p>

    <p class='ocr_par' dir='ltr' id='par_1_9' title="bbox 138 802 1907 981">
     <span class='ocr_line' id='line_1_11' title="bbox 138 802 1906 901; baseline -0.001 -20"><span class='ocrx_word' id='word_1_86' title='bbox 138 802 157 832; x_wconf 66' lang='lat'><em>3</em></span> <span class='ocrx_word' id='word_1_87' title='bbox 317 831 630 896; x_wconf 80' lang='grc' dir='ltr'>“οἰγαπητὸς,</span> <span class='ocrx_word' id='word_1_88' title='bbox 669 834 717 883; x_wconf 82' lang='grc' dir='ltr'>ἐν</span> <span class='ocrx_word' id='word_1_89' title='bbox 763 830 800 901; x_wconf 76' lang='grc' dir='ltr'><em>ᾧ</em></span> <span class='ocrx_word' id='word_1_90' title='bbox 845 831 1102 896; x_wconf 81' lang='grc' dir='ltr'>ηὑδόκησα.</span> <span class='ocrx_word' id='word_1_91' title='bbox 1171 832 1253 882; x_wconf 83' lang='grc' dir='ltr'>οὐκ</span> <span class='ocrx_word' id='word_1_92' title='bbox 1298 830 1442 896; x_wconf 82' lang='grc' dir='ltr'>ἐρίσει</span> <span class='ocrx_word' id='word_1_93' title='bbox 1488 829 1591 880; x_wconf 81' lang='grc' dir='ltr'>οὐδὲ</span> <span class='ocrx_word' id='word_1_94' title='bbox 1635 829 1906 896; x_wconf 81' lang='grc' dir='ltr'>κραυγάσει,</span> 
     </span>
     <span class='ocr_line' id='line_1_12' title="bbox 317 911 1907 981; baseline -0.003 -16"><span class='ocrx_word' id='word_1_95' title='bbox 317 921 344 944; x_wconf 87' lang='grc'><strong>“</strong></span> <span class='ocrx_word' id='word_1_96' title='bbox 370 914 474 965; x_wconf 80' lang='grc' dir='ltr'>οὐδὲ</span> <span class='ocrx_word' id='word_1_97' title='bbox 513 914 863 978; x_wconf 81' lang='grc' dir='ltr'>ἀκουσθήσεται</span> <span class='ocrx_word' id='word_1_98' title='bbox 902 913 993 981; x_wconf 77' lang='grc' dir='ltr'>ἔξω</span> <span class='ocrx_word' id='word_1_99' title='bbox 1032 913 1059 977; x_wconf 87' lang='grc' dir='ltr'><strong><em>ἡ</em></strong></span> <span class='ocrx_word' id='word_1_100' title='bbox 1100 912 1235 979; x_wconf 89' lang='grc' dir='ltr'>φωνὴ</span> <span class='ocrx_word' id='word_1_101' title='bbox 1275 914 1430 964; x_wconf 83' lang='grc' dir='ltr'>αὐτοῦ.</span> <span class='ocrx_word' id='word_1_102' title='bbox 1495 911 1711 974; x_wconf 87' lang='grc' dir='ltr'>κάλαμον</span> <span class='ocrx_word' id='word_1_103' title='bbox 1742 933 1907 962; x_wconf 90' lang='grc' dir='ltr'>συντε-</span> 
     </span>
    </p>

    <p class='ocr_par' dir='ltr' id='par_1_10' title="bbox 316 993 1978 1389">
     <span class='ocr_line' id='line_1_13' title="bbox 318 993 1978 1063; baseline -0.002 -16"><span class='ocrx_word' id='word_1_104' title='bbox 318 1003 344 1026; x_wconf 83' lang='grc'><strong>“</strong></span> <span class='ocrx_word' id='word_1_105' title='bbox 371 995 646 1060; x_wconf 89' lang='grc' dir='ltr'>θλασμένον</span> <span class='ocrx_word' id='word_1_106' title='bbox 685 996 738 1046; x_wconf 81' lang='grc' dir='ltr'>οὐ</span> <span class='ocrx_word' id='word_1_107' title='bbox 779 993 993 1063; x_wconf 78' lang='grc' dir='ltr'>κατεάξει</span> <span class='ocrx_word' id='word_1_108' title='bbox 1031 997 1106 1045; x_wconf 77' lang='grc' dir='ltr'>καὶ</span> <span class='ocrx_word' id='word_1_109' title='bbox 1145 995 1279 1046; x_wconf 85' lang='grc' dir='ltr'>λίνον</span> <span class='ocrx_word' id='word_1_110' title='bbox 1317 993 1583 1062; x_wconf 85' lang='grc' dir='ltr'>τυφόμενον</span> <span class='ocrx_word' id='word_1_111' title='bbox 1623 994 1677 1044; x_wconf 81' lang='grc' dir='ltr'>οὐ</span> <span class='ocrx_word' id='word_1_112' title='bbox 1717 994 1902 1055; x_wconf 79' lang='grc' dir='ltr'>σβέσει·</span> <span class='ocrx_word' id='word_1_113' title='bbox 1931 1014 1978 1039; x_wconf 93' lang='lat'>10</span> 
     </span>
     <span class='ocr_line' id='line_1_14' title="bbox 318 1074 1908 1146; baseline -0.001 -18"><span class='ocrx_word' id='word_1_114' title='bbox 318 1084 345 1107; x_wconf 83' lang='lat'><strong>“</strong></span> <span class='ocrx_word' id='word_1_115' title='bbox 373 1078 483 1128; x_wconf 85' lang='grc' dir='ltr'>ἀλλ’</span> <span class='ocrx_word' id='word_1_116' title='bbox 519 1082 582 1132; x_wconf 79' lang='grc' dir='ltr'>εἷς</span> <span class='ocrx_word' id='word_1_117' title='bbox 614 1077 838 1142; x_wconf 89' lang='grc' dir='ltr'>ἀλήθειαν</span> <span class='ocrx_word' id='word_1_118' title='bbox 870 1077 1044 1146; x_wconf 77' lang='grc' dir='ltr'>ἐξοίσει</span> <span class='ocrx_word' id='word_1_119' title='bbox 1082 1077 1286 1143; x_wconf 87' lang='grc' dir='ltr'>κρίσιν.”</span> <span class='ocrx_word' id='word_1_120' title='bbox 1336 1075 1467 1140; x_wconf 86' lang='grc' dir='ltr'>πλὴν</span> <span class='ocrx_word' id='word_1_121' title='bbox 1497 1080 1594 1130; x_wconf 79' lang='grc' dir='ltr'>τοῖς</span> <span class='ocrx_word' id='word_1_122' title='bbox 1632 1074 1908 1142; x_wconf 75' lang='grc' dir='ltr'>ἀτιμάζουσι</span> 
     </span>
     <span class='ocr_line' id='line_1_15' title="bbox 316 1157 1908 1225; baseline -0.003 -14"><span class='ocrx_word' id='word_1_123' title='bbox 316 1158 404 1223; x_wconf 89' lang='grc' dir='ltr'>τὴν</span> <span class='ocrx_word' id='word_1_124' title='bbox 436 1159 491 1210; x_wconf 81' lang='grc' dir='ltr'>δι’</span> <span class='ocrx_word' id='word_1_125' title='bbox 520 1161 662 1211; x_wconf 83' lang='grc' dir='ltr'>αὑτοῦ</span> <span class='ocrx_word' id='word_1_126' title='bbox 701 1158 956 1225; x_wconf 80' lang='grc' dir='ltr'>σωτηρίαν,</span> <span class='ocrx_word' id='word_1_127' title='bbox 995 1160 1070 1209; x_wconf 74' lang='grc' dir='ltr'>καὶ</span> <span class='ocrx_word' id='word_1_128' title='bbox 1109 1159 1194 1222; x_wconf 90' lang='grc' dir='ltr'>τὴν</span> <span class='ocrx_word' id='word_1_129' title='bbox 1229 1157 1305 1209; x_wconf 79' lang='grc' dir='ltr'>διὰ</span> <span class='ocrx_word' id='word_1_130' title='bbox 1343 1159 1548 1211; x_wconf 87' lang='grc' dir='ltr'>πίστεως</span> <span class='ocrx_word' id='word_1_131' title='bbox 1586 1157 1818 1222; x_wconf 86' lang='grc' dir='ltr'>κάθαρσιν</span> <span class='ocrx_word' id='word_1_132' title='bbox 1854 1158 1908 1207; x_wconf 79' lang='grc' dir='ltr'>οὐ</span> 
     </span>
     <span class='ocr_line' id='line_1_16' title="bbox 316 1239 1909 1308; baseline -0.002 -15"><span class='ocrx_word' id='word_1_133' title='bbox 316 1242 656 1308; x_wconf 75' lang='grc' dir='ltr'>προσιεμένοις,</span> <span class='ocrx_word' id='word_1_134' title='bbox 705 1242 886 1305; x_wconf 80' lang='grc' dir='ltr'>συνέβη</span> <span class='ocrx_word' id='word_1_135' title='bbox 943 1244 1108 1292; x_wconf 83' lang='grc' dir='ltr'>παθεῖν</span> <span class='ocrx_word' id='word_1_136' title='bbox 1156 1240 1216 1291; x_wconf 83' lang='grc' dir='ltr'>τὰ</span> <span class='ocrx_word' id='word_1_137' title='bbox 1274 1241 1465 1293; x_wconf 91' lang='grc' dir='ltr'>πάντων</span> <span class='ocrx_word' id='word_1_138' title='bbox 1524 1239 1756 1307; x_wconf 77' lang='grc' dir='ltr'>αἴσχιστα</span> <span class='ocrx_word' id='word_1_139' title='bbox 1813 1244 1909 1290; x_wconf 88' lang='grc' dir='ltr'>τῶν</span> 
     </span>
     <span class='ocr_line' id='line_1_17' title="bbox 317 1320 1907 1389; baseline -0.002 -15"><span class='ocrx_word' id='word_1_140' title='bbox 317 1328 485 1374; x_wconf 81' lang='grc' dir='ltr'>κακῶν·</span> <span class='ocrx_word' id='word_1_141' title='bbox 546 1325 813 1375; x_wconf 85' lang='grc' dir='ltr'>διολώλασι</span> <span class='ocrx_word' id='word_1_142' title='bbox 852 1322 946 1389; x_wconf 82' lang='grc' dir='ltr'>γὰρ</span> <span class='ocrx_word' id='word_1_143' title='bbox 987 1326 1028 1373; x_wconf 78' lang='grc' dir='ltr'>οἱ</span> <span class='ocrx_word' id='word_1_144' title='bbox 1069 1322 1282 1376; x_wconf 88' lang='grc' dir='ltr'>τάλανες.</span> <span class='ocrx_word' id='word_1_145' title='bbox 1340 1320 1578 1388; x_wconf 85' lang='grc' dir='ltr'>τοιγάρτοι</span> <span class='ocrx_word' id='word_1_146' title='bbox 1616 1323 1690 1372; x_wconf 81' lang='grc' dir='ltr'>καὶ</span> <span class='ocrx_word' id='word_1_147' title='bbox 1727 1320 1907 1388; x_wconf 70' lang='grc' dir='ltr'>ε”φασκε</span> 
     </span>
    </p>

    <p class='ocr_par' dir='ltr' id='par_1_11' title="bbox 94 1401 1978 1796">
     <span class='ocr_line' id='line_1_18' title="bbox 94 1401 1978 1486; baseline -0.002 -31"><span class='ocrx_word' id='word_1_148' title='bbox 94 1403 242 1486; x_wconf 43' lang='grc' dir='ltr'>ῗίἰῗᾚ·</span> <span class='ocrx_word' id='word_1_149' title='bbox 317 1410 419 1458; x_wconf 85' lang='grc' dir='ltr'>ταῖς</span> <span class='ocrx_word' id='word_1_150' title='bbox 469 1406 709 1457; x_wconf 84' lang='grc' dir='ltr'>Ἰουδαίων</span> <span class='ocrx_word' id='word_1_151' title='bbox 760 1405 954 1471; x_wconf 88' lang='grc' dir='ltr'>ἀγέλαις</span> <span class='ocrx_word' id='word_1_152' title='bbox 998 1412 1025 1434; x_wconf 85' lang='grc'><strong>“</strong></span> <span class='ocrx_word' id='word_1_153' title='bbox 1051 1402 1207 1468; x_wconf 85' lang='grc' dir='ltr'>Ἀμὴν</span> <span class='ocrx_word' id='word_1_154' title='bbox 1256 1404 1382 1470; x_wconf 86' lang='grc' dir='ltr'>λέγω</span> <span class='ocrx_word' id='word_1_155' title='bbox 1433 1405 1552 1466; x_wconf 83' lang='grc' dir='ltr'>ὑμῖν,</span> <span class='ocrx_word' id='word_1_156' title='bbox 1596 1403 1666 1454; x_wconf 80' lang='grc' dir='ltr'>ὅτι</span> <span class='ocrx_word' id='word_1_157' title='bbox 1713 1401 1793 1454; x_wconf 80' lang='grc' dir='ltr'>ἐὰν</span> <span class='ocrx_word' id='word_1_158' title='bbox 1842 1401 1907 1467; x_wconf 83' lang='grc' dir='ltr'>μὴ</span> <span class='ocrx_word' id='word_1_159' title='bbox 1931 1423 1978 1461; x_wconf 88' lang='lat'>15</span> 
     </span>
     <span class='ocr_line' id='line_1_19' title="bbox 318 1485 1908 1552; baseline -0.003 -12"><span class='ocrx_word' id='word_1_160' title='bbox 318 1494 346 1519; x_wconf 76' lang='lat'>‘⁵</span> <span class='ocrx_word' id='word_1_161' title='bbox 369 1488 658 1552; x_wconf 85' lang='grc' dir='ltr'>πιστεύσητε</span> <span class='ocrx_word' id='word_1_162' title='bbox 701 1487 769 1538; x_wconf 78' lang='grc' dir='ltr'>ὅτι</span> <span class='ocrx_word' id='word_1_163' title='bbox 815 1488 907 1552; x_wconf 86' lang='grc' dir='ltr'>ἐγώ</span> <span class='ocrx_word' id='word_1_164' title='bbox 950 1491 1054 1550; x_wconf 78' lang='grc' dir='ltr'>εἶμι,</span> <span class='ocrx_word' id='word_1_165' title='bbox 1098 1489 1145 1537; x_wconf 88' lang='grc' dir='ltr'>ἐν</span> <span class='ocrx_word' id='word_1_166' title='bbox 1186 1492 1286 1540; x_wconf 83' lang='grc' dir='ltr'>ταῖς</span> <span class='ocrx_word' id='word_1_167' title='bbox 1332 1487 1577 1552; x_wconf 79' lang='grc' dir='ltr'>ἁμαρτίαις</span> <span class='ocrx_word' id='word_1_168' title='bbox 1622 1487 1750 1547; x_wconf 84' lang='grc' dir='ltr'>ὑμῶν</span> <span class='ocrx_word' id='word_1_169' title='bbox 1791 1485 1908 1536; x_wconf 87' lang='grc' dir='ltr'>ἀπο-</span> 
     </span>
     <span class='ocr_line' id='line_1_20' title="bbox 94 1565 1907 1641; baseline -0.001 -20"><span class='ocrx_word' id='word_1_170' title='bbox 94 1566 147 1641; x_wconf 53' lang='grc' dir='ltr'>ξζ</span> <span class='ocrx_word' id='word_1_171' title='bbox 166 1566 211 1598; x_wconf 84' lang='lat' dir='ltr'>iii.</span> <span class='ocrx_word' id='word_1_172' title='bbox 319 1576 346 1599; x_wconf 86' lang='lat'><strong>“</strong></span> <span class='ocrx_word' id='word_1_173' title='bbox 372 1571 631 1622; x_wconf 81' lang='grc' dir='ltr'>θανεῖσθε.”</span> <span class='ocrx_word' id='word_1_174' title='bbox 684 1570 776 1637; x_wconf 78' lang='grc' dir='ltr'>ἔφη</span> <span class='ocrx_word' id='word_1_175' title='bbox 816 1569 871 1620; x_wconf 90' lang='grc' dir='ltr'>δέ</span> <span class='ocrx_word' id='word_1_176' title='bbox 902 1591 995 1620; x_wconf 90' lang='grc' dir='ltr'>που</span> <span class='ocrx_word' id='word_1_177' title='bbox 1030 1571 1104 1619; x_wconf 81' lang='grc' dir='ltr'>καὶ</span> <span class='ocrx_word' id='word_1_178' title='bbox 1141 1569 1165 1618; x_wconf 87' lang='grc' dir='ltr'>ὁ</span> <span class='ocrx_word' id='word_1_179' title='bbox 1195 1568 1416 1632; x_wconf 88' lang='grc' dir='ltr'>Ἰωάννης</span> <span class='ocrx_word' id='word_1_180' title='bbox 1443 1575 1470 1596; x_wconf 85' lang='grc'><strong>“</strong></span> <span class='ocrx_word' id='word_1_181' title='bbox 1489 1568 1552 1618; x_wconf 77' lang='lat' dir='ltr'>‘O</span> <span class='ocrx_word' id='word_1_182' title='bbox 1586 1565 1823 1618; x_wconf 83' lang='grc' dir='ltr'>πιστεύων</span> <span class='ocrx_word' id='word_1_183' title='bbox 1847 1570 1907 1619; x_wconf 80' lang='grc' dir='ltr'>εἰς</span> 
     </span>
     <span class='ocr_line' id='line_1_21' title="bbox 319 1647 1908 1717; baseline -0.003 -15"><span class='ocrx_word' id='word_1_184' title='bbox 319 1658 345 1682; x_wconf 83' lang='grc'><strong>“</strong></span> <span class='ocrx_word' id='word_1_185' title='bbox 372 1650 530 1710; x_wconf 78' lang='grc' dir='ltr'>αὑτὸν,</span> <span class='ocrx_word' id='word_1_186' title='bbox 571 1652 625 1702; x_wconf 79' lang='grc' dir='ltr'>οὐ</span> <span class='ocrx_word' id='word_1_187' title='bbox 665 1652 879 1717; x_wconf 85' lang='grc' dir='ltr'>κρίνεται·</span> <span class='ocrx_word' id='word_1_188' title='bbox 925 1651 950 1700; x_wconf 87' lang='lat'><em>6</em></span> <span class='ocrx_word' id='word_1_189' title='bbox 989 1649 1037 1701; x_wconf 76' lang='grc' dir='ltr'>δὲ</span> <span class='ocrx_word' id='word_1_190' title='bbox 1071 1648 1137 1715; x_wconf 84' lang='grc' dir='ltr'>μὴ</span> <span class='ocrx_word' id='word_1_191' title='bbox 1172 1650 1411 1701; x_wconf 79' lang='grc' dir='ltr'>πιστεύων</span> <span class='ocrx_word' id='word_1_192' title='bbox 1451 1649 1539 1713; x_wconf 77' lang='grc' dir='ltr'>ἤδη</span> <span class='ocrx_word' id='word_1_193' title='bbox 1578 1648 1796 1714; x_wconf 78' lang='grc' dir='ltr'>κέκριται,</span> <span class='ocrx_word' id='word_1_194' title='bbox 1837 1647 1908 1699; x_wconf 80' lang='grc' dir='ltr'>ὅτι</span> 
     </span>
     <span class='ocr_line' id='line_1_22' title="bbox 278 1730 1901 1796; baseline -0.001 -15"><span class='ocrx_word' id='word_1_195' title='bbox 278 1753 299 1781; x_wconf 82' lang='lat' dir='ltr'>e</span> <span class='ocrx_word' id='word_1_196' title='bbox 319 1739 346 1763; x_wconf 77' lang='lat'>‘⁶</span> <span class='ocrx_word' id='word_1_197' title='bbox 372 1732 436 1796; x_wconf 87' lang='grc' dir='ltr'>μὴ</span> <span class='ocrx_word' id='word_1_198' title='bbox 460 1734 771 1784; x_wconf 88' lang='grc' dir='ltr'>πεπίστευκεν</span> <span class='ocrx_word' id='word_1_199' title='bbox 797 1736 859 1786; x_wconf 78' lang='grc' dir='ltr'>εἷς</span> <span class='ocrx_word' id='word_1_200' title='bbox 893 1731 945 1782; x_wconf 84' lang='grc' dir='ltr'>τὸ</span> <span class='ocrx_word' id='word_1_201' title='bbox 980 1730 1128 1794; x_wconf 76' lang='grc' dir='ltr'>ὄνομα</span> <span class='ocrx_word' id='word_1_202' title='bbox 1159 1737 1241 1781; x_wconf 83' lang='grc' dir='ltr'>τοῦ</span> <span class='ocrx_word' id='word_1_203' title='bbox 1267 1735 1387 1782; x_wconf 80' lang='grc' dir='ltr'>Υἰοῦ</span> <span class='ocrx_word' id='word_1_204' title='bbox 1413 1736 1496 1781; x_wconf 85' lang='grc' dir='ltr'>τοῦ</span> <span class='ocrx_word' id='word_1_205' title='bbox 1524 1730 1695 1781; x_wconf 79' lang='grc' dir='ltr'>Θεοῦ.”</span> <span class='ocrx_word' id='word_1_206' title='bbox 1745 1752 1901 1795; x_wconf 91' lang='grc' dir='ltr'>προσ-</span> 
     </span>
    </p>

    <p class='ocr_par' dir='ltr' id='par_1_12' title="bbox 93 1809 1979 1897">
     <span class='ocr_line' id='line_1_23' title="bbox 93 1809 1979 1897; baseline -0.002 -33"><span class='ocrx_word' id='word_1_207' title='bbox 93 1812 224 1897; x_wconf 31' lang='lat' dir='ltr'>{fg-¹⁰·</span> <span class='ocrx_word' id='word_1_208' title='bbox 318 1815 484 1883; x_wconf 82' lang='grc' dir='ltr'>εφώνει</span> <span class='ocrx_word' id='word_1_209' title='bbox 520 1813 568 1865; x_wconf 76' lang='grc' dir='ltr'>δὲ</span> <span class='ocrx_word' id='word_1_210' title='bbox 605 1818 680 1865; x_wconf 82' lang='grc' dir='ltr'>καὶ</span> <span class='ocrx_word' id='word_1_211' title='bbox 715 1815 740 1864; x_wconf 87' lang='grc' dir='ltr'>ὁ</span> <span class='ocrx_word' id='word_1_212' title='bbox 772 1813 1042 1875; x_wconf 80' lang='grc' dir='ltr'>βαπτιστὴς</span> <span class='ocrx_word' id='word_1_213' title='bbox 1068 1818 1162 1867; x_wconf 78' lang='grc' dir='ltr'>τοῖς</span> <span class='ocrx_word' id='word_1_214' title='bbox 1187 1813 1244 1881; x_wconf 74' lang='grc' dir='ltr'>ἐξ</span> <span class='ocrx_word' id='word_1_215' title='bbox 1268 1812 1472 1878; x_wconf 84' lang='grc' dir='ltr'>Ἰσραήλ</span> <span class='ocrx_word' id='word_1_216' title='bbox 1500 1809 1671 1875; x_wconf 81' lang='grc' dir='ltr'>“”Ηδη</span> <span class='ocrx_word' id='word_1_217' title='bbox 1699 1811 1747 1862; x_wconf 82' lang='grc' dir='ltr'>δὲ</span> <span class='ocrx_word' id='word_1_218' title='bbox 1773 1814 1848 1862; x_wconf 79' lang='grc' dir='ltr'>καὶ</span> <span class='ocrx_word' id='word_1_219' title='bbox 1879 1812 1906 1875; x_wconf 82' lang='grc' dir='ltr'>ἡ</span> <span class='ocrx_word' id='word_1_220' title='bbox 1929 1835 1979 1860; x_wconf 89' lang='lat'>20</span> 
     </span>
    </p>
   </div>
   <div class='ocr_carea' id='block_1_9' title="bbox 101 1894 1978 2696">
    <p class='ocr_par' dir='ltr' id='par_1_13' title="bbox 101 1894 1978 2696">
     <span class='ocr_line' id='line_1_24' title="bbox 319 1894 1907 1965; baseline -0.003 -18"><span class='ocrx_word' id='word_1_221' title='bbox 319 1904 347 1926; x_wconf 77' lang='lat'>‘⁶</span> <span class='ocrx_word' id='word_1_222' title='bbox 373 1897 511 1965; x_wconf 76' lang='grc' dir='ltr'>ἀξίνη</span> <span class='ocrx_word' id='word_1_223' title='bbox 537 1895 656 1962; x_wconf 82' lang='grc' dir='ltr'>πρὸς</span> <span class='ocrx_word' id='word_1_224' title='bbox 681 1895 767 1960; x_wconf 81' lang='grc' dir='ltr'>τὴν</span> <span class='ocrx_word' id='word_1_225' title='bbox 793 1895 922 1962; x_wconf 78' lang='grc' dir='ltr'>ῥίζαν</span> <span class='ocrx_word' id='word_1_226' title='bbox 946 1899 1041 1945; x_wconf 87' lang='grc' dir='ltr'>τῶν</span> <span class='ocrx_word' id='word_1_227' title='bbox 1066 1894 1268 1960; x_wconf 78' lang='grc' dir='ltr'>δένδρων</span> <span class='ocrx_word' id='word_1_228' title='bbox 1293 1899 1447 1945; x_wconf 85' lang='grc' dir='ltr'>κεῖται·</span> <span class='ocrx_word' id='word_1_229' title='bbox 1489 1898 1585 1945; x_wconf 83' lang='grc' dir='ltr'>πᾶν</span> <span class='ocrx_word' id='word_1_230' title='bbox 1611 1894 1691 1943; x_wconf 77' lang='grc' dir='ltr'>οὖν</span> <span class='ocrx_word' id='word_1_231' title='bbox 1718 1894 1907 1959; x_wconf 76' lang='grc' dir='ltr'>δένδρον</span> 
     </span>
     <span class='ocr_line' id='line_1_25' title="bbox 319 1975 1908 2043; baseline -0.004 -13"><span class='ocrx_word' id='word_1_232' title='bbox 319 1986 346 2008; x_wconf 85' lang='lat'><strong>“</strong></span> <span class='ocrx_word' id='word_1_233' title='bbox 372 1979 437 2043; x_wconf 88' lang='grc' dir='ltr'>μὴ</span> <span class='ocrx_word' id='word_1_234' title='bbox 475 1984 640 2030; x_wconf 83' lang='grc' dir='ltr'>ποιοῦν</span> <span class='ocrx_word' id='word_1_235' title='bbox 683 1977 864 2043; x_wconf 82' lang='grc' dir='ltr'>καρπὸν</span> <span class='ocrx_word' id='word_1_236' title='bbox 907 1976 1070 2038; x_wconf 83' lang='grc' dir='ltr'>καλὸν,</span> <span class='ocrx_word' id='word_1_237' title='bbox 1111 1977 1382 2028; x_wconf 85' lang='grc' dir='ltr'>ἐκκόπτεται</span> <span class='ocrx_word' id='word_1_238' title='bbox 1423 1977 1499 2027; x_wconf 84' lang='grc' dir='ltr'>καὶ</span> <span class='ocrx_word' id='word_1_239' title='bbox 1541 1979 1603 2029; x_wconf 85' lang='grc' dir='ltr'>εὶς</span> <span class='ocrx_word' id='word_1_240' title='bbox 1646 1980 1741 2041; x_wconf 84' lang='grc' dir='ltr'>πῦρ</span> <span class='ocrx_word' id='word_1_241' title='bbox 1783 1975 1908 2034; x_wconf 78' lang='grc' dir='ltr'>βάλ-</span> 
     </span>
     <span class='ocr_line' id='line_1_26' title="bbox 319 2056 1908 2124; baseline -0.003 -13"><span class='ocrx_word' id='word_1_242' title='bbox 319 2067 347 2090; x_wconf 84' lang='grc'><strong>“</strong></span> <span class='ocrx_word' id='word_1_243' title='bbox 375 2060 551 2111; x_wconf 89' lang='grc' dir='ltr'>λεται.”</span> <span class='ocrx_word' id='word_1_244' title='bbox 603 2061 769 2110; x_wconf 80' lang='grc' dir='ltr'>οὐκοῦν</span> <span class='ocrx_word' id='word_1_245' title='bbox 795 2063 890 2112; x_wconf 85' lang='grc' dir='ltr'>τοῖς</span> <span class='ocrx_word' id='word_1_246' title='bbox 920 2058 1005 2122; x_wconf 78' lang='grc' dir='ltr'>μὲν</span> <span class='ocrx_word' id='word_1_247' title='bbox 1028 2060 1304 2110; x_wconf 83' lang='grc' dir='ltr'>ἀπειθοῦσιν</span> <span class='ocrx_word' id='word_1_248' title='bbox 1331 2056 1569 2124; x_wconf 84' lang='grc' dir='ltr'>ἀφόρητος</span> <span class='ocrx_word' id='word_1_249' title='bbox 1602 2058 1678 2107; x_wconf 82' lang='grc' dir='ltr'>καὶ</span> <span class='ocrx_word' id='word_1_250' title='bbox 1713 2057 1767 2107; x_wconf 79' lang='grc' dir='ltr'>οὐ</span> <span class='ocrx_word' id='word_1_251' title='bbox 1798 2057 1908 2107; x_wconf 87' lang='grc' dir='ltr'>λίαν</span> 
     </span>
     <span class='ocr_line' id='line_1_27' title="bbox 319 2137 1907 2206; baseline -0.003 -13"><span class='ocrx_word' id='word_1_252' title='bbox 319 2141 495 2205; x_wconf 80' lang='grc' dir='ltr'>οἷστὸς,</span> <span class='ocrx_word' id='word_1_253' title='bbox 534 2145 616 2206; x_wconf 81' lang='grc' dir='ltr'>τῆς</span> <span class='ocrx_word' id='word_1_254' title='bbox 656 2164 705 2192; x_wconf 92' lang='grc' dir='ltr'>τε</span> <span class='ocrx_word' id='word_1_255' title='bbox 748 2137 911 2193; x_wconf 55' lang='grc' dir='ltr'>εἰσόδου</span> <span class='ocrx_word' id='word_1_256' title='bbox 953 2142 1029 2191; x_wconf 79' lang='grc' dir='ltr'>καὶ</span> <span class='ocrx_word' id='word_1_257' title='bbox 1073 2143 1156 2204; x_wconf 85' lang='grc' dir='ltr'>τῆς</span> <span class='ocrx_word' id='word_1_258' title='bbox 1196 2143 1423 2193; x_wconf 72' lang='grc' dir='ltr'>ὀπτασίας</span> <span class='ocrx_word' id='word_1_259' title='bbox 1467 2140 1608 2189; x_wconf 84' lang='grc' dir='ltr'>αὑτοῦ</span> <span class='ocrx_word' id='word_1_260' title='bbox 1651 2137 1843 2204; x_wconf 85' lang='grc' dir='ltr'>γέγονεν</span> <span class='ocrx_word' id='word_1_261' title='bbox 1881 2139 1907 2188; x_wconf 90' lang='lat'><em>6</em></span> 
     </span>
     <span class='ocr_line' id='line_1_28' title="bbox 319 2219 1977 2290; baseline -0.002 -15"><span class='ocrx_word' id='word_1_262' title='bbox 319 2223 492 2289; x_wconf 89' lang='grc' dir='ltr'>καιρός.</span> <span class='ocrx_word' id='word_1_263' title='bbox 568 2223 832 2290; x_wconf 81' lang='grc' dir='ltr'>ἠλέγχοντο</span> <span class='ocrx_word' id='word_1_264' title='bbox 881 2221 989 2288; x_wconf 81' lang='grc' dir='ltr'>γὰρ,</span> <span class='ocrx_word' id='word_1_265' title='bbox 1035 2224 1096 2276; x_wconf 87' lang='grc' dir='ltr'>ὡς</span> <span class='ocrx_word' id='word_1_266' title='bbox 1141 2223 1270 2272; x_wconf 78' lang='grc' dir='ltr'>αὐτοὶ</span> <span class='ocrx_word' id='word_1_267' title='bbox 1321 2221 1406 2275; x_wconf 79' lang='grc' dir='ltr'>τὰς</span> <span class='ocrx_word' id='word_1_268' title='bbox 1447 2225 1591 2288; x_wconf 91' lang='grc' dir='ltr'>σφῶν</span> <span class='ocrx_word' id='word_1_269' title='bbox 1637 2219 1907 2272; x_wconf 84' lang='grc' dir='ltr'>διολλύντες</span> <span class='ocrx_word' id='word_1_270' title='bbox 1928 2243 1977 2282; x_wconf 86' lang='lat'>25</span> 
     </span>
     <span class='ocr_line' id='line_1_29' title="bbox 318 2300 1907 2374; baseline -0.003 -18"><span class='ocrx_word' id='word_1_271' title='bbox 318 2305 498 2374; x_wconf 79' lang='grc' dir='ltr'>ψυχὰς,</span> <span class='ocrx_word' id='word_1_272' title='bbox 529 2307 604 2356; x_wconf 76' lang='grc' dir='ltr'>καὶ</span> <span class='ocrx_word' id='word_1_273' title='bbox 632 2310 732 2358; x_wconf 81' lang='grc' dir='ltr'>ταῖς</span> <span class='ocrx_word' id='word_1_274' title='bbox 757 2307 933 2356; x_wconf 82' lang='grc' dir='ltr'>ἑαυτῶν</span> <span class='ocrx_word' id='word_1_275' title='bbox 959 2304 1203 2370; x_wconf 84' lang='grc' dir='ltr'>ἁμαρτίαις</span> <span class='ocrx_word' id='word_1_276' title='bbox 1232 2303 1623 2372; x_wconf 75' lang='grc' dir='ltr'>ἐντεθνηξόμενοι,</span> <span class='ocrx_word' id='word_1_277' title='bbox 1651 2300 1728 2352; x_wconf 84' lang='grc' dir='ltr'>διά</span> <span class='ocrx_word' id='word_1_278' title='bbox 1757 2324 1827 2352; x_wconf 91' lang='grc' dir='ltr'>τοι</span> <span class='ocrx_word' id='word_1_279' title='bbox 1853 2300 1907 2352; x_wconf 81' lang='grc' dir='ltr'>τὸ</span> 
     </span>
     <span class='ocr_line' id='line_1_30' title="bbox 318 2384 1908 2454; baseline -0.003 -17"><span class='ocrx_word' id='word_1_280' title='bbox 318 2385 383 2451; x_wconf 86' lang='grc' dir='ltr'>μὴ</span> <span class='ocrx_word' id='word_1_281' title='bbox 429 2387 624 2438; x_wconf 86' lang='grc' dir='ltr'>ἑλέσθαι</span> <span class='ocrx_word' id='word_1_282' title='bbox 666 2391 857 2454; x_wconf 83' lang='grc' dir='ltr'>φρονεῖν</span> <span class='ocrx_word' id='word_1_283' title='bbox 897 2387 1066 2452; x_wconf 81' lang='grc' dir='ltr'>ὀρθῶς,</span> <span class='ocrx_word' id='word_1_284' title='bbox 1109 2385 1454 2452; x_wconf 86' lang='grc' dir='ltr'>προσήκασθαί</span> <span class='ocrx_word' id='word_1_285' title='bbox 1491 2407 1540 2435; x_wconf 91' lang='grc' dir='ltr'>τε</span> <span class='ocrx_word' id='word_1_286' title='bbox 1580 2387 1642 2437; x_wconf 81' lang='grc' dir='ltr'>εἷς</span> <span class='ocrx_word' id='word_1_287' title='bbox 1685 2389 1794 2434; x_wconf 84' lang='grc' dir='ltr'>νοῦν</span> <span class='ocrx_word' id='word_1_288' title='bbox 1831 2384 1908 2433; x_wconf 84' lang='grc' dir='ltr'>καὶ</span> 
     </span>
     <span class='ocr_line' id='line_1_31' title="bbox 101 2467 1902 2534; baseline -0.001 -19"><span class='ocrx_word' id='word_1_289' title='bbox 101 2482 186 2516; x_wconf 86' lang='grc'>852</span> <span class='ocrx_word' id='word_1_290' title='bbox 204 2482 255 2517; x_wconf 91' lang='lat' dir='ltr'>A.</span> <span class='ocrx_word' id='word_1_291' title='bbox 280 2469 513 2534; x_wconf 68' lang='grc' dir='ltr'>ιικαρδιάν</span> <span class='ocrx_word' id='word_1_292' title='bbox 544 2468 630 2532; x_wconf 87' lang='grc' dir='ltr'>τὴν</span> <span class='ocrx_word' id='word_1_293' title='bbox 667 2467 742 2519; x_wconf 80' lang='grc' dir='ltr'>διὰ</span> <span class='ocrx_word' id='word_1_294' title='bbox 775 2469 981 2521; x_wconf 86' lang='grc' dir='ltr'>πίστεως</span> <span class='ocrx_word' id='word_1_295' title='bbox 1016 2468 1263 2533; x_wconf 85' lang='grc' dir='ltr'>κάθαρσιν.</span> <span class='ocrx_word' id='word_1_296' title='bbox 1318 2470 1384 2521; x_wconf 82' lang='grc' dir='ltr'>τίς</span> <span class='ocrx_word' id='word_1_297' title='bbox 1417 2467 1572 2517; x_wconf 89' lang='grc' dir='ltr'>τοίνυν</span> <span class='ocrx_word' id='word_1_298' title='bbox 1607 2467 1759 2533; x_wconf 77' lang='grc' dir='ltr'>φησὶν</span> <span class='ocrx_word' id='word_1_299' title='bbox 1793 2467 1902 2514; x_wconf 81' lang='grc' dir='ltr'>ὑπο-</span> 
     </span>
     <span class='ocr_line' id='line_1_32' title="bbox 319 2547 1908 2619; baseline -0.003 -19"><span class='ocrx_word' id='word_1_300' title='bbox 319 2553 437 2617; x_wconf 66' lang='grc' dir='ltr'>μενεῖ</span> <span class='ocrx_word' id='word_1_301' title='bbox 468 2550 621 2619; x_wconf 69' lang='grc' dir='ltr'>ἡμέραν</span> <span class='ocrx_word' id='word_1_302' title='bbox 655 2547 814 2602; x_wconf 56' lang='grc' dir='ltr'>εἰσόδου</span> <span class='ocrx_word' id='word_1_303' title='bbox 850 2552 1010 2611; x_wconf 64' lang='grc' dir='ltr'>αὐτοῦς</span> <span class='ocrx_word' id='word_1_304' title='bbox 1059 2548 1081 2609; x_wconf 69' lang='grc' dir='ltr'><strong><em>ἦ</em></strong></span> <span class='ocrx_word' id='word_1_305' title='bbox 1116 2552 1181 2604; x_wconf 81' lang='grc' dir='ltr'>τίς</span> <span class='ocrx_word' id='word_1_306' title='bbox 1215 2550 1510 2608; x_wconf 57' lang='lat' dir='ltr'>fimo-wiceman</span> <span class='ocrx_word' id='word_1_307' title='bbox 1547 2548 1584 2598; x_wconf 79' lang='grc' dir='ltr'>ἐν</span> <span class='ocrx_word' id='word_1_308' title='bbox 1618 2550 1667 2618; x_wconf 69' lang='grc' dir='ltr'>τῇ</span> <span class='ocrx_word' id='word_1_309' title='bbox 1704 2547 1908 2615; x_wconf 64' lang='grc' dir='ltr'>ὀπτασίᾳ</span> 
     </span>
     <span class='ocr_line' id='line_1_33' title="bbox 321 2626 1978 2696; baseline -0.005 -14"><span class='ocrx_word' id='word_1_310' title='bbox 321 2633 452 2682; x_wconf 70' lang='grc' dir='ltr'>αὐτοῦ</span> <span class='ocrx_word' id='word_1_311' title='bbox 469 2659 480 2693; x_wconf 84' lang='lat'>3</span> <span class='ocrx_word' id='word_1_312' title='bbox 524 2632 754 2690; x_wconf 83' lang='grc' dir='ltr'>τουτέστι,</span> <span class='ocrx_word' id='word_1_313' title='bbox 791 2632 860 2685; x_wconf 88' lang='grc' dir='ltr'>τίς</span> <span class='ocrx_word' id='word_1_314' title='bbox 898 2630 955 2696; x_wconf 80' lang='grc' dir='ltr'>δὴ</span> <span class='ocrx_word' id='word_1_315' title='bbox 994 2631 1086 2696; x_wconf 75' lang='grc' dir='ltr'>ἄρα</span> <span class='ocrx_word' id='word_1_316' title='bbox 1123 2636 1354 2681; x_wconf 84' lang='grc' dir='ltr'>τοσοῦτον</span> <span class='ocrx_word' id='word_1_317' title='bbox 1392 2629 1525 2680; x_wconf 78' lang='grc' dir='ltr'>ἔσται</span> <span class='ocrx_word' id='word_1_318' title='bbox 1563 2626 1707 2680; x_wconf 89' lang='grc' dir='ltr'>δεινός</span> <span class='ocrx_word' id='word_1_319' title='bbox 1743 2649 1794 2676; x_wconf 92' lang='grc' dir='ltr'>τε</span> <span class='ocrx_word' id='word_1_320' title='bbox 1831 2628 1906 2677; x_wconf 83' lang='grc' dir='ltr'>καὶ</span> <span class='ocrx_word' id='word_1_321' title='bbox 1927 2647 1978 2683; x_wconf 85' lang='lat'>30</span> 
     </span>
    </p>
   </div>
   <div class='ocr_carea' id='block_1_10' title="bbox 322 2766 1907 3003">
    <p class='ocr_par' dir='ltr' id='par_1_14' title="bbox 322 2766 1907 3003">
     <span class='ocr_line' id='line_1_34' title="bbox 369 2766 1907 2818; baseline -0.004 -11"><span class='ocrx_word' id='word_1_322' title='bbox 369 2783 402 2817; x_wconf 82' lang='lat'>3.</span> <span class='ocrx_word' id='word_1_323' title='bbox 429 2788 482 2807; x_wconf 86' lang='grc' dir='ltr'>και</span> <span class='ocrx_word' id='word_1_324' title='bbox 500 2774 535 2808; x_wconf 79' lang='grc' dir='ltr'>ἐν</span> <span class='ocrx_word' id='word_1_325' title='bbox 551 2773 677 2808; x_wconf 77' lang='grc' dir='ltr'>δούλου</span> <span class='ocrx_word' id='word_1_326' title='bbox 694 2773 813 2818; x_wconf 77' lang='grc' dir='ltr'>γέγονε</span> <span class='ocrx_word' id='word_1_327' title='bbox 829 2774 947 2817; x_wconf 82' lang='grc' dir='ltr'>μορφῆ</span> <span class='ocrx_word' id='word_1_328' title='bbox 967 2784 1037 2807; x_wconf 90' lang='lat' dir='ltr'>om.</span> <span class='ocrx_word' id='word_1_329' title='bbox 1059 2772 1100 2807; x_wconf 84' lang='grc' dir='ltr'>Β.</span> <span class='ocrx_word' id='word_1_330' title='bbox 1265 2771 1298 2806; x_wconf 88' lang='grc'>6.</span> <span class='ocrx_word' id='word_1_331' title='bbox 1323 2786 1390 2805; x_wconf 86' lang='grc' dir='ltr'>που</span> <span class='ocrx_word' id='word_1_332' title='bbox 1407 2782 1477 2805; x_wconf 88' lang='lat' dir='ltr'>om.</span> <span class='ocrx_word' id='word_1_333' title='bbox 1497 2770 1539 2804; x_wconf 88' lang='lat' dir='ltr'>B.</span> <span class='ocrx_word' id='word_1_334' title='bbox 1707 2776 1738 2813; x_wconf 83' lang='lat'>7.</span> <span class='ocrx_word' id='word_1_335' title='bbox 1764 2766 1907 2811; x_wconf 77' lang='grc' dir='ltr'>συνήσει</span> 
     </span>
     <span class='ocr_line' id='line_1_35' title="bbox 322 2814 1906 2864; baseline -0.003 -12"><span class='ocrx_word' id='word_1_336' title='bbox 322 2820 467 2854; x_wconf 80' lang='lat' dir='ltr'><strong>accessit</strong></span> <span class='ocrx_word' id='word_1_337' title='bbox 484 2833 524 2854; x_wconf 85' lang='lat' dir='ltr'>ex</span> <span class='ocrx_word' id='word_1_338' title='bbox 546 2821 587 2854; x_wconf 85' lang='lat' dir='ltr'>B.</span> <span class='ocrx_word' id='word_1_339' title='bbox 606 2821 650 2854; x_wconf 85' lang='lat' dir='ltr'>cf.</span> <span class='ocrx_word' id='word_1_340' title='bbox 670 2821 706 2853; x_wconf 84' lang='lat' dir='ltr'>in</span> <span class='ocrx_word' id='word_1_341' title='bbox 726 2821 786 2854; x_wconf 84' lang='lat' dir='ltr'>Es.</span> <span class='ocrx_word' id='word_1_342' title='bbox 803 2819 866 2864; x_wconf 78' lang='lat'>136</span> <span class='ocrx_word' id='word_1_343' title='bbox 882 2819 916 2853; x_wconf 93' lang='lat' dir='ltr'>d.</span> <span class='ocrx_word' id='word_1_344' title='bbox 1017 2830 1067 2853; x_wconf 85' lang='lat'>12.</span> <span class='ocrx_word' id='word_1_345' title='bbox 1094 2817 1277 2863; x_wconf 81' lang='grc' dir='ltr'>κάθαρσιν]</span> <span class='ocrx_word' id='word_1_346' title='bbox 1298 2818 1495 2861; x_wconf 80' lang='grc' dir='ltr'>καθαίρεσιν</span> <span class='ocrx_word' id='word_1_347' title='bbox 1512 2814 1606 2850; x_wconf 88' lang='lat' dir='ltr'><strong>Edd.</strong></span> <span class='ocrx_word' id='word_1_348' title='bbox 1718 2825 1770 2858; x_wconf 83' lang='lat'>13.</span> <span class='ocrx_word' id='word_1_349' title='bbox 1795 2828 1906 2857; x_wconf 87' lang='grc' dir='ltr'>προσ-</span> 
     </span>
     <span class='ocr_line' id='line_1_36' title="bbox 323 2860 1906 2909; baseline -0.003 -10"><span class='ocrx_word' id='word_1_350' title='bbox 323 2865 470 2906; x_wconf 77' lang='grc' dir='ltr'>ιεμένους</span> <span class='ocrx_word' id='word_1_351' title='bbox 488 2867 547 2901; x_wconf 83' lang='lat' dir='ltr'><strong>iid.</strong></span> <span class='ocrx_word' id='word_1_352' title='bbox 566 2874 644 2900; x_wconf 81' lang='lat' dir='ltr'>ante</span> <span class='ocrx_word' id='word_1_353' title='bbox 666 2867 799 2909; x_wconf 68' lang='lat' dir='ltr'>Migne.</span> <span class='ocrx_word' id='word_1_354' title='bbox 861 2867 968 2901; x_wconf 84' lang='grc' dir='ltr'>πάντα</span> <span class='ocrx_word' id='word_1_355' title='bbox 987 2865 1048 2900; x_wconf 83' lang='lat' dir='ltr'>iid.</span> <span class='ocrx_word' id='word_1_356' title='bbox 1149 2876 1200 2907; x_wconf 87' lang='lat'>15.</span> <span class='ocrx_word' id='word_1_357' title='bbox 1228 2865 1280 2898; x_wconf 86' lang='grc' dir='ltr'>ὅτι</span> <span class='ocrx_word' id='word_1_358' title='bbox 1297 2876 1368 2898; x_wconf 90' lang='lat' dir='ltr'>om.</span> <span class='ocrx_word' id='word_1_359' title='bbox 1388 2864 1430 2898; x_wconf 89' lang='lat' dir='ltr'>B.</span> <span class='ocrx_word' id='word_1_360' title='bbox 1543 2872 1595 2906; x_wconf 87' lang='lat'>17.</span> <span class='ocrx_word' id='word_1_361' title='bbox 1623 2862 1640 2893; x_wconf 89' lang='grc' dir='ltr'>ὁ</span> <span class='ocrx_word' id='word_1_362' title='bbox 1658 2861 1755 2905; x_wconf 81' lang='lat' dir='ltr'><strong>prius</strong></span> <span class='ocrx_word' id='word_1_363' title='bbox 1774 2872 1843 2894; x_wconf 89' lang='lat' dir='ltr'>om.</span> <span class='ocrx_word' id='word_1_364' title='bbox 1863 2860 1906 2894; x_wconf 88' lang='grc' dir='ltr'><strong>Β.</strong></span> 
     </span>
     <span class='ocr_line' id='line_1_37' title="bbox 327 2908 1906 2957; baseline -0.002 -14"><span class='ocrx_word' id='word_1_365' title='bbox 327 2912 380 2944; x_wconf 87' lang='grc'><strong>18.</strong></span> <span class='ocrx_word' id='word_1_366' title='bbox 406 2912 523 2957; x_wconf 77' lang='grc' dir='ltr'>αὐτὸν]</span> <span class='ocrx_word' id='word_1_367' title='bbox 543 2913 602 2947; x_wconf 76' lang='grc' dir='ltr'>τὸν</span> <span class='ocrx_word' id='word_1_368' title='bbox 618 2914 688 2947; x_wconf 80' lang='grc' dir='ltr'>υἱὸν</span> <span class='ocrx_word' id='word_1_369' title='bbox 708 2912 799 2946; x_wconf 84' lang='lat' dir='ltr'><strong>Edd.</strong></span> <span class='ocrx_word' id='word_1_370' title='bbox 934 2923 989 2946; x_wconf 82' lang='lat'>20.</span> <span class='ocrx_word' id='word_1_371' title='bbox 1016 2914 1034 2945; x_wconf 90' lang='grc' dir='ltr'>ὁ</span> <span class='ocrx_word' id='word_1_372' title='bbox 1051 2910 1261 2955; x_wconf 81' lang='grc' dir='ltr'>βαπτιστὴς]</span> <span class='ocrx_word' id='word_1_373' title='bbox 1280 2926 1393 2947; x_wconf 81' lang='grc' dir='ltr'>αιτοις</span> <span class='ocrx_word' id='word_1_374' title='bbox 1409 2909 1469 2944; x_wconf 77' lang='lat' dir='ltr'><strong>ild.</strong></span> <span class='ocrx_word' id='word_1_375' title='bbox 1534 2923 1587 2942; x_wconf 83' lang='grc' dir='ltr'>κιιι</span> <span class='ocrx_word' id='word_1_376' title='bbox 1604 2908 1664 2943; x_wconf 79' lang='lat' dir='ltr'><strong>alt.</strong></span> <span class='ocrx_word' id='word_1_377' title='bbox 1684 2913 1906 2951; x_wconf 76' lang='lat' dir='ltr'>assumptum</span> 
     </span>
     <span class='ocr_line' id='line_1_38' title="bbox 324 2957 1266 3003; baseline 0 -12"><span class='ocrx_word' id='word_1_378' title='bbox 324 2967 364 2989; x_wconf 79' lang='lat' dir='ltr'>ex</span> <span class='ocrx_word' id='word_1_379' title='bbox 386 2957 427 2991; x_wconf 85' lang='lat' dir='ltr'>B.</span> <span class='ocrx_word' id='word_1_380' title='bbox 618 2961 672 2993; x_wconf 74' lang='grc'><strong>28.</strong></span> <span class='ocrx_word' id='word_1_381' title='bbox 699 2962 809 3003; x_wconf 83' lang='grc' dir='ltr'>φησιν</span> <span class='ocrx_word' id='word_1_382' title='bbox 827 2959 983 3003; x_wconf 67' lang='grc' dir='ltr'>ὑπομενεῖ</span> <span class='ocrx_word' id='word_1_383' title='bbox 1001 2958 1067 2993; x_wconf 87' lang='lat' dir='ltr'>hoc</span> <span class='ocrx_word' id='word_1_384' title='bbox 1086 2958 1207 2992; x_wconf 77' lang='lat' dir='ltr'>ordine</span> <span class='ocrx_word' id='word_1_385' title='bbox 1228 2958 1266 2991; x_wconf 85' lang='lat' dir='ltr'>B.</span> 
     </span>
    </p>
   </div>
  </div>
 </body>
</html>
