2053 3382
314 139 400 178 416
707 139 756 179 B.
802 136 1084 178 CYRILLI
1126 136 1514 177 ALEXANDR.
1782 135 1838 174 ix.
1860 148 1898 188 9.

319 252 397 299 noe}
435 247 595 318 σώζων.
649 247 911 298 δεδικαίωκε
937 245 1031 312 γὰρ
1058 246 1179 310 ἡμᾶς
1204 247 1252 296 ἐν
1278 245 1437 296 πίστει
1461 243 1688 310 Χριστὸς,
1717 247 1791 294 καὶ
1817 242 1903 306 τὴν

270 333 297 373 b
318 332 398 393 τῆς
425 330 661 394 σωτηριάς
686 328 949 394 κατευρύνει
976 329 1140 393 τρίβον
1166 331 1261 380 τοῖς
1290 331 1576 393 προσιοῦσιν
1603 325 1739 394 αὐτῷ.
1801 324 1904 375 ἔστι

317 410 366 461 δὲ
391 409 509 476 πρὸς
535 409 684 479 τούτῳ
711 411 785 460 καὶ
817 411 972 477 πρῖιος,
1001 410 1054 459 οὐ
1089 407 1282 472 νομικὴν
1313 406 1602 476 προσφέρων
1629 407 1904 469 ἀποτομίαν,

316 490 419 542 οὐδὲ
470 490 658 560 θανάτῳ
708 490 1051 557 τιμωρούμενος
1103 488 1209 544 τοὺς
1259 490 1640 556 παραβαίνοντας
1688 485 1901 551 ἐντολὴν,

316 574 460 643 σώζων
495 572 543 624 δὲ
577 578 769 636 μᾶλλον
804 573 861 641 ἐξ
896 571 1180 638 ἡμερότητος
1218 573 1293 622 καὶ
1326 570 1523 624 ἀνιστὰς
1552 570 1658 624 τοὺς
1685 572 1900 634 ὠλισθη-
1925 581 1946 619 5

98 666 256 697 1S-J0a11·
318 654 470 717 κότας,
498 652 584 705 κᾶν
619 654 727 708 ε’ίτις
764 653 979 720 ἁμάρτοι,
1013 651 1319 721 παράκλητος
1350 652 1488 706 αὐτὸς
1520 651 1762 718 γινόμενος
1785 651 1906 718 πρὸς

94 710 128 740 ii.
148 719 175 741 1.

97 847 112 867 2
132 838 204 868 Cor.

94 881 139 911 iii.
160 882 189 912 6.

95 1395 255 1426 SMatth.

96 1440 163 1469 xxi.
186 1449 196 1469 1

97 1493 170 1523 sqq.

317 736 401 788 τὸν
428 736 553 787 Θεὸν
581 738 655 787 καὶ
683 735 889 801 Πατέρα.

903 816 999 867 “Tb
1035 815 1230 883 γράμμα
1265 815 1519 878 ἀποκτένει,
1551 814 1605 866 τὸ
1645 814 1692 866 δὲ
1724 819 1907 878 πνεῦμα

391 817 686 883 Ἀνέγνωμεν
721 815 769 869 δὲ
806 816 875 867 ὅτι

320 906 346 930 “
373 898 620 965 ζωοποιεῖ.”
687 898 883 965 γράμμα
920 897 1006 961 μὲν
1047 897 1141 964 γὰρ
1183 900 1208 949 ὁ
1250 896 1492 962 κολαστής
1536 899 1640 948 ε’στι
1685 895 1839 961 νόμος,
1879 897 1906 961 ἡ

318 981 433 1033 σκιὰ
469 984 544 1032 καὶ
579 983 604 1033 ὁ
638 982 801 1035 τύπος·
842 986 1025 1044 πνεῦμα
1056 980 1103 1031 δὲ
1140 978 1364 1045 ζωοποιόν
1395 982 1526 1030 ἐστιν
1553 981 1578 1030 ὁ
1605 977 1832 1045 Χριστὸς,
1859 980 1906 1029 ἐν
1932 999 1978 1024 10

318 1064 547 1128 πνεύματι
582 1063 675 1130 γὰρ
708 1065 782 1114 καὶ
815 1063 1015 1130 ἀληθείᾳ
1052 1061 1364 1128 δεδιδάγμεθα
1394 1066 1678 1127 προσκυνεῖν
1713 1060 1788 1111 διὰ
1825 1063 1907 1124 τῆς

279 1148 625 1213 οεύαγγελικῆς
659 1145 964 1198 παιδεύσεως.
1033 1144 1103 1194 ὅτι
1139 1143 1187 1195 δὲ
1222 1146 1297 1195 καὶ
1336 1142 1611 1205 ἐπιβέβηκεν
1647 1144 1719 1194 ἐπὶ
1760 1141 1908 1194 πῶλον

321 1228 411 1291 νέον,
451 1229 572 1279 οὕτω
610 1251 660 1279 τε
694 1227 980 1296 εἰσέφρησεν
1014 1227 1062 1276 ἐν
1097 1231 1194 1280 τοῖς
1230 1225 1595 1292 Ἰεροσολύμοις,
1636 1226 1689 1275 οὐ
1727 1229 1909 1291 μακροῦ

319 1311 437 1377 πρὸς
477 1311 809 1378 πληροφορίαν
853 1308 1009 1373 δεήσει
1054 1307 1220 1374 λόγου·
1274 1307 1461 1375 ἀπόχρη
1500 1307 1593 1374 γὰρ
1638 1310 1700 1361 εἷς
1744 1307 1909 1357 πίστιν

321 1394 430 1457 ἡμῖν
454 1394 478 1442 ὁ
506 1391 757 1445 θεσπέσιος
792 1389 1132 1456 εὐαγγελιστὴς
1167 1390 1419 1458 γεγραφὼς
1445 1388 1503 1440 τὰ
1529 1388 1697 1441 τοιάδε.
1741 1387 1906 1440 ἐπεκά-
1932 1404 1978 1443 15

322 1479 437 1539 θητο
471 1473 556 1538 μὲν
591 1472 684 1540 γὰρ
722 1476 788 1542 τῷ
819 1473 969 1541 πώλῳ
1001 1470 1229 1538 Χριστὸς,
1262 1472 1415 1523 εἵπετο
1445 1470 1594 1537 γεμὴν
1623 1471 1650 1534 ἡ
1686 1476 1905 1522 τεκοῦσα·

321 1559 397 1608 καὶ
423 1561 619 1620 σημεῖον
650 1556 760 1619 ἡμῖν
791 1552 1161 1620 ἀναγκαιοτάτου
1192 1552 1469 1620 πράγματος
1495 1551 1549 1603 τὸ
1576 1552 1812 1619 δρώμενον
1837 1550 1907 1616 ἧν.

319 1637 683 1689 ἐπανεπαύσατο
725 1636 819 1703 γὰρ
865 1638 889 1687 ὁ
936 1634 1148 1703 Χριστὸς
1187 1640 1253 1705 τῷ
1296 1635 1382 1704 νέῳ
1425 1638 1541 1704 λαῳ,
1586 1634 1800 1685 τουτέστι
1844 1637 1911 1702 τῷ

320 1720 590 1789 κεκλημένῳ
637 1717 756 1785 πρὸς
801 1719 1058 1784 ἐπίγνωσιν
1102 1719 1324 1782 ἀληθείας
1365 1719 1440 1767 καὶ
1491 1716 1916 1782 εἷδωλολατροῦντί

321 1825 451 1853 ποτε.
519 1800 576 1865 ἦν
618 1800 711 1867 γὰρ
756 1799 831 1851 οἶά
880 1824 950 1854 τις
999 1804 1176 1858 πῶλος,
1225 1801 1354 1850 οὔπω
1400 1798 1764 1862 δεδαμασμένος,
1807 1799 1909 1848 οὔτε
1932 1816 1982 1841 20

280 1883 416 1948 ἀμὴν
467 1884 596 1938 εἰδὼς
639 1883 842 1950 βαδίζειν
891 1884 1057 1949 ὀρθῶς·
1114 1883 1166 1932 οὐ
1210 1880 1304 1947 γάρ
1345 1904 1438 1932 που
1483 1884 1549 1950 τῷ
1593 1881 1700 1949 θείῳ
1745 1903 1912 1931 πεπαι-

323 1966 574 2032 δαγώγητο
613 1964 755 2034 νόμῳ.
827 1963 938 2015 ἀλλ’
966 1965 991 2014 ὁ
1025 1963 1204 2017 πάντας
1240 1963 1371 2028 οἵγων
1407 1966 1468 2016 εἷς
1507 1961 1742 2029 εὐτεχνιάν
1767 1984 1909 2013 πνευ-

321 2047 533 2111 ματικὴν,
560 2046 854 2113 προὺπέθηκε
888 2045 973 2108 μὲν
1013 2046 1161 2114 ἑαυτῷ
1202 2043 1284 2095 τὸν
1323 2049 1503 2095 πῶλον.
1575 2043 1740 2111 ἕψεται
1767 2041 1815 2093 δὲ
1841 2042 1912 2093 ὅτι

324 2129 443 2181 κατὰ
476 2129 660 2195 καιροὺς
702 2131 776 2178 καὶ
812 2128 839 2191 ἡ
874 2132 967 2178 τῶν
993 2127 1231 2177 Ἰουδαίων
1258 2125 1545 2191 Συναγωγὴ,
1577 2124 1652 2176 διὰ
1687 2128 1769 2189 τῆς
1797 2126 1908 2176 ἑπο-

323 2212 463 2275 μένης
498 2210 607 2262 ὅνου
642 2210 807 2260 δέδωκε
855 2214 987 2272 νοεῖν,
1030 2209 1233 2274 καίτοιγε
1275 2210 1323 2259 ἐν
1364 2207 1519 2276 χρόνῳ
1559 2211 1626 2275 τῷ
1666 2206 1786 2257 κατὰ
1827 2206 1913 2271 τὴν
1933 2229 1981 2268 25

326 2296 501 2356 κλῆσιν
548 2291 601 2343 τὸ
656 2291 981 2357 πρεσβύτερον
1033 2291 1225 2359 ἔχουσά
1279 2289 1648 2356 προεισκέκλητο
1696 2287 1789 2355 γὰρ
1838 2287 1915 2339 διὰ

329 2373 575 2427 Μωυσέως
616 2375 691 2424 καὶ
722 2377 996 2441 προφητῶν.
1065 2370 1221 2436 ἐπειδὴ
1253 2371 1301 2422 δὲ
1336 2371 1684 2437 προσκέκρουκε
1710 2374 1777 2440 τῷ
1803 2369 1911 2421 Σώ-

374 2587 406 2621 3.
432 2577 518 2620 πρὸς
540 2575 647 2623 τούτῳ
666 2576 751 2611 D.b.
778 2577 863 2622 πρὸς
887 2578 987 2611 τοῦτο
1012 2576 1053 2611 C.
1079 2576 1164 2620 πρὸς
1188 2574 1319 2610 τούτοις
1345 2574 1438 2608 Edd.
1503 2575 1610 2618 πρᾶος
1635 2572 1764 2606 habent
1784 2571 1914 2607 C.D.b.

326 2623 500 2667 εἰσφέρων
517 2623 551 2657 b.
1033 2623 1066 2657 6.
1096 2623 1193 2657 Haec
1211 2621 1270 2656 κᾶν
1287 2620 1552 2665 εἴτις-Πατέρα
1569 2624 1792 2654 accesserunt
1809 2630 1852 2652 ex
1872 2618 1914 2653 C.

591 2677 614 2694 τι

329 2701 389 2736 κᾶν
407 2701 487 2737 ε’ίτις
509 2702 598 2745 ἁμαρ
615 2702 800 2746 παραβαίη,
819 2702 919 2738 αὐτὸς
943 2703 1028 2746 πρὸς
1052 2702 1110 2736 τὸν
1128 2703 1215 2736 Θεὸν
1240 2701 1293 2735 καὶ
1319 2700 1456 2745 Πατέρα
1473 2699 1534 2733 ἀνα
1551 2699 1610 2741 τὴν
1627 2699 1749 2741 κλῆσιν
1767 2698 1847 2740 (Sic)
1868 2698 1914 2732 D.

329 2749 362 2782 8.
387 2748 561 2782 ἀποκτένει
584 2748 721 2782 B.C.D.
740 2749 925 2783 ἀποκτείνει
946 2748 1038 2783 Edd.
1422 2757 1474 2780 10.
1501 2745 1665 2788 ζωοποιὸν
1684 2744 1725 2778 Β.
1745 2745 1916 2786 ζωοποιῶν

329 2794 388 2838 (=
406 2794 587 2839 ζωοποιὸν)
607 2795 647 2829 C.
667 2796 851 2837 ζωοποιοῦν
869 2795 961 2829 Edd.
1187 2805 1240 2836 14.
1266 2792 1371 2837 δεήσῃ
1391 2791 1433 2827 C.
1649 2791 1702 2824 18.
1729 2789 1915 2824 ἐπανεπαύ·

329 2855 416 2874 σατο
435 2841 469 2876 b.
488 2841 572 2875 Nik.
591 2843 627 2875 in
647 2841 684 2875 S.
704 2841 832 2875 Matth.
854 2841 945 2876 Edd.
965 2840 1191 2875 ε’πανεπαύετο
1211 2840 1251 2874 C.
1504 2848 1558 2881 19.
1586 2837 1638 2870 καὶ
1658 2836 1737 2870 C.b.
1756 2838 1802 2882 τῷ
1823 2836 1914 2870 Edd.

331 2898 386 2920 20.
413 2886 451 2929 ἧν
468 2888 534 2931 γὰρ
552 2886 605 2921 οἶά
623 2903 674 2923 τις
692 2887 771 2922 C-b.
790 2886 844 2922 οἷα
861 2889 927 2931 γάρ
944 2903 994 2922 τις
1012 2886 1051 2930 ἧν
1070 2887 1161 2921 Edd.
1515 2894 1570 2917 21.
1596 2883 1860 2928 ἔπαιδαγωγεῖτο
1878 2883 1913 2917 b.

332 2942 387 2976 25.
413 2947 451 2976 γε
471 2933 555 2967 Nik.
575 2935 597 2968 1.
612 2946 641 2968 c.
663 2933 753 2968 Edd.
773 2935 839 2979 γὰρ
859 2934 899 2969 C.
919 2934 1096 2969 Neutrum
1115 2933 1219 2968 habet
1237 2932 1272 2967 b.
1418 2940 1473 2975 27.
1500 2928 1570 2974 καὶ]
1599 2934 1631 2970 -f-
1650 2933 1716 2964 τών
1734 2929 1768 2964 b.
