2053 3382
326 165 412 206 600
724 166 773 206 B.
818 164 1097 206 CYRILLI
1139 162 1519 204 ALEXANDR.
1721 163 1780 203 iii.
1806 175 1844 212 2,
1868 175 1906 216 3.

98 254 249 287 S.Mare.
326 281 352 303 66
395 276 405 290 ‚
448 274 459 289 x
563 276 582 297 ς,
658 275 667 290 ‚
761 278 770 291 ,
809 276 822 292 x
862 277 872 289 0
968 273 981 288 x
1048 274 1068 291 a
1203 273 1214 288 t
1401 272 1411 287 t
1545 270 1558 285 x
1622 274 1632 287 ο
1690 270 1702 284 t
1857 274 1875 283 ν-

98 298 118 328 i.
139 306 165 336 7-
185 298 226 331 cf.
378 298 495 340 ανηρ
531 298 584 325 ου
618 297 700 325 ουκ
735 297 824 336 ειμι
860 296 1014 327 ικανος
1051 296 1124 324 ινα
1159 277 1316 342 κυψας
1350 281 1488 324 λυσω
1513 294 1595 322 τον
1621 293 1789 334 ιμαντα
1814 293 1909 320 των

97 351 202 425 ἓξὲξ,
326 364 352 385 “
379 354 689 420 ὑποδημάτων
740 357 895 406 αὐτοῦ·
949 354 1087 409 αὐτὸς
1139 357 1256 417 ὑμᾶς
1303 354 1529 416 βαπτίσει
1578 354 1626 403 ἐν
1671 351 1909 414 Πνεύματι

96 428 259 503 {iMffssh
324 445 351 467 ‘⁶
377 439 525 506 Ἀγίῳ
551 439 624 487 καὶ
651 437 801 502 πυρί.”
861 436 1132 500 μεμνήμεθα
1167 436 1214 487 δὲ
1250 439 1325 486 καὶ
1360 437 1501 486 αὐτοῦ
1536 433 1756 500 λε’γοντος
1781 437 1902 498 Χρι-

97 523 231 607 {fi-11³&-
322 524 442 569 στοῦ
469 527 496 548 “
518 522 623 585 Πῦρ
659 517 809 582 ἦλθον
840 522 1008 577 βαλεῖν
1043 519 1115 568 ἐπὶ
1151 517 1236 581 τὴν
1262 520 1365 582 γῆν,
1393 519 1466 567 καὶ
1502 517 1550 567 τί
1581 513 1719 577 θέλω,
1746 518 1784 565 εὶ
1818 514 1907 578 ἤδη

322 684 531 731 Λευιτῶν
570 682 875 748 ἀκαθαρσίας,
914 681 1064 731 ε’ίτουν
1105 682 1296 741 ἀδικίας,
1336 681 1389 731 οὐ
1433 680 1625 746 μετρίαν
1668 681 1907 729 ἐποιοῦντο

320 762 405 826 τὴν
443 763 698 827 καταβοὴν,
726 768 914 818 μᾶλλον
949 762 996 813 δὲ
1038 764 1093 813 δι’
1132 763 1329 816 ἐκείνους
1363 762 1734 827 παροτρύνοντες
1769 758 1903 810 διετί-

321 851 438 895 λουν
478 844 561 895 τὸν
599 850 693 896 τῶν
732 845 860 896 ὅλων
897 845 1036 908 Θεὸν,
1074 845 1370 912 παλίμφημά
1414 867 1462 895 τε
1508 841 1763 895 λαλοῦντές
1803 864 1907 892 τινα

97 928 252 1011 ῗξξπῆῑὶ·
320 929 396 977 καὶ
447 929 810 990 ἀποτολμῶντες
866 926 1020 992 λέγειν
1070 935 1096 956 “
1126 930 1228 980 Πᾶς
1286 930 1434 977 ποιῶν
1485 923 1705 990 πονηρὸν,
1757 923 1906 974 καλὸν

321 1015 348 1038 “
373 1009 569 1059 ἐνώπιον
611 1010 772 1071 αὑτοῦ,
821 1011 896 1059 καὶ
939 1010 986 1059 ἐν
1030 1009 1185 1062 αὐτοῖς
1230 1008 1368 1061 αὐτὸς
1410 1006 1655 1071 ηὐδόκησε,
1696 1008 1771 1056 καὶ
1813 1011 1905 1057 ποῦ

319 1097 347 1118 “
371 1091 502 1141 ἐστιν
542 1092 566 1141 ὁ
608 1091 730 1144 Θεὸς
769 1093 851 1154 τῆς
890 1091 1186 1154 δικαιοσύνης
1212 1091 1255 1152 ;”
1299 1088 1605 1155 προαγορεύει
1643 1089 1903 1155 χρησίμως,

319 1171 389 1222 ὅτι
445 1172 564 1222 κατὰ
628 1172 812 1238 καιροὺς
867 1173 1130 1240 ἐπιλάμψει
1189 1171 1416 1238 Χριστὸς,
1475 1173 1499 1221 ὁ
1552 1176 1716 1222 πᾶσαν
1774 1171 1905 1234 ἡμῶν

99 1270 183 1305 853
201 1269 251 1303 A.
278 1253 405 1317 ιιτὴν
448 1255 681 1320 ἁμαρτίαν
721 1256 770 1304 ἐκ
821 1255 970 1318 με’σου
1019 1256 1171 1316 τιθεὶς,
1216 1257 1290 1304 καὶ
1341 1253 1608 1317 πανάγνους
1660 1255 1905 1303 ἀποτελῶν

317 1335 424 1389 τοὺς
464 1338 604 1390 ἰδίους
642 1336 922 1402 ἱερουργοὺς,
963 1339 1037 1387 καὶ
1078 1335 1175 1387 οἷον
1213 1335 1380 1405 χρυσὸν
1419 1334 1448 1399 ὴ
1489 1334 1678 1404 ἄργυρον
1715 1337 1762 1385 ἐν
1793 1335 1904 1400 πυρὶ

318 1416 576 1483 δοκιμάζων
630 1417 811 1480 αὐτοὺς,
863 1417 965 1481 ἤτοι
1026 1419 1241 1481 δοκίμους
1292 1419 1540 1468 ἀποτελῶν
1591 1419 1666 1467 καὶ
1723 1423 1902 1479 λελαμ-

317 1500 628 1565 πρυσμένους.

393 1585 436 1631 Τ
440 1587 608 1631 οιοῦτοι
635 1579 728 1646 γὰρ
755 1582 817 1634 ὡς
844 1581 1015 1631 ἐπίπαν
1038 1583 1120 1643 τῆς
1145 1579 1437 1643 Ἐκκλησίας
1465 1582 1505 1629 οἱ
1533 1581 1809 1645 λειτουργοὶ,
1837 1578 1904 1632 οἷς

319 1660 377 1712 ἂν
413 1662 647 1728 ἁρμόσειε,
681 1664 755 1712 καὶ
794 1662 926 1726 μάλα
965 1662 1163 1723 εἰκότως,
1192 1664 1332 1711 ἐκεῖνο
1369 1665 1510 1711 εἰπεῖν
1544 1659 1598 1711 τὸ
1634 1660 1708 1710 διὰ
1745 1664 1905 1729 φωνῆς

95 1746 150 1820 ξιξ
170 1745 235 1776 lxv.
318 1749 401 1794 τοῦ
427 1746 601 1794 Δαυείδ
629 1752 655 1773 “
674 1745 790 1794 ‘'Ort
825 1745 1108 1805 ἐδοκίμασας
1146 1743 1262 1806 ἡμᾶς
1299 1744 1322 1792 ὁ
1351 1741 1483 1803 Θεὸς,
1513 1742 1759 1807 ε’πύρωσας
1785 1743 1904 1806 ἡμᾶς

321 1832 347 1854 “
373 1827 434 1878 ὡς
477 1831 705 1891 πυροῦται
750 1825 803 1876 τὸ
848 1825 1117 1891 ἀργύριον.”
1190 1823 1384 1891 φόρημα
1435 1824 1518 1884 μὲν
1565 1823 1659 1889 γὰρ
1708 1829 1803 1877 τοῖς
1851 1825 1907 1892 ἐξ

94 1906 257 1989 {gfff
319 1907 507 1972 Ἀαρὼν
555 1908 583 1971 ἡ
629 1906 747 1958 κατὰ
793 1907 935 1970 νόμον
979 1905 1151 1970 στολή·
1209 1911 1302 1959 τοῖς
1347 1905 1495 1970 γεμὴν
1537 1905 1814 1959 ἀπολέκτοις
1857 1907 1904 1956 ἐν

273 2003 299 2043 b
320 1991 520 2057 Χριστῷ
558 1991 633 2039 καὶ
671 1989 969 2054 τεταγμένοις
1006 1992 1068 2041 εἰς
1104 1989 1366 2053 ἱερουργίαν
1398 1988 1575 2055 ἅμφιον
1609 1987 1743 2037 ε”σται
1781 1994 1905 2050 λαμ-

317 2070 453 2136 πρὸν,
487 2071 755 2137 ἱεροπρεπές
789 2093 838 2120 τε
876 2073 949 2120 καὶ
985 2068 1118 2135 ἅγιον
1154 2069 1292 2122 αὐτὸς
1331 2070 1355 2119 ὁ
1390 2068 1615 2134 Χριστός.
1667 2068 1905 2135 τοιγάρτοι

320 2155 394 2202 καὶ
437 2152 618 2220 ε”φασκε
666 2151 740 2203 διὰ
794 2154 877 2215 τῆς
927 2157 1009 2201 τοῦ
1058 2150 1337 2218 ψάλλοντος
1388 2151 1535 2216 λύρας
1586 2152 1611 2200 ὁ
1663 2150 1783 2204 Θεὸς
1828 2153 1903 2201 καὶ

96 2237 194 2310 {gxi
323 2233 491 2299 Πατὴρ
532 2237 637 2299 περὶ
679 2237 760 2297 τῆς
803 2234 859 2301 ἐξ
898 2235 1043 2284 ἐθνῶν
1082 2232 1336 2296 ἐκκλησίας
1376 2241 1402 2262 ‘⁶
1422 2233 1546 2286 Τοὺς
1591 2236 1719 2297 ἱερεῖς
1763 2233 1902 2296 αὐτῆς

100 2323 150 2355 ¹6·
321 2324 348 2345 ‘⁶
374 2316 555 2366 ἐνδύσω
594 2316 835 2382 σωτηρίαν
875 2316 950 2365 καὶ
990 2318 1030 2365 οἱ
1071 2314 1194 2365 ὅσιοι
1236 2315 1378 2376 αὐτῆς
1424 2312 1712 2379 ἀγαλλιάσει
1751 2316 1903 2378 ἀγαλ-

321 2405 348 2426 “
377 2397 666 2449 λιάσονται.”
733 2398 945 2462 σωτηρία
991 2396 1084 2461 γὰρ
1128 2395 1266 2450 αὐτὸς
1315 2398 1340 2447 ὁ
1385 2396 1599 2461 Χριστὸς
1641 2401 1736 2447 τῶν
1777 2396 1903 2447 ἰδίων

322 2483 573 2545 ἱερουργῶν
611 2480 789 2547 ἄμφιον
828 2481 882 2529 τὸ
925 2477 1233 2546 ἀξιάγαστον,
1275 2482 1464 2540 μᾶλλον
1505 2476 1553 2528 δὲ
1595 2480 1669 2528 καὶ
1712 2477 1903 2528 πάντων

281 622 303 649 e
324 607 350 628 ‘⁶
376 598 565 668 ἀνήφθη
587 601 628 660 ;”
673 602 852 661 οὐκοῦν,
878 601 1066 666 ἐπείπερ
1092 603 1133 650 οἱ
1159 599 1214 668 ἐξ
1243 599 1437 662 αἵματος
1463 597 1662 663 Ἰσραὴλ
1697 599 1779 660 τῆς
1813 600 1907 646 τῶν
1926 608 1948 645 5

1930 1029 1976 1053 10

1925 1847 1974 1872 20

1923 2255 1972 2294 25

99 2568 172 2599 Gal.
190 2568 234 2600 iii.
322 2566 415 2611 τῶν
440 2562 817 2613 πεπιστευκότων
837 2560 1026 2610 ιίίγΟσοι
1055 2559 1162 2626 γὰρ,
1189 2562 1354 2628 φησὶν,
1381 2563 1443 2613 εἱς
1470 2558 1683 2626 Χριστὸν
1710 2560 1925 2619 ἐβαπτί-.

101 2617 152 2651 27⁶
324 2651 348 2672 ‘⁶
374 2647 535 2707 σθητε,
564 2641 778 2709 Χριστὸν
804 2641 1135 2693 ἐνεδύσασθε.”

368 2825 401 2858 3.
426 2813 603 2859 λέγοντος]
628 2817 663 2855 4
685 2815 745 2847 τοῦ
764 2812 856 2847 Edd.
1007 2826 1040 2855 4.
1065 2814 1211 2853 βάλλειν
1228 2811 1286 2846 iid.
1351 2811 1474 2855 ἤθελον
1494 2810 1534 2844 Β.
1685 2818 1717 2851 5.
1745 2808 1898 2855 αἵματος]

327 2864 361 2898 -Ι-
384 2862 443 2893 τοῦ
461 2861 498 2903 ἐξ
516 2860 575 2893 iid.
672 2860 705 2895 6.
732 2859 857 2904 εἵτουν]
879 2862 982 2904 ἤγουν
1000 2859 1059 2894 iid.
1172 2869 1203 2903 7.
1232 2858 1423 2902 καταβολὴν
1440 2856 1498 2892 iid.
1615 2866 1667 2899 13.
1693 2855 1752 2899 τὴν
1769 2868 1839 2891 om.
1859 2856 1900 2892 B.

323 2916 377 2939 22.
405 2907 479 2940 ἐστι
498 2906 589 2942 Edd.
789 2906 845 2940 26.
870 2907 982 2941 αὐτοῖς
1001 2905 1059 2941 iid.
1077 2911 1156 2940 ante
1175 2904 1310 2950 Migne.
1511 2912 1565 2947 27.
1593 2901 1701 2948 ἰδίων]
1722 2902 1824 2948 ἁγίων
1841 2902 1900 2938 iid.

323 2953 377 2984 28.
405 2951 460 2996 τὸ]
481 2955 539 2987 n?
607 2951 756 2997 πάντων]
777 2953 906 2997 πρέπον
924 2952 981 2987 iid.

1923 2665 1972 2701 30
