1997 3361
58 155 97 196 ii.
126 170 213 208 1‚2.
446 160 517 200 le
566 159 980 199 SOl'llONlAM.
1040 157 1189 197 TUM.
1225 157 1258 197 l.
1552 152 1626 192 191

55 270 131 318 καὶ
164 267 380 333 θορύβων
413 269 597 336 ἔφοδον.
664 269 906 320 πάνδεινον
937 269 1016 318 οῦν
1048 267 1138 333 ἄρα
1175 266 1229 317 τὸ
1268 263 1547 330 ἁμαρτάνειν
1572 265 1633 314 εἷς

55 349 303 418 ἀδελφούς·
363 355 399 400 εὶ
446 351 492 401 δὲ
536 350 592 415 δὴ
634 355 708 401 καὶ
754 356 815 404 εὶς
857 357 995 401 τοῦτο
1035 350 1332 418 φαυλότητος
1376 344 1530 412 προίοι
1575 342 1634 393 τὰ

55 433 456 496 πλημμεληθέντα
489 435 626 495 τισὶν,
663 435 724 486 ὡς
763 436 837 483 καὶ
877 432 1020 496 αὐτὴν
1062 431 1147 496 τὴν
1186 429 1450 497 ἀπόρρητον
1489 448 1631 477 κατα-

58 517 270 577 λυπῆσαι
297 514 459 583 φύσιν,
487 516 631 569 οὐδεὶς
658 516 911 583 ἀνατρέψει
937 513 1109 580 τρόπος
1133 513 1192 564 τὰ
1217 513 1272 581 ἐξ
1296 514 1453 578 ὀργῆς.

17 610 40 648 5
123 593 333 662 ”Αραρεν
367 598 447 647 οὖν
486 597 555 648 ὅτι
590 596 886 663 κατοιμώζειν
927 597 1060 665 ἄξιον
1098 595 1204 648 τοῦς
1244 597 1475 655 θεομισεῖς
1506 594 1630 656 αἱρε-
1653 610 1675 635 0

60 677 227 740 τικοῦς,
266 678 572 744 ἐπιθήγοντας
613 679 698 743 τὴν
743 684 962 744 γλῶτταν
1002 683 1067 746 τῷ
1108 681 1209 746 Υὶῴ
1253 682 1335 727 τοῦ
1375 679 1519 736 Θεοῦ,
1562 674 1636 723 καὶ

61 759 254 811 κτιστὸν
292 758 403 811 εἶναι
443 761 682 826 λέγοντας,
718 762 792 811 καὶ
827 760 920 824 μὴν
960 763 1033 810 καὶ
1072 762 1119 810 ἐν
1157 759 1337 822 μείοσιν
1371 756 1399 821 ἦ
1433 758 1481 807 ἐν
1513 755 1579 810 οἷς
1613 756 1638 805 ὁ

64 842 248 910 Πατήρ,
313 843 507 894 εἴδωλον
540 842 587 893 δὲ
626 843 789 909 ὥσπερ
825 840 1184 893 ἀναπλάττουσι
1223 843 1297 891 καὶ
1336 841 1477 902 αὐτοὶ,
1520 838 1640 888 κατά

62 947 116 990 γε
143 924 195 975 τό
221 930 395 992 σφισιν
429 926 582 979 αὐτοῖς
617 926 666 976 εὖ
705 925 823 992 ἔχειν
862 928 1044 986 δοκοῦν,
1071 926 1146 974 καὶ
1184 928 1322 974 τοῦτο
1359 923 1641 987 προσκυνεῖν

0 1010 44 1056 [ὀ
63 1005 376 1058 ἐπιτάττουσι.
420 1010 456 1058 εἰ
495 1007 587 1073 γὰρ
627 1006 917 1058 ἐκπέπτωκεν
948 1006 1071 1060 ὅλως
1102 1011 1183 1056 τοῦ
1222 1003 1334 1054 εἶναι
1367 1002 1485 1056 Θεὸς
1524 1000 1643 1052 κατὰ

63 1089 211 1157 φύσιν
252 1090 276 1139 ὁ
316 1088 442 1151 Υἱὸς,
486 1091 559 1139 καὶ
602 1089 704 1139 ε”στι
744 1087 951 1154 γενητὸς,
985 1091 1315 1153 προσκυνεῖται
1353 1085 1400 1136 δὲ
1438 1083 1555 1150 πρός
1594 1106 1643 1133 τε

63 1172 194 1236 ἡμῶν
221 1172 372 1221 αὐτῶν
406 1173 480 1221 καὶ
519 1176 612 1221 τῶν
651 1171 797 1236 ἁγίων
836 1169 1069 1234 ἀγγέλων,
1097 1173 1196 1222 πῶς
1235 1169 1317 1218 οὐκ
1352 1169 1557 1233 ἐναργῶς
1587 1170 1684 1233 τῂει
1713 1183 1797 1217 593
1814 1179 1865 1216 Α.

65 1254 213 1304 κτίσει
239 1253 537 1319 λατρεύομεν,
555 1251 764 1318 καθάπερ
784 1250 1037 1315 Ἑλλήνων
1053 1253 1212 1304 παῖδες
1239 1253 1300 1303 εἰς
1324 1249 1459 1313 ἡλίου
1485 1248 1645 1309 τύπον,

65 1335 210 1401 ἤγουν
237 1335 392 1401 ἑτέρου
418 1334 540 1389 τινὸς
565 1340 658 1386 τῶν
685 1334 970 1398 κτισμάτων,
997 1333 1051 1384 τὸ
1085 1333 1141 1402 ἐξ
1172 1333 1328 1386 ἀνοίας
1355 1334 1430 1382 καὶ
1454 1329 1647 1395 ματαιό-

2 1434 48 1473 15
67 1440 203 1482 τητος
229 1422 477 1483 λογισμῶν
503 1417 695 1469 εἴδωλον
719 1414 1112 1477 ἀναπλάσαντες;

68 1654 312 1710 ΣυνάχθΗτε
361 1656 428 1696 καὶ
478 1655 717 1705 συνὸέθΗτε,
766 1655 814 1696 τὸ
857 1654 980 1695 ε’θνοε
1028 1654 1075 1695 τὸ
1124 1652 1395 1703 ἀπαίδευτον,
1439 1652 1521 1708 Πρὸ
1570 1654 1643 1692 τοῦ
1666 1621 1766 1671 Κεφ
1788 1616 1841 1669 β

136 1739 327 1785 Γενέσθαι
369 1739 477 1787 ὑμᾶς
520 1738 580 1778 ὡς
628 1737 756 1779 ἄνθος
800 1737 1210 1794 ΠαραΠορευόμενον
1254 1737 1404 1793 ἡμέρᾳ,
1447 1735 1529 1791 Πρὸ
1569 1750 1642 1776 του
1664 1740 1689 1781 b

133 1819 328 1863 ἐπελθεῖν
366 1821 428 1877 ἐφ’
462 1822 568 1869 ὑμᾶς
606 1821 736 1877 ὀρΓέιν
773 1820 935 1877 Κυρίου,
975 1820 1058 1877 Πρὸ
1094 1823 1167 1861 τοῦ
1207 1816 1402 1861 ὲΠελθεῖν
1440 1818 1504 1874 ἐφ’
1537 1819 1644 1866 ὑμᾶς

135 1905 297 1961 ἡμέραν
330 1908 459 1954 θυμοῦ
495 1904 658 1960 Κυρίου.

3 2061 51 2086 20
143 2040 439 2109 Παραδείξας
470 2040 519 2090 εὖ
550 2039 682 2102 μάλα
716 2045 799 2091 τοῦ
832 2040 1044 2104 πολέμου
1075 2040 1160 2104 τὴν
1185 2039 1438 2106 ἀγριότητα
1465 2038 1645 2100 καὶτῆς

69 2122 291 2187 ἐσομένης
325 2127 576 2222 συμφορᾶς
610 2122 664 2173 τὸ
699 2123 907 2188 μέγεθος,
933 2123 1187 2187 μεθίστησι
1210 2120 1358 2173 πάλιν
1384 2122 1457 2171 ἐπὶ
1484 2123 1645 2184 καιροῦ

69 2203 151 2255 τὸν
177 2204 323 2270 λόγον
348 2207 421 2256 ἐπὶ
456 2204 508 2255 τὸ
547 2207 712 2271 χρῆναι
751 2209 910 2255 καλεῖν
947 2209 1008 2258 εἰς
1045 2203 1355 2270 μετάγνωσιν,
1380 2201 1455 2253 ὅτε
1487 2224 1561 2251 και
1587 2198 1646 2263 ἦν

71 2286 336 2338 ἀναπεισειν
374 2285 588 2347 εὐκόλως,
622 2285 739 2339 εἰκὸς
779 2285 929 2349 δήπου
962 2285 1332 2354 πεφοβημενους.
1401 2285 1646 2346 ἀπεσκλη-

71 2369 205 2422 κότος
229 2368 313 2432 μὲν
335 2367 429 2435 γὰρ
455 2368 560 2420 ἔσθ’
589 2367 664 2419 ὅτε
690 2372 772 2419 τοῦ
804 2373 884 2418 νοῦ
915 2370 991 2418 καὶ
1020 2367 1145 2418 πολὺ
1171 2367 1280 2417 λίαν
1307 2363 1645 2418 διανενευκότος

7 2467 54 2505 25
72 2453 132 2504 εἰς
158 2449 216 2501 τὰ
241 2451 411 2518 αἰσχίω
445 2453 520 2502 καὶ
553 2450 901 2516 βδελυρώτατα,
927 2450 1008 2500 οὐκ
1041 2448 1243 2502 εὐκόλως
1276 2447 1564 2513 προσιέμεθα
1589 2445 1643 2497 τὸ
1662 2472 1684 2498 0

72 2529 159 2582 κᾶν
195 2538 310 2598 γοῦν
347 2533 540 2584 ἑλέσθαι
576 2536 827 2596 μετανοεῖν,
853 2535 1058 2581 συνωθεῖ
1085 2530 1132 2581 δὲ
1163 2528 1396 2582 πολλάκις
1420 2532 1482 2582 εἰς
1507 2533 1645 2579 τοῦτο

73 2615 147 2664 καὶ
184 2615 270 2682 οὐχ
307 2614 494 2669 ἑκόντας
531 2613 585 2666 τὸ
619 2616 767 2678 δεῖμα.
836 2617 972 2663 καλεῖ
1000 2613 1153 2663 τοίνυν
1187 2616 1248 2664 εἷς
1284 2609 1538 2674 οἰκειότητα
1561 2609 1646 2674 τὴν

121 2786 153 2820 3.
177 2777 328 2819 λυπῆσαι
347 2776 388 2811 Β.
531 2789 564 2820 4.
586 2778 711 2821 τρόπος
731 2775 772 2809 Β.
790 2776 894 2819 λόγος
912 2773 1004 2808 Edd.
1147 2783 1181 2818 5.
1200 2771 1349 2818 ’Άραρεν
1367 2770 1425 2806 οῦν
1442 2770 1494 2805 ὅτι
1513 2770 1556 2804 Β.
1574 2776 1647 2815 Αρα

76 2820 133 2855 οὖν
150 2822 240 2856 Edd.
523 2832 554 2869 7.
584 2823 713 2857 Haec‘
698 2838 731 2856 εν
748 2821 797 2857 οἷς
814 2826 1034 2855 accesserunt
1052 2832 1092 2854 ex
1112 2820 1154 2854 B.
1462 2828 1514 2852 12.
1539 2818 1648 2852 αὐτῶν

77 2869 218 2902 accessit
235 2881 276 2903 ex
296 2869 338 2903 B.
530 2881 584 2913 14.
609 2870 721 2905 ἀνοιας
740 2869 782 2902 Β.
800 2867 1035 2911 ἀπανθρωπίας
1053 2866 1406 2909 Edd.17.
1432 2865 1498 2909 πρὸ
1515 2867 1575 2899 τοῦ
1593 2865 1647 2900 ἐπ’.

76 2913 131 2958 ἐφ’
149 2915 232 2958 ὑμᾶς
248 2915 352 2961 ὀργὴν
369 2917 493 2961 Κυρίου
511 2928 580 2952 om.
601 2916 642 2950 B.
663 2917 734 2961 (95,
757 2915 833 2954 106,
856 2915 931 2957 185,
952 2925 1031 2956 240,
1049 2925 1127 2957 311.
1133 2915 1144 2958 )
1506 2922 1561 2956 24.
1586 2912 1649 2955 μὲν

78 2967 296 3006 assumptum
313 2975 354 2996 ex
374 2963 416 2997 B.
653 2973 707 3005 25.
732 2962 970 3007 βδελυρώτερα
987 2960 1079 2995 Edd.
