2049 3366
110 204 264 230 xsnAEL.

164 315 227 352 bat
243 317 318 351 418
341 328 361 351 a
381 328 388 358 ;
413 328 434 351 a
450 315 631 352 daemone
648 320 685 350 et
708 313 869 349 Pseudo-

164 380 356 427 prophetis
385 380 563 416 seductus
595 382 669 416 418
702 379 750 424 b;
785 378 869 414 idco

163 445 317 492 punitus
351 444 450 492 quod
490 444 747 481 seductoribus
785 456 867 478 aus-

164 508 322 544 cultaret
353 511 429 544 418
463 509 510 554 d3
546 514 698 557 propter
731 513 867 555 patres,

164 573 455 610 misericordiam
478 574 635 622 adeptus
658 575 734 609 429
756 572 802 614 d;
833 578 870 608 et

164 651 320 675 numero
351 645 388 675 et
425 639 624 675 virtutibus
658 639 699 674 fit
734 650 870 685 magna

164 703 268 738 natio
299 704 376 740 429
408 716 450 745 c;
490 709 575 751 post
607 702 867 740 contritionem

165 768 402 815 accipiendus
433 770 509 804 429
545 780 594 813 e3
633 769 709 803 430
740 767 792 811 b3
832 765 868 801 in

166 833 376 880 squalorem
399 832 543 880 tugurii
563 831 746 880 pastoritii
766 830 869 878 prius

165 897 392 945 redigendus
423 900 499 934 430
521 909 552 938 c,
583 897 672 932 item
702 896 739 931 in
767 900 868 930 tene-

165 963 252 999 bras
291 963 502 1011 spirituales
541 966 618 1000 430
653 962 697 1007 d;
746 961 868 997 Deum

166 1033 388 1075 regnantem
434 1027 611 1074 abjiciens
651 1027 724 1062 431
761 1037 793 1066 c,
833 1030 870 1060 et

165 1103 292 1139 regem
345 1091 492 1127 Saulem
543 1091 611 1126 sibi
663 1101 869 1137 exposcens

167 1158 240 1193 431
292 1156 315 1192 d
333 1169 345 1202 3
401 1168 520 1204 regno
578 1154 869 1203 Babyloniorum

166 1220 364 1268 subjicitur
389 1223 464 1257 432
485 1220 531 1265 b;
561 1219 623 1255 i.e.
649 1218 868 1263 confusioni,

166 1291 203 1321 et
218 1286 314 1334 jugo
335 1285 496 1322 Satanae
518 1287 593 1321 432
615 1296 655 1329 c;
686 1289 869 1331 regnante

166 1349 329 1386 Ezechia
360 1355 540 1394 servatus,
572 1348 755 1385 Jeehonia
785 1347 870 1384 sub-

160 1414 287 1462 jectus
317 1417 393 1451 433
424 1413 471 1459 d3
503 1413 549 1449 ab
578 1413 658 1461 ipso
688 1413 772 1449 Deo
799 1412 870 1460 pri-

164 1491 268 1514 mum
288 1478 490 1525 regebatur
516 1479 593 1513 434
611 1489 654 1522 e;
684 1489 802 1525 usque
823 1477 870 1512 ad

166 1541 356 1579 Christum
370 1542 408 1577 in
423 1553 487 1589 spe
499 1540 728 1589 parturiebat
742 1543 818 1577 436
833 1553 867 1587 e;

165 1606 305 1642 excidit
357 1618 433 1653 spe,
484 1605 637 1642 Christo
685 1605 869 1642 obsistens

165 1672 242 1707 437
290 1670 335 1715 b;
384 1669 431 1706 ad
478 1676 689 1706 extremum
735 1669 870 1706 redibit

168 1738 243 1772 437
265 1747 306 1781 c;
336 1735 506 1783 ingratus
529 1736 698 1783 arguitur
722 1737 798 1771 446
826 1747 868 1779 a;

165 1800 256 1836 item
304 1801 404 1847 quod
449 1800 643 1836 historiam
691 1800 870 1847 aruspicis

166 1864 319 1900 Balaam
334 1877 412 1900 non
432 1864 556 1900 animo
575 1863 771 1900 retinuerit
793 1867 868 1901 447

166 1929 244 1974 bc;
271 1929 335 1964 sed
351 1934 481 1964 contra
497 1928 604 1964 idolis
625 1941 706 1964 sese
727 1929 871 1965 dederit

168 1996 244 2030 447
273 1994 319 2038 d;
351 2000 388 2029 et
411 1993 592 2033 tributim,
624 1998 661 2028 et
684 1993 868 2033 universe,

165 2061 309 2097 fraudis
338 2065 375 2095 et
404 2059 610 2107 iniquitatis
639 2057 871 2094 convincitur

169 2127 246 2161 450
285 2124 332 2170 b;
380 2126 453 2160 451
491 2135 583 2168 ac;
625 2128 661 2158 et
698 2122 796 2157 fame
834 2128 871 2158 et

167 2189 294 2238 gladio
333 2189 536 2224 devovetur
575 2189 651 2223 452
686 2199 731 2232 a3
773 2186 871 2222 bello

168 2253 268 2290 civili
293 2253 445 2300 punitur
475 2253 550 2288 452
581 2251 626 2296 b;
664 2250 742 2298 ipse
768 2250 871 2286 exitii

168 2318 225 2354 sui
245 2324 376 2354 auctor
397 2319 473 2353 452
494 2329 539 2361 e;
569 2316 698 2363 rapina
724 2321 761 2351 et
787 2327 869 2350 san·

169 2383 293 2431 guine,
322 2382 471 2430 Regem
498 2381 627 2417 Achab
657 2380 872 2416 imitabatur

170 2449 248 2484 453
273 2459 314 2492 a;
344 2446 443 2482 fame
469 2446 635 2493 punitus,
661 2445 872 2481 Haereticis

168 2517 409 2560 comparatur
431 2513 506 2547 453
528 2522 568 2556 c;
598 2516 751 2558 propter
778 2523 870 2558 pau-

168 2575 332 2620 citatem,
354 2575 463 2623 spicis
483 2581 569 2623 post
589 2587 749 2610 messem
769 2587 873 2622 prae—

169 2639 350 2677 termissis
371 2644 608 2687 comparatur
629 2641 704 2675 454
719 2651 760 2684 a;
783 2639 869 2675 item

169 2704 253 2741 uvis
282 2703 495 2749 latentibus,
529 2708 614 2751 post
646 2703 870 2739 vindemiam

169 2772 248 2806 454
269 2769 314 2814 b3
345 2768 541 2804 Michaeae
564 2773 733 2816 tempore
753 2780 871 2803 unum

168 2834 388 2882 religiosum
417 2846 494 2869 non
525 2833 688 2868 habebat
720 2836 795 2869 454
824 2833 871 2879 d;

169 2897 208 2934 in
227 2898 299 2935 hoc
325 2897 545 2947 gravissime
571 2897 750 2945 peccavit,
772 2898 872 2945 quod

170 2962 354 3010 sanguine
366 2962 540 3010 polluerit
549 2962 730 3010 judicium
746 2965 822 2998 454
837 2975 870 3005 e,

649 193 711 229 IN
728 193 763 228 D
780 192 809 227 E
823 191 855 227 X
918 192 948 226 1<
962 192 993 227 Ε
1012 192 1041 225 R
1057 189 1091 226 U
1110 190 1162 225 M.
1619 190 1693 221 1395

996 316 1071 349 455
1093 326 1124 353 a,
1152 319 1188 348 et
1216 310 1367 346 avaritia
1389 311 1465 345 455
1483 307 1526 351 b;
1559 320 1579 342 a
1601 306 1693 349 Deo,

992 383 1170 424 tanquam
1209 389 1230 412 a
1268 375 1379 419 tinea,
1414 371 1694 408 consumendus

995 444 1070 477 456
1089 442 1133 486 b;
1160 446 1196 476 et
1212 440 1300 486 sibi,
1315 446 1351 476 et
1373 438 1499 474 vicinis
1520 436 1695 485 gentibus

994 507 1123 547 fidens,
1147 506 1319 553 culpatur
1340 507 1415 541 459
1437 503 1460 539 d
1482 515 1525 545 c;
1553 503 1625 538 461
1646 501 1695 545 b;

994 583 1088 615 sem,
1120 577 1157 607 et
1195 583 1270 606 non
1305 569 1373 604 nisi
1406 574 1490 616 post
1523 579 1694 615 poenam,

994 635 1207 684 poenitebat
1247 637 1324 671 460
1360 647 1400 679 e;
1453 636 1524 669 461
1563 645 1607 677 c;
1659 632 1694 667 in

993 700 1212 736 servitutem
1248 699 1396 742 ductus,
1429 711 1503 734 non
1532 710 1596 747 per
1623 697 1694 732 vir-

992 770 1110 800 tutem
1131 764 1307 804 hostium,
1325 764 1388 799 scd
1411 769 1561 810 propter
1581 761 1698 797 idolo-

991 829 1137 864 latriam
1159 842 1264 864 suam
1291 830 1365 864 462
1395 828 1442 871 d;
1476 840 1570 874 quae
1591 833 1697 874 gesta

993 894 1080 930 olim
1124 894 1286 935 videbat,
1327 905 1455 928 corum
1497 904 1591 939 quae
1633 902 1698 939 per

993 959 1186 994 Christum
1204 964 1311 1006 gesta
1332 963 1432 1000 suut,
1450 957 1570 1004 figura
1591 961 1696 990 erant

994 1026 1069 1060 469
1107 1024 1152 1068 d;
1192 1035 1313 1063 verus,
1342 1022 1402 1070 qui
1439 1022 1513 1057 sint
1542 1023 1618 1057 473
1648 1020 1695 1063 b;

992 1089 1152 1124 traditur
1180 1087 1346 1136 Assyriis
1372 1087 1444 1123 levi
1464 1086 1617 1134 negotio
1638 1098 1696 1121 ca-

992 1153 1148 1202 piendus
1163 1155 1239 1189 487
1255 1166 1294 1194 c;
1319 1154 1394 1188 488
1410 1164 1446 1191 a;
1474 1150 1699 1186 sufficienter

992 1218 1157 1267 punitus,
1182 1217 1359 1254 liberatur
1380 1218 1455 1252 488
1479 1227 1522 1261 e;
1554 1220 1591 1251 et
1615 1221 1699 1264 post

992 1283 1187 1331 promissa,
1206 1283 1243 1318 in
1264 1282 1516 1330 captivitatem
1535 1280 1697 1328 Babylo-

992 1348 1063 1384 niis
1084 1347 1242 1383 traditus
1263 1353 1319 1383 est
1341 1348 1418 1383 490
1440 1346 1491 1392 d3
1525 1345 1693 1385 carnalis,

994 1418 1077 1462 post
1091 1412 1179 1460 Cyri
1196 1418 1378 1459 tempora,
1395 1410 1431 1446 in
1445 1410 1698 1458 captivitatem

992 1490 1066 1513 non
1085 1477 1173 1512 abiit
1188 1478 1262 1512 491
1279 1488 1300 1511 a
1312 1475 1353 1517 b;
1387 1474 1599 1522 spiritualis,
1614 1480 1699 1521 post

994 1542 1201 1583 Christum,
1223 1554 1299 1577 non
1325 1540 1486 1576 Satanae
1507 1539 1700 1586 subjicitur

994 1609 1067 1643 491
1089 1619 1108 1642 c
1127 1619 1138 1653 ζ,
1167 1618 1317 1646 nomen,
1340 1604 1428 1652 quid
1447 1604 1535 1640 velit
1553 1605 1629 1640 562
1652 1615 1698 1648 e3

995 1673 1068 1708 748
1091 1683 1140 1717 c3
1168 1671 1205 1706 in
1236 1670 1368 1706 Filium
1394 1669 1465 1704 Dei
1485 1668 1699 1713 bacchatus,

993 1735 1267 1772 exhaeredatur
1302 1736 1374 1770 571
1410 1746 1454 1779 e3
1490 1733 1698 1768 ineruditus

993 1806 1161 1840 vocatur,
1201 1805 1353 1846 propter
1392 1797 1518 1845 Legis,
1558 1797 1695 1832 Paeda-

994 1864 1084 1912 gogi
1101 1864 1169 1904 sui,
1183 1863 1398 1911 neglectum
1419 1864 1494 1898 593
1513 1861 1554 1907 d3
1577 1861 1697 1909 periit,

994 1929 1092 1977 quod
1131 1927 1352 1976 disciplinan
1382 1926 1588 1975 neglexerit
1619 1927 1703 1961 612

993 1994 1016 2030 b
1037 2006 1081 2039 c3
1113 1993 1225 2029 domo
1250 1992 1321 2028 Dei
1346 1992 1509 2032 foedato,
1532 2003 1617 2026 suas
1637 2002 1697 2025 or-

993 2058 1106 2094 nabat
1139 2060 1216 2094 630
1246 2070 1267 2093 a
1294 2057 1346 2102 d3
1387 2058 1462 2093 633
1492 2056 1537 2100 b;
1573 2055 1698 2091 aedifi-

994 2122 1102 2158 candi
1130 2122 1260 2169 templi
1289 2127 1437 2168 tempus
1461 2119 1696 2168 protrahens,

993 2187 1217 2223 commercio
1282 2185 1464 2222 incumbit
1527 2186 1604 2221 630
1653 2195 1697 2228 e;

996 2254 1072 2288 632
1095 2265 1142 2297 a3
1173 2253 1248 2287 633
1271 2263 1315 2296 a;
1345 2256 1499 2299 propter
1528 2248 1696 2296 impieta-

994 2322 1084 2360 tem,
1106 2316 1222 2351 multa
1252 2315 1452 2355 seminans,
1474 2326 1595 2364 pauca
1620 2326 1698 2348 me-

994 2382 1097 2417 tebat
1137 2383 1211 2417 631
1253 2392 1274 2415 a
1302 2380 1352 2421 b;
1405 2378 1444 2414 in
1489 2383 1700 2414 mercatura

995 2445 1186 2481 avaritiam
1223 2444 1423 2480 exhibebat
1463 2445 1536 2479 631
1579 2455 1623 2487 c;
1662 2448 1699 2478 et

996 2516 1139 2558 captus,
1161 2515 1198 2546 et
1223 2509 1397 2544 dimissus
1417 2520 1436 2543 e
1458 2507 1697 2555 Captivitate‚

995 2575 1114 2611 nostri
1144 2580 1257 2623 typus
1279 2575 1352 2610 631
1377 2585 1418 2617 e;
1449 2572 1496 2608 ad
1516 2571 1699 2619 templum

997 2639 1269 2676 aedificandum
1302 2638 1390 2686 ipsis
1420 2637 1490 2673 fuit
1523 2637 1700 2685 gentibus

995 2704 1150 2740 inertior
1183 2705 1258 2740 633
1292 2715 1314 2738 a
1342 2703 1386 2747 b3
1427 2701 1590 2742 rusticis,
1622 2713 1699 2736 non

997 2769 1066 2805 sibi
1130 2767 1397 2807 laborantibus,
1461 2771 1701 2813 comparatur

997 2835 1074 2870 634
1113 2845 1158 2878 a;
1207 2832 1360 2868 domum
1402 2831 1473 2867 Dei
1510 2830 1698 2873 deserens,

995 2898 1032 2933 in
1050 2910 1155 2933 suam
1175 2896 1367 2939 festinans,
1383 2908 1467 2931 rore
1484 2895 1608 2930 divino
1627 2894 1701 2942 pri-

997 2968 1104 2997 vatur
1148 2963 1224 2997 635
1262 2960 1286 2996 b
1320 2973 1364 3005 e;
1413 2972 1524 3008 quam
1561 2959 1700 3007 insigni
