2060 3387
152 171 262 225 xi.4,
285 183 323 227 5.
520 172 593 212 IN
635 172 1055 212 ZACIIARIAM.
1118 171 1268 210 TUM.
1308 170 1379 210 lv.
1658 169 1733 206 -151

149 281 475 346 ε’πιγανύμενοι
503 281 550 332 δὲ
577 287 672 335 τοῖς
700 287 794 332 τῶν
821 281 1082 346 λημμάτων
1110 279 1462 339 ἐκτοπωτάτοις,
1492 300 1565 327 και
1592 281 1737 345 ψιλο-

149 365 329 429 κερδιας
363 367 444 428 τῆς
480 366 626 417 οὕτως
657 368 860 431 αἰσχρᾶς
895 363 1164 427 ηττώμενοι·
1209 385 1327 412 κατα
1359 361 1442 412 τὸν
1474 359 1581 409 ἴσον
1613 356 1739 419 οἶμαι

148 443 324 510 τρόπον
365 469 439 496 και
485 449 525 496 οἱ
571 450 664 495 τῶν
705 449 971 496 Ιουδαικῶν
1017 444 1262 510 ἡγούμενοι
1309 442 1481 506 δήμων,
1527 445 1621 491 τῶν
1661 440 1734 490 ὑπ’

149 528 303 580 αὐτοῖς
337 527 564 591 ποιμνίων
599 527 899 596 ἠφειδηκότες
934 528 1092 577 ἁλοῖεν
1126 525 1196 588 ἂν,
1234 529 1307 576 καὶ
1345 523 1617 591 ἁδρύνοντες
1654 520 1739 585 μὲν

80 632 100 668 5
147 607 230 658 τὸν
274 609 450 659 ἑαυτῶν
501 615 725 671 πλοῦτον,
777 608 1134 673 κατευρύνοντες
1187 607 1233 658 δὲ
1288 605 1451 672 ὥσπερ
1503 603 1740 672 ἀπλήστῳ

148 692 265 757 χειρὶ
303 690 362 741 τὰ
399 689 649 751 βαλάντια.
715 693 790 741 καὶ
829 697 945 754 γοῦν
985 691 1194 758 ἔφασκεν
1235 691 1258 739 ὁ
1300 688 1468 753 Σωτὴρ
1507 688 1741 738 τοιούτους

148 771 286 826 ὄντας
344 773 554 839 ἐλέγχων
605 773 775 823 66Οὐαὶ
838 774 944 835 ὑμῖν
999 776 1288 838 γραμματεῖς
1352 773 1427 821 καὶ
1490 772 1742 834 Φαρισαῖοι

149 861 175 884 “
203 856 459 921 ὑποκριταὶ,
499 854 569 905 ὅτι
609 856 949 906 ἀποδεκατοῦτε
989 853 1042 905 τὸ
1082 855 1323 918 ἡδύοσμον
1362 854 1436 903 καὶ
1474 850 1528 902 τὸ
1568 851 1742 914 ἄνηθον

149 942 176 965 “
203 938 279 987 καὶ
324 936 378 987 τὸ
424 936 631 1000 κύμινον,
666 939 752 988 ’καὶ
798 937 1011 1004 ἀφήκατε
1056 935 1115 987 τὰ
1165 936 1401 1003 βαρύτερα
1448 939 1530 985 τοῦ
1584 932 1741 995 νόμου,

84 1044 129 1068 10
149 1024 176 1047 ‘⁴
201 1017 287 1082 τὴν
313 1018 468 1085 κρίσιν
495 1022 570 1069 καὶ
605 1019 659 1070 τὸ
699 1017 830 1072 ἕλεος
862 1021 937 1070 καὶ
972 1018 1056 1082 τὴν
1088 1019 1292 1070 πίστιν.”
1349 1021 1742 1084 ὶσχνολογοῦντες

147 1098 240 1165 γὰρ
275 1102 434 1162 οὕτως,
469 1103 530 1154 ὡς
565 1103 639 1151 καὶ
671 1101 805 1168 μέχρι
838 1105 932 1151 τῶν
963 1099 1313 1150 εὐτελεστάτων
1346 1103 1440 1151 τοῖς
1479 1097 1543 1160 μὴ
1580 1119 1737 1161 προσ-

149 1181 321 1246 άγουσι
362 1182 447 1236 τὰς
485 1182 604 1233 κατὰ
643 1181 787 1246 νόμον
821 1182 1013 1235 δεκάτας
1053 1184 1282 1244 ἐπιτιμᾶν,
1317 1185 1412 1231 τῶν
1449 1178 1737 1244 βαρυτέρων,

148 1264 250 1326 ἤτοι
281 1268 375 1314 τῶν
402 1265 775 1330 ἀναγκαιοτέρων
808 1266 883 1314 καὶ
916 1268 1185 1314 λυσιτελῶν
1219 1263 1289 1314 ὅτι
1321 1262 1536 1324 μάλιστα
1567 1265 1737 1311 θεσπι-

149 1345 348 1408 σμάτων
393 1347 556 1397 οὐδένα
600 1350 844 1399 παντελῶς
890 1347 1130 1396 ἐποιοῦντο
1176 1344 1338 1410 λόγον.
1412 1343 1482 1393 ὅτι
1526 1341 1573 1392 δὲ
1617 1340 1743 1405 ἦσαν

84 1454 129 1492 15
149 1428 361 1491 ποιμένες
393 1429 476 1479 οὐκ
509 1429 690 1494 ἀγαθοὶ,
718 1433 909 1492 μᾶλλον
936 1427 983 1478 δὲ
1009 1426 1128 1494 πρὸς
1154 1426 1278 1491 μόνα
1304 1425 1563 1486 βλέποντες
1590 1423 1742 1489 κέρδη,

150 1513 377 1577 σαφηνιεῖ
410 1509 565 1575 λέγων
604 1511 678 1561 καὶ
723 1509 798 1560 διὰ
842 1512 1004 1578 φωνῆς
1044 1508 1262 1576 Ἰεζεκιήλ
1302 1506 1409 1558 6ίῖΩ
1451 1510 1493 1558 οὶ
1531 1505 1743 1569 ποιμένες

150 1598 178 1620 “
204 1590 422 1658 Ἰσραὴλ,
480 1591 545 1656 μὴ
602 1591 868 1653 βόσκουσιν
919 1595 961 1642 οἱ
1016 1590 1230 1655 ποιμένες
1286 1589 1509 1652 ἑαυτούς;
1579 1590 1633 1640 οὐ
1682 1587 1741 1639 τὰ

150 1680 177 1703 “
204 1674 426 1738 πρόβατα
474 1673 740 1735 βόσκουσιν
792 1678 834 1725 οὶ
882 1673 1129 1738 ποιμένες;
1200 1672 1300 1724 ἰδοὺ
1348 1670 1402 1723 τὸ
1451 1671 1583 1737 γάλα
1632 1694 1741 1722 κατ-

150 1762 178 1784 “
204 1756 383 1807 εσθίετε
422 1758 497 1807 καὶ
535 1755 595 1807 τὰ
634 1757 733 1820 ἔρια
767 1754 1125 1822 περιβάλλεσθε
1164 1757 1238 1806 καὶ
1279 1754 1333 1805 τὸ
1367 1753 1498 1821 παχὺ
1536 1752 1742 1820 σφάζετε

151 1844 179 1867 “
205 1839 281 1888 καὶ
332 1837 390 1888 τὰ
439 1837 659 1904 πρόβατά
710 1861 801 1901 μου
852 1836 1138 1898 βόσκεσθε.”
1212 1835 1535 1897 καταβόσκετε
1587 1836 1742 1886 τοίνυν

151 1922 273 1988 φησὶ
308 1922 367 1971 τα
400 1920 616 1987 πρόβατα
652 1919 724 1978 τῆς
758 1919 962 1988 σφαγῆς,
989 1916 1289 1982 τουτέστινῆ
1322 1917 1379 1967 τὰ
1412 1917 1529 1968 ὅσον
1562 1918 1741 1968 οὐδέπω

151 2000 467 2070 τεθνηξόμενα
501 2005 559 2069 τῇ
585 2002 832 2065 εΡωμαίων
863 2001 993 2068 χειρί·
1043 2000 1188 2066 ἤγουν
1219 1998 1249 2050 ἃ
1285 2001 1408 2064 ὑμεῖς
1441 2000 1569 2050 αὐτοὶ
1606 2000 1736 2068 σφά-

152 2085 263 2154 ζετε,
311 2083 458 2134 καίτοι
503 2083 639 2153 τάξιν
683 2083 924 2151 ἐπέχοντες
967 2082 1053 2147 τὴν
1096 2082 1345 2145 ποιμένων.
1412 2083 1466 2132 οὐ
1513 2080 1605 2146 γάρ
1649 2105 1742 2132 που

150 2165 380 2231 πάρεστιν
430 2167 454 2216 ὁ
506 2165 675 2232 καιρὸς,
727 2166 834 2217 καθ’
883 2163 936 2216 ὃν
981 2164 1182 2233 ἥξουσιν
1227 2168 1290 2218 εἷς
1340 2162 1554 2233 σφαγήν.
1624 2162 1741 2225 μετὰ

84 2273 130 2311 25
151 2248 242 2314 γάρ
274 2270 344 2298 τοι
378 2246 464 2311 τὴν
493 2253 576 2298 τοῦ
613 2250 832 2313 Σωτῆρος
868 2248 1114 2311 ἐπιδημίαν
1144 2251 1240 2300 τοῖς
1269 2247 1516 2309 Ῥωμαίων
1548 2246 1740 2314 ξίφεσιν

152 2330 179 2393 ἡ
206 2334 301 2380 τῶν
327 2330 565 2379 Ἰουδαίων
596 2329 782 2393 πληθὺς
814 2328 1141 2392 δεδαπάνηται,
1176 2329 1322 2379 καίτοι
1354 2329 1463 2378 λίαν
1489 2328 1556 2378 ἐπ’
1586 2328 1740 2381 αὐτοῖς

153 2409 577 2479 άνεξικακήσαντος
610 2416 694 2461 τοῦ
725 2413 863 2462 Θεοῦ.
923 2410 993 2460 ὅτι
1030 2409 1078 2460 δὲ
1114 2414 1208 2461 τῶν
1244 2409 1477 2472 ποιμένων
1512 2409 1740 2475 γεγόνασι

153 2496 326 2559 κλῆρος
361 2496 403 2543 οὶ
437 2490 527 2543 ὑπὸ
558 2497 690 2560 χεῖρα
723 2494 845 2553 λαοὶ,
879 2491 1137 2560 κατέδειξεν
1164 2491 1308 2542 εἰπών
1323 2489 1380 2542 “A
1413 2496 1446 2541 οἱ
1476 2490 1738 2555 κτησάμενοι

156 2573 442 2645 κατέσφαζον
495 2580 571 2626 καὶ
630 2578 672 2625 οὐ
723 2572 1027 2641 μετεμέλοντο.
1102 2571 1265 2639 ὥσπερ
1314 2572 1408 2638 γὰρ
1458 2572 1740 2623 δεσποτικὸν

205 2712 233 2735 1.
252 2701 503 2747 ἐπιγαννύμενοι
521 2700 613 2735 Edd.
632 2700 763 2734 correxi
782 2711 822 2733 ex
842 2699 882 2734 C.
932 2701 1172 2744 φιλοκερδείας
1191 2701 1233 2734 Β.
1340 2710 1372 2742 5.
1391 2700 1566 2746 ἅπλείστῳ
1586 2699 1626 2734 C.
1647 2699 1739 2735 Edd.

153 2753 232 2782 ante
251 2748 386 2793 Migne.
513 2747 546 2781 6.
571 2748 762 2788 βαλλάντια
783 2746 822 2780 C.
951 2747 983 2780 8.
1010 2746 1162 2790 ἡδυσμον
1180 2746 1268 2791 (Sic)
1289 2746 1328 2780 C.
1458 2757 1510 2780 12.
1538 2746 1620 2779 κατὰ
1638 2748 1740 2790 νόμον

154 2794 293 2829 δεκάτας
310 2795 376 2828 hoc
394 2794 469 2828 ord.
490 2793 530 2828 C.
548 2795 608 2829 τὰς
624 2794 764 2828 δεκάτας
780 2793 839 2828 τὰς
856 2793 938 2826 κατὰ
956 2807 984 2826 ν.
1004 2793 1046 2827 Β.
1160 2793 1214 2827 16.
1240 2794 1271 2826 οἱ
1289 2804 1358 2826 om.
1378 2792 1412 2827 b.
1534 2803 1589 2826 20.
1616 2793 1657 2826 τὰ
1678 2807 1738 2837 πρ.

153 2854 218 2884 μου
239 2841 469 2880 βόσκεσθεῖ)
475 2867 483 2875 .
503 2841 545 2875 τὰ
566 2855 624 2885 πρ.
646 2839 821 2882 βόσκεσθε
844 2839 885 2873 Β.
907 2840 947 2873 τὰ
972 2853 1030 2884 πρ.
1056 2853 1121 2882 μου
1142 2840 1181 2873 οὐ
1205 2841 1351 2879 βόσκετε
1374 2839 1414 2874 C.
1435 2838 1525 2873 Edd.
1594 2841 1738 2879 καταβό-

155 2885 272 2931 σκετε]
291 2888 482 2931 ποιμαίνετε
499 2887 534 2921 b.
707 2897 762 2921 21.
787 2887 876 2931 φησι
896 2897 1069 2930 suprascr.
1088 2898 1195 2920 manu
1213 2886 1284 2920 fere
1302 2885 1376 2920 ead.
1397 2885 1438 2920 C.
1491 2884 1634 2919 Habent
1654 2885 1738 2920 D.b.

159 2941 214 2977 25.
239 2947 290 2967 τοι
308 2945 481 2978 suprascr.
501 2933 542 2968 C.
561 2933 666 2967 habet
684 2933 718 2967 b.
767 2931 854 2977 τοῖς]
875 2936 910 2971 4
929 2936 994 2966 τῶν
1012 2932 1104 2966 Edd.
1122 2933 1240 2966 invitis
1260 2932 1338 2966 C.b.
1449 2932 1503 2966 28.
1529 2932 1560 2965 οἱ
1581 2932 1625 2966 D.
1647 2932 1738 2967 Edd.

156 2980 192 3012 in
210 2991 330 3013 rasura
348 2992 453 3014 manu
472 2980 638 3025 aliquant.
658 2979 840 3013 recentiori
859 2978 899 3013 C.
1044 2990 1098 3024 29.
1126 2978 1349 3023 μετεμέλοντο
1369 2978 1409 3014 C.
1430 2993 1542 3023 κατεμ.
1563 2978 1653 3013 Edd.

878 3046 1002 3087 3112

1803 778 1834 808 S.
1844 777 1968 808 Matth.

1804 833 1894 852 xxm.
1915 831 1964 861 23.

1762 1185 1789 1225 d

1807 1523 1924 1555 Ezeeh.

1805 1568 1918 1598 xxxiv.

1809 1620 1835 1651 27
1856 1620 1884 1650 3.

1761 2591 1782 2615 a
1808 2582 1893 2617 759
1913 2581 1960 2616 Α.
