1997 3361
105 155 157 195 iii.
186 169 215 194 ι.
472 156 536 194 lN
582 156 990 195 sovuoNLxM.
1052 155 1295 195 '1'()M.11.
1587 153 1659 189 531]

101 264 178 313 ἵνα
215 264 263 314 τί
296 264 388 329 γὰρ
426 264 529 329 ὅλη,
568 267 730 332 φησὶν,
771 265 1024 327 ἀτιμοτάτη
1061 265 1269 329 γε’γονας,
1310 261 1469 324 οἰκτρά
1507 283 1554 309 τε
1595 263 1670 308 καὶ

103 345 415 412 αἰχμάλωτος,
441 347 468 410 ἡ
495 349 615 398 οὕτω
649 347 844 412 λαμπρὰ
884 349 957 396 καὶ
989 345 1228 414 διαφανὴς,
1256 346 1282 408 ἡ
1309 341 1482 396 παντὸς
1515 342 1672 393 ἔθνους
1690 352 1714 390 b

104 427 402 493 κρατήσασα,
446 431 519 479 καὶ
562 433 738 478 νικῶσα
782 428 866 492 μὲν
910 431 1107 494 ἀμογητὶ
1151 427 1256 480 τους
1295 424 1671 487 ἀνθισταμένους,

104 509 295 576 σκληρά
319 533 368 560 τε
395 513 462 561 ἀεὶ
495 513 569 561 καὶ
601 509 889 574 δυσάντητος
923 515 1017 562 τοῖς
1050 509 1319 578 ἁντεξάγειν
1346 508 1573 569 ἐθέλουσι,
1600 508 1674 555 καὶ

62 608 84 644 5
105 591 187 642 τὸν
219 593 429 655 πολέμου
468 592 609 656 νόμον
642 593 1025 661 ἐξωπλισμένοις·
1069 593 1096 656 ἡ
1122 596 1321 644 πολλοῖς
1355 590 1561 653 σημείοις
1601 590 1674 638 καὶ

106 673 269 740 τέρασι
306 678 388 738 τῆς
417 676 683 741 Αἰγυπτίων
713 677 894 739 θητείας
932 674 1229 742 λελυτρωμενη
1264 676 1340 723 καὶ
1375 675 1456 735 τῆς
1489 670 1672 739 ἀφορή-

106 778 189 806 του
221 757 495 826 πλεονεξίας
530 759 779 808 ἐκλύσασα
818 757 900 808 τὸν
938 756 1123 823 αὐχένα·
1166 757 1220 806 δι’
1262 754 1318 818 ἢν
1355 757 1555 816 ποταμοὶ
1593 753 1678 815 μὲν

107 840 169 890 εἷς
214 838 327 902 αἷμα
362 839 789 907 μετακεχωρήκασι,
830 839 1013 906 χάλαζα
1056 838 1103 888 δὲ
1145 841 1217 888 καὶ
1259 836 1429 889 σκότος
1467 835 1550 899 τὴν
1585 839 1678 885 τῶν

111 921 382 985 Αἰγυπτίων
414 923 712 973 κατεσίνοντο
750 924 851 987 γῆν,
883 920 912 989 ᾗ
958 923 1032 971 καὶ
1075 919 1305 970 θάλασσα
1346 918 1716 983 συνωπλι’ζετο,(τ

9 1028 11 1030 ·
45 1029 90 1054 10
111 1004 463 1069 καταπνίγουσα
498 1003 603 1058 τοὺς
643 1004 905 1065 διώκοντας,
940 1003 1081 1068 μυρία
1126 1026 1173 1053 τε
1219 1002 1313 1052 ὅσα
1346 1001 1463 1066 πρὸς
1502 1000 1680 1052 τούτοις

110 1085 299 1151 γε’γονεν
339 1086 657 1155 άξιάκουστας
710 1085 742 1137 ὢ
784 1089 804 1145 ἡ
849 1085 984 1139 πόλις
1021 1111 1041 1145 η
1081 1083 1323 1152 περιστερόι,
1368 1082 1609 1133 τουτέστιν
1653 1082 1680 1144 η

110 1168 534 1234 περικαλλεστάτη.
586 1169 764 1236 δέχεται
789 1166 880 1234 γὰρ
911 1167 983 1218 ἀεί
1008 1190 1107 1220 πως
1133 1167 1159 1230 ἡ
1186 1166 1494 1217 θεόπνευστος
1519 1163 1682 1231 γραφὴ

111 1247 166 1300 τὸ
209 1252 459 1317 στρουθιόν
499 1254 560 1305 εἰς
600 1252 802 1302 εὐειδίαν·
842 1249 1051 1315 καθάπερ
1093 1247 1253 1311 ἀμέλει
1294 1249 1367 1298 καὶ
1410 1246 1495 1310 τὴν
1534 1248 1581 1296 ἐν
1619 1249 1684 1312 τῷ

114 1330 294 1400 ᾅσματι
336 1332 662 1397 πλαττομένην
702 1332 888 1401 νύμφην
931 1335 997 1401 τῷ
1037 1334 1119 1395 τῆς
1172 1333 1449 1396 περιστερᾶς
1494 1326 1684 1391 ὀνόματι

49 1438 93 1476 15
115 1414 475 1478 κατασεμνύνειν
510 1414 678 1479 ἤθελεν
709 1416 734 1465 ὁ
768 1415 965 1483 νυμφίος
997 1413 1271 1475 ίίἈνάστα,
1311 1412 1480 1476 λέγων,
1516 1409 1621 1460 ε”λθὲ
1657 1409 1683 1471 ἡ

115 1502 143 1524 “
167 1497 375 1560 πλησίον
399 1520 501 1560 μου,
527 1497 650 1562 καλή
676 1520 779 1560 μου,
805 1495 1060 1563 περιστερά
1091 1495 1223 1558 μου.”
1277 1490 1685 1560 περικαλλεστάτη

115 1577 163 1628 δὲ
203 1580 312 1630 λίαν
351 1580 379 1644 ἡ
415 1579 743 1645 Ἰερουσαλὴμ,
790 1578 937 1630 διάτοι
979 1577 1032 1629 τὸ
1072 1582 1138 1647 τῷ
1183 1578 1288 1646 θείῳ
1327 1574 1684 1641 λελαμπρύνθαι

116 1660 256 1731 νόμῳ,
282 1664 356 1712 καὶ
386 1667 481 1716 τοῖς
506 1665 587 1726 τῆς
615 1662 867 1729 ἱερωσύνης
894 1660 1162 1729 αὐχήμασιν
1189 1661 1390 1724 ὁρᾶσθαι
1417 1656 1683 1723 διαπρεπὴς,
1705 1662 1731 1702 d

115 1744 334 1794 ἐπασκεῖν
362 1744 409 1795 δὲ
434 1746 508 1795 καὶ
539 1743 849 1808 δικαιοσύνην,
877 1745 952 1794 καὶ
978 1747 1086 1812 Θεῷ
1113 1746 1178 1812 τῷ
1208 1739 1327 1792 κατὰ
1358 1740 1505 1810 φύσιν
1531 1761 1684 1805 προσ-

52 1850 100 1875 20
118 1830 281 1889 κυνεῖν,
322 1828 396 1877 καὶ
446 1828 568 1896 αὐτῷ
606 1831 757 1877 τελεῖν
806 1825 890 1879 τὰς
941 1825 1171 1891 λατρείας.
1230 1824 1408 1877 κάλλος
1452 1821 1501 1872 δὲ
1552 1827 1688 1872 τοῦτο

117 1907 439 1972 πνευματικόν.
506 1909 662 1960 δύναιο
701 1909 744 1958 δ’
786 1906 842 1958 ἂν
880 1910 955 1959 καὶ
993 1907 1156 1973 ἑτέρως
1194 1906 1443 1976 περιστερὰν
1478 1907 1690 1971 εἰρῆσθαι

120 1995 238 2041 νοεῖν
272 1989 357 2054 τὴν
381 1991 709 2056 Ἰερουσαλήμ.
776 1990 877 2044 ε”θος
910 1989 1001 2056 γὰρ
1037 1991 1105 2040 ἀεὶ
1142 1993 1208 2059 τῷ
1245 1992 1421 2056 πτηνῷ,
1449 1985 1534 2037 κᾶν
1560 1986 1602 2036 εἴ
1623 2009 1691 2038 τις

120 2072 232 2123 αὐτὸ
258 2075 339 2137 τῆς
366 2072 595 2141 φιλτάτης
628 2074 751 2142 αὐτῷ
783 2076 947 2125 καλιᾶς
972 2071 1298 2135 ἀποκομίσειεν
1324 2068 1569 2129 ἀπωτάτω,
1595 2065 1692 2117 εἶτα

122 2154 221 2219 δοίη
271 2158 329 2223 τῇ
372 2153 542 2219 πτήσει
584 2152 756 2220 καιρὸν,
802 2156 988 2205 ἀναθεῖν
1032 2154 1184 2204 οἴκαδε
1222 2151 1369 2204 πάλιν
1412 2153 1487 2201 καὶ
1526 2152 1693 2200 ἀνακο-

57 2257 103 2295 25
121 2235 334 2303 μίξεσθαι
370 2235 488 2303 πρὸς
525 2236 584 2287 τὰ
615 2240 767 2287 οἰκεῖα.
832 2234 857 2286 ὃ
883 2235 938 2299 δὴ
963 2235 1156 2301 γεγονὸς
1187 2237 1262 2286 καὶ
1293 2235 1359 2285 ἐπ’
1389 2235 1528 2296 αὐτῆς
1555 2231 1687 2298 εὑρή-

174 2418 204 2442 Ι.
229 2407 292 2451 ὅλη
311 2406 357 2441 D.
376 2405 468 2441 Edd.
486 2406 573 2441 ὅλως
592 2405 634 2439 Β.
681 2404 822 2451 γέγονας
840 2405 887 2439 D.
904 2404 1042 2450 γέγονεν
1061 2403 1151 2438 Edd.
1200 2418 1236 2437 τε
1253 2408 1473 2447 assumptum
1491 2413 1531 2435 ex
1551 2400 1592 2435 B.
1642 2402 1695 2434 καὶ

125 2454 220 2499 αἶχμ.
237 2461 271 2488 et
287 2454 426 2498 λαμπρὰ
443 2454 496 2487 καὶ
513 2465 583 2487 om.
603 2453 649 2486 D.
1017 2463 1050 2496 3.
1076 2449 1276 2494 κρατήσασα
1295 2449 1387 2483 B.D.
1405 2462 1582 2492 κατακρατ.
1602 2447 1695 2481 Edd.

128 2500 254 2535 Statim
270 2501 323 2534 καὶ
341 2500 703 2543 νικῶσα-ἐξωπλισμ,
721 2498 782 2544 (5)
801 2510 870 2532 om.
890 2498 937 2532 D.
997 2497 1260 2540 ἀνθισταμένους
1279 2496 1320 2530 Β.
1339 2495 1583 2538 ἀνθεστηκότας
1600 2493 1694 2528 Edd.

126 2556 161 2592 5.
186 2549 205 2581 ὁ
222 2559 284 2592 pro
301 2546 319 2590 ἡ
338 2547 386 2581 D.
435 2547 585 2591 σημείοις
601 2558 671 2580 om.
690 2546 738 2580 D.
1085 2543 1118 2578 6.
1142 2545 1281 2586 λελυτρ.
1300 2542 1393 2576 B.D.
1412 2542 1586 2584 ἐκλελυτρ.
1604 2540 1696 2574 Edd.

127 2595 162 2628 8.
186 2595 427 2639 μετεχώρησαν
445 2594 491 2627 D.
890 2602 943 2625 10.
970 2590 1221 2636 καταπνίγουσα
1241 2590 1287 2623 D.
1306 2588 1587 2631 καταπλήττουσα
1604 2586 1696 2620 Edd.

131 2651 184 2674 ΙΙ.
210 2640 415 2684 ἆξιάκουστα
433 2640 524 2674 B.D.
542 2639 731 2685 ἆξιάγαστα
749 2638 841 2672 Edd.
1207 2646 1259 2681 15.
1286 2634 1542 2678 κατασεμνὺνειν
1559 2632 1694 2678 ἤθελεν]

130 2688 371 2722 κατεκάλλυνεν
387 2687 435 2721 D.
703 2685 756 2720 16.
780 2700 845 2729 μου
861 2686 925 2718 ult.
945 2696 1015 2717 om.
1035 2684 1081 2718 D.
1343 2691 1395 2726 17.
1420 2682 1457 2714 τὸ
1476 2688 1699 2725 assumptum

130 2745 172 2766 ex
190 2733 283 2768 B.D.
342 2736 388 2779 τῷ
407 2745 476 2768 om.
496 2732 543 2767 D.
609 2732 734 2767 Statim
751 2747 786 2767 τε
804 2731 883 2766 add.
905 2731 996 2764 Edd.
1014 2730 1131 2764 invitis
1151 2730 1243 2763 B.D.
1307 2727 1561 2770 λελαμπρύνθαι
1582 2727 1622 2761 B.
1641 2728 1699 2760 λε-

131 2779 349 2823 λαμπρὺσθαι
366 2781 412 2815 D.
431 2779 522 2814 Edd.
850 2779 901 2812 18.
928 2777 1111 2821 διαπρεπὴς
1129 2777 1170 2810 Β.
1190 2777 1354 2819 διαπρεπῆ
1374 2774 1465 2809 Edd.
1515 2775 1566 2818 ὁρ.
1585 2774 1696 2817 διαπρ.

132 2836 202 2860 Om.
220 2827 268 2861 D.
524 2837 578 2861 20.
603 2827 655 2860 καὶ
671 2826 759 2872 αὐτῷ
776 2827 885 2859 τελεῖν
903 2825 960 2859 τὰς
976 2824 1133 2866 λατρείας
1149 2835 1218 2857 om.
1239 2823 1284 2856 D.
1567 2831 1622 2854 22.
1648 2820 1699 2853 ἀεὶ

135 2879 352 2917 assumptum
369 2885 411 2907 ex
429 2873 471 2907 B.
522 2873 646 2907 Statim
664 2873 744 2915 αὐτῇ
763 2883 825 2917 pro
842 2873 888 2917 τῷ
905 2873 1017 2916 πτηνῷ
1038 2870 1082 2904 D.
1273 2880 1327 2911 23.
1353 2868 1455 2911 αὐτὴν
1472 2879 1534 2912 pro
1552 2867 1631 2901 αὐτὸ
1651 2867 1697 2900 D.

136 2918 223 2964 αὐτῷ
247 2931 315 2954 om.
343 2920 388 2954 D.
452 2920 688 2963 ἀποκομὶσειεν
713 2919 755 2953 Β,
780 2918 970 2962 ἀποκομίσῃ
998 2918 1044 2951 D.
1064 2916 1154 2950 Edd.
1222 2915 1347 2950 Statim
1371 2915 1533 2948 ἀπωτάτω
1558 2926 1628 2949 om.
1651 2914 1698 2948 D.

139 2975 306 3006 24—212.
325 2976 357 3008 5.
383 2967 415 3000 A
430 2968 533 3000 πάλιν
550 2966 592 3000 ad
608 2968 712 3001 παλιν
728 2965 876 2999 transilit
895 2965 940 2998 D.
1135 2974 1188 3008 25.
1215 2963 1300 3006 πρὸς
1319 2962 1360 2995 Β.
1378 2962 1424 2997 εἷς
1442 2961 1533 2995 Edd.

833 3033 852 3058 li
876 3035 894 3059 (¹
921 3033 940 3059 Ι

1744 1414 1838 1441 (saut.

1745 1455 1776 1485 ii.
1797 1463 1843 1484 10.
