2018 3391
357 168 443 208 200
746 170 794 210 B.
833 169 1107 209 CYRILLI
1160 171 1546 212 ALEXANDR.
1773 172 1814 211 ii.
1836 172 1873 220 8,
1897 186 1935 225 9.

426 294 594 346 αὐτοὺς,
640 295 707 335 καὶ
748 293 786 335 οἷ
827 296 1079 336 κατάλοιποι
1123 295 1269 337 ἔθνους
1312 311 1391 345 μου
1433 299 1823 353 κλΗρονομύσουσιν
1866 297 1939 337 οὐ-

422 379 531 418 τούς.

435 486 815 552 Πεπορθημένοις
840 491 934 539 τοῖς
953 487 1313 551 Ἱεροσολύμοις,
1341 490 1415 539 καὶ
1441 487 1738 556 πεπραχόσιν
1763 490 1938 542 ἀθλίως

354 571 449 619 τοῖς
469 567 526 636 ἐξ
540 567 756 634 Ἰσραὴλ,
777 569 1077 635 ἐπετώθαζον,
1098 571 1159 623 ὡς
1180 569 1311 638 ἔφην,
1331 569 1390 620 τὰ
1409 571 1644 636 πρόσοικα
1664 575 1757 622 τῶν
1776 573 1935 633 ἐθνῶν,

354 646 500 717 ᾤοντό
538 672 588 700 τε
627 650 698 701 ὅτι
735 655 830 701 τῶν
861 651 991 717 παρά
1025 656 1173 719 σφισι
1211 652 1533 720 ψευδωνύμων
1563 658 1680 704 θεῶν
1713 653 1850 720 ἔργον
1880 652 1936 718 ἧν
1956 663 1978 701 5

352 729 406 782 τὸ
437 733 617 783 ἁλῶναι
651 731 738 796 τὴν
763 734 1007 796 Ἰουδαίαν,
1035 734 1438 800 ἀνατετραμμένης
1471 734 1672 786 εἷσάπαν
1699 738 1774 786 καὶ
1813 740 1937 803 οἰχο-

352 813 490 878 μένης
515 813 638 883 τάχα
667 839 759 866 που
792 814 910 882 πρὸς
949 815 1002 866 τὸ
1040 816 1184 880 μηδὲν
1222 819 1304 880 τῆς
1338 818 1411 867 ἀεί
1441 840 1490 867 τε
1528 819 1603 868 καὶ
1630 818 1806 869 ἄνωθεν
1832 819 1930 868 ἐπι-

352 896 613 963 κουρούσης
658 899 811 951 αὐτοῖς
861 897 1033 966 χειρὸς,
1091 902 1237 961 δῆλον
1288 898 1336 950 δὲ
1386 899 1456 950 ὅτι
1499 902 1580 963 τῆς
1624 905 1706 950 τοῦ
1745 899 1937 951 πάντων

352 985 633 1044 κρατοῦντος
676 984 813 1033 Θεοῦ.
879 981 1169 1042 δυσβουλίας
1220 980 1313 1047 γὰρ
1364 986 1424 1035 εἷς
1476 987 1613 1032 τοῦτο
1665 981 1934 1033 καθικέσθαι

352 1060 481 1116 τινας
514 1061 568 1113 τὸ
613 1062 801 1118 ἀπεικὸς
842 1063 987 1125 οὐδὲν,
1032 1066 1094 1117 ὡς
1136 1064 1536 1128 πεπλανημένους,
1574 1062 1735 1131 ξύλοις
1772 1087 1822 1114 τε
1860 1068 1935 1114 καὶ
1959 1085 2006 1110 10

308 1150 335 1190 d
352 1145 499 1198 λίθοις
523 1146 907 1213 λελατρευκότας,
934 1149 1008 1197 καὶ
1043 1145 1126 1198 τὸν
1161 1146 1302 1214 φύσει
1340 1170 1390 1198 τε
1429 1151 1503 1197 καὶ
1542 1148 1732 1211 ἀληθῶς
1765 1146 1934 1211 ἠγνοη-

352 1225 491 1281 κότας
523 1227 663 1280 Θεόν.
729 1229 907 1294 ἀκήκοα
942 1231 1111 1287 τοίνυν,
1147 1231 1284 1297 φησὶ,
1316 1228 1422 1283 τοὺς
1457 1231 1727 1289 Μωαβιτῶν
1761 1226 1935 1280 ὀνειδισ-

350 1308 458 1378 μοῖις
502 1317 579 1362 καὶ
619 1308 932 1379 κονδυλιο-μοῖις
972 1311 1064 1362 υἱῶν
1090 1312 1291 1379 Ἀμμών.
1360 1312 1523 1362 διοίσει
1557 1311 1649 1377 γὰρ
1684 1309 1809 1374 οἶμαι
1835 1312 1932 1362 κατ’

352 1391 515 1443 οὐδένα
541 1393 717 1460 τρόπον
741 1400 824 1444 τοῦ
856 1395 1194 1446 καταπαίοντος
1220 1392 1248 1457 ὴ
1273 1392 1436 1461 ῥάβδῳ
1463 1393 1605 1460 τυχὸν
1631 1392 1658 1457 ἦ
1685 1394 1803 1463 λίθῳ
1828 1391 1935 1446 τοὺς

351 1475 643 1529 πεπονθότας
678 1478 702 1526 ὁ
737 1475 962 1541 πλήττων
1003 1473 1267 1544 ὀνειδισμοῖς,
1299 1479 1373 1526 καὶ
1413 1476 1639 1543 ἀχάλινον
1678 1475 1747 1527 ἐπ’
1780 1477 1934 1530 αὐτοῖς
1958 1494 2003 1533 15

351 1557 612 1623 ἀνευρύνων
644 1557 817 1622 στόμα,
847 1557 1203 1625 ἇνερευγόμενός
1235 1582 1285 1609 τε
1320 1560 1393 1609 καὶ
1426 1558 1580 1624 λέγων
1611 1558 1668 1609 τὰ
1703 1559 1756 1609 δι’
1781 1555 1845 1609 ὧν
1877 1557 1933 1622 ἧν

353 1639 471 1693 εἰκὸς
504 1641 955 1706 καταπικραίνεσθαί
989 1664 1115 1694 τινας
1153 1645 1214 1694 εἰς
1253 1641 1512 1704 δυσθυμίας
1547 1643 1620 1691 καὶ
1655 1640 1823 1703 λύπας,
1858 1643 1933 1691 καὶ

353 1723 702 1789 φορτικωτέραν
741 1723 833 1791 ε”χει
875 1727 958 1788 τῆς
1001 1728 1253 1792 συμφορᾶς
1304 1723 1389 1787 τὴν
1437 1724 1623 1792 ἔφοδον.
1689 1723 1844 1788 ἐπειδὴ
1884 1723 1934 1775 δὲ

352 1806 427 1854 καὶ
454 1804 552 1855 κατ’
580 1806 721 1870 αὐτῆς
752 1809 834 1870 τῆς
861 1807 986 1860 θείας
1019 1829 1068 1857 τε
1103 1808 1177 1856 καὶ
1213 1805 1478 1873 ἀποῤῥήτου
1505 1805 1645 1875 δόξης
1673 1808 1933 1872 ἀθυροστο-

313 1910 334 1936 e
352 1892 545 1949 μοῦντες
575 1888 848 1956 ἠλέγχοντο,
876 1889 1106 1956 ταύτῃτοι,
1135 1890 1271 1957 φησι,
1300 1888 1385 1952 τὴν
1413 1886 1673 1957 Σοδομιτῶν
1700 1887 1931 1939 ἀνατλάν-
1952 1913 2001 1939 20

351 1991 425 2022 τες
453 1968 583 2034 δίκην
615 1973 888 2031 βαδιοῦνται
921 1970 1039 2037 πρὸς
1070 1970 1282 2037 ὄλεθρον,
1309 1973 1385 2021 καὶ
1419 1970 1560 2037 μικρά
1591 1994 1684 2022 που
1717 1970 1840 2039 τάχα
1873 1969 1933 2021 τὰ

353 2052 570 2122 Γομορῥοος
615 2052 954 2120 ἀποφαίνοντες
991 2053 1120 2118 πάθη
1165 2058 1264 2107 ταῖς
1305 2055 1480 2104 ἑαυτῶν
1517 2057 1800 2122 συμφοραῖς,
1839 2053 1939 2123 ὀψέ

350 2156 399 2183 τε
425 2136 501 2184 καὶ
527 2134 665 2197 μόλις
697 2137 750 2187 δι’
779 2138 931 2186 αὐτῶν
966 2136 1170 2186 ε’ίσονται
1208 2139 1302 2186 τῶν
1336 2135 1710 2200 συμβεβηκότων
1734 2135 1820 2199 τὴν
1848 2142 1932 2187 τοῦ

350 2216 628 2283 κολάζοντος
663 2217 870 2282 δύναμιν.
938 2217 1200 2287 Δοιμοισκος
1238 2217 1386 2282 γεμὴν
1425 2218 1451 2282 ἡ
1492 2218 1720 2269 Φοινίκων
1757 2218 1930 2285 μητρό-

349 2305 488 2352 πολις
532 2323 560 2363 η
603 2299 801 2366 λαμπρα
833 2323 907 2350 και
946 2299 1210 2367 περίοπτος,
1250 2302 1297 2350 ἐν
1335 2298 1364 2367 ῂ
1402 2299 1461 2350 τὰ
1498 2301 1735 2364 βασίλεια,
1774 2300 1930 2367 σωρὸς
1950 2318 1997 2358 25

349 2380 483 2432 ε’σται
509 2383 736 2447 καλάμης,
765 2384 846 2449 οὐκ
873 2384 1073 2451 ἐχούσης
1100 2383 1329 2450 ἄσταχυν,
1354 2383 1408 2447 ἡς
1439 2384 1583 2436 οὐδεις
1612 2383 1695 2446 μὲν
1721 2384 1746 2434 ὁ
1772 2383 1928 2449 λόγος,

129 2480 218 2514 599
238 2475 289 2515 Α.
310 2488 331 2513 a
349 2468 412 2517 εἷς
438 2464 736 2531 κατάπρησιν
762 2464 810 2516 δὲ
842 2464 895 2516 τὸ
920 2466 1079 2531 πέρας,
1106 2466 1252 2530 ἤγουν
1289 2469 1351 2520 εἰς
1388 2464 1758 2528 διασκεδασμόν.
1822 2465 1930 2519 τοὺς

348 2545 441 2612 γὰρ
480 2552 575 2598 τῶν
618 2549 805 2615 ἀχύρων
846 2547 1030 2614 σωροὺς
1074 2551 1120 2598 αἱ
1165 2552 1259 2598 τῶν
1302 2545 1578 2610 πνευμάτων
1623 2548 1760 2612 ὁρμαὶ
1803 2550 1929 2614 διαῤ-

346 2630 567 2695 ῥιπτουσι
610 2633 844 2697 πανταχῆ·
884 2629 1003 2680 κατὰ
1046 2628 1127 2681 τὸν
1169 2629 1275 2680 ’ίσον
1319 2628 1367 2680 δὲ
1406 2628 1582 2695 τρόπον
1626 2632 1700 2680 καὶ
1739 2628 1845 2684 τοὺς
1879 2633 1928 2681 ἐν

347 2716 446 2766 ταῖς
490 2710 664 2763 πόλεσι
708 2717 808 2766 ταῖς
854 2711 1185 2776 ἁλισκομέναις
1235 2714 1281 2761 αὶ
1319 2715 1413 2761 τῶν
1460 2710 1665 2762 ἑλόντων
1715 2712 1926 2776 δυνάμεις
1946 2729 2018 2794 3οΞ

395 2864 427 2894 4.
456 2852 586 2887 Haec‘
571 2868 615 2888 ως
631 2854 717 2898 ἔφην
735 2859 914 2898 assumpta
931 2865 972 2887 ex
992 2852 1034 2886 B.
1277 2860 1311 2896 5.
1338 2851 1435 2885 Haec
1452 2851 1552 2896 ἔργον
1568 2850 1607 2895 ἦν
1624 2858 1805 2897 assumpta
1821 2864 1862 2886 ex
1883 2852 1925 2887 B.

352 2909 404 2939 14.
433 2899 529 2933 Haec
547 2903 606 2933 τοῦ
624 2901 862 2936 καταπαίοντος
880 2905 1059 2945 assumpta
1076 2911 1117 2933 ex
1137 2897 1178 2932 B.
1183 2897 1229 2932 D.
1410 2897 1462 2932 16.
1489 2898 1747 2944 ἀνερευγόμενός
1765 2899 1812 2933 D.
1831 2898 1922 2933 Edd.

346 2943 607 2989 ἀνερευνώμενος
626 2947 668 2981 Β.
778 2956 829 2991 17.
856 2947 1044 2990 δυσθυμίαν
1064 2945 1362 2990 Ι).18.ἓ’χει
1379 2944 1485 2979 habeb
1504 2945 1548 2979 D.
1566 2946 1656 2990 ἔχειν
1673 2958 1691 2980 e
1709 2957 1773 2980 suo
1792 2945 1925 2989 Migne.

349 3001 404 3025 20.
430 3006 479 3025 τοι
498 3000 720 3037 assumptum
737 3005 777 3028 ex
798 2994 840 3029 B.
890 2994 931 3028 τὰ
948 3005 1011 3039 pro
1028 2993 1087 3037 τὴν
1106 2993 1196 3030 Edd.
1315 3000 1369 3036 27.
1395 2991 1441 3028 εἷς
1458 2993 1516 3027 alt.
1535 3001 1757 3037 assumptum
1775 3004 1814 3027 ex
1836 2992 1877 3028 B.
