2033 3381
74 386 106 417 S.
121 387 199 418 Luc.

74 432 139 461 vni.
151 440 200 471 31.

256 489 277 516 e

72 808 103 838 S.
117 808 214 839 Joan.

73 853 128 882 xii.
147 862 196 891 31,

74 905 124 933 3²·

73 1057 155 1091 557
173 1056 220 1089 A.
254 1065 275 1089 a

248 1809 274 1847 l»

296 198 375 236 132
685 198 734 239 B.
777 195 1049 237 CYRILLI
1094 196 1475 238 ALEXANDR.
1754 196 1810 236 iii.
1828 209 1867 246 4.

293 328 458 357 πασαν
483 309 586 371 γῆν·
626 309 725 358 πῶς
760 304 817 354 ἂν
842 303 1099 354 ἐνδοιάσειέ
1126 327 1222 365 τις;
1262 305 1322 356 τὰ
1346 304 1429 370 μὲν
1459 306 1553 372 γὰρ
1579 305 1648 357 ἐπ’
1676 304 1871 374 ἐξουσίᾳ

293 393 389 439 τῶν
414 388 676 454 ἀνθρώπων
702 385 941 455 ἐξήλαυνε,
970 384 1028 435 τὰ
1053 384 1101 436 δὲ
1127 387 1407 455 προσῄεσαν
1433 395 1460 418 “
1475 390 1550 439 καὶ
1572 388 1871 454 παρεκάλουν

295 477 322 500 “
348 469 503 532 αὐτὸν,
529 470 603 520 ἵνα
637 467 701 532 μὴ
734 466 930 536 ἐπιτάξῃ
965 469 1118 522 αὐτοῖς
1152 472 1213 522 εἷς
1244 469 1329 533 τὴν
1354 470 1577 531 ἄβυσσον
1601 470 1868 522 ἀπελθεῖν.”

293 552 556 618 γέγραπται
586 549 680 616 γὰρ
714 552 858 603 οὕτως
893 549 1022 616 παρὰ
1053 556 1147 604 τοῖς
1175 552 1323 616 ἁγίοις
1350 554 1743 619 Εὐαγγελισταῖς.
1801 552 1871 603 ὅτι

294 633 341 684 δὲ
376 637 458 696 τῆς
491 634 595 683 καθ’
625 633 755 696 ἡμῶν
781 634 1048 699 τυραννίδος
1078 636 1152 684 καὶ
1185 634 1326 685 αὑτὸν
1353 634 1630 699 ἁπεσόβησε
1663 635 1745 686 τὸν
1776 639 1870 685 τῶν
1890 650 1913 687 5

294 715 570 782 ἀκαθάρτων
618 715 894 778 πνευμάτων
944 715 1215 780 ἐπιστάτην,
1260 718 1474 768 τουτέστι
1519 718 1602 768 τὸν
1645 722 1870 780 σατανᾶν,

293 799 468 848 ἀκονιτὶ
506 797 881 864 καταθρήσομεν,
920 800 1061 849 αὐτοῦ
1100 798 1320 864 λέγοντος
1358 805 1440 850 τοῦ
1466 803 1682 866 Χριστοῦ
1720 807 1746 829 “
1767 803 1872 850 Νῦν

294 887 320 908 “
348 882 501 946 κρίσις
535 882 636 931 ἐστὶ
667 886 750 931 τοῦ
782 879 965 944 κόσμου
1003 881 1183 931 τούτου·
1228 887 1309 932 νῦν
1341 883 1366 932 ὁ
1399 882 1558 950 ἄρχων
1580 888 1663 933 τοῦ
1689 880 1872 944 κόσμου

293 969 319 991 “
347 962 693 1027 ἐκβληθήσεται
723 963 827 1031 ἔξω.
894 963 1024 1028 κάγὼ
1055 963 1134 1014 ἐὰν
1169 965 1348 1033 ὑψωθῶ
1382 966 1431 1016 ἐκ
1461 968 1544 1029 τῆς
1574 968 1660 1032 γῆς
1692 965 1873 1017 πάντας

293 1052 319 1074 “
345 1044 533 1095 ἑλκύσω
567 1043 686 1112 πρὸς
720 1044 964 1109 ἐμαυτόν.”
1026 1047 1190 1097 οὐκοῦν
1218 1045 1305 1097 κᾶν
1332 1051 1369 1098 εὶ
1395 1047 1587 1113 γε’γονεν
1612 1046 1870 1112 ἄνθρωπος,
1894 1068 1942 1093 10

292 1129 401 1177 ἀλλ’
441 1128 522 1178 οὖν
562 1129 599 1179 ἐν
635 1134 776 1197 χερσὶ,
814 1127 1056 1179 τουτέστιν
1097 1131 1145 1179 ἐν
1186 1129 1391 1198 ἐξουσίᾳ,
1427 1129 1510 1183 τὰς
1548 1134 1642 1180 τῶν
1680 1131 1871 1180 ἀντικει-

291 1210 441 1272 μένων
480 1210 718 1272 δυνάμεων
756 1211 846 1278 ἔχει
883 1212 1156 1276 τυραννίδας
1194 1212 1295 1276 ἤτοι
1333 1213 1583 1273 βασιλείας
1617 1212 1762 1277 ἤγουν
1797 1212 1872 1262 καὶ

293 1292 522 1354 δυνάμεις.
584 1297 620 1343 εἰ
648 1292 695 1342 δὲ
723 1292 780 1357 δὴ
805 1292 1029 1354 βούλοιτό
1054 1317 1122 1347 τις
1147 1296 1290 1346 ἐκεῖνο
1326 1300 1444 1346 νοεῖν
1469 1294 1867 1361 ἀπεριεργότερον,

294 1377 356 1428 ὡς
386 1376 423 1426 ἐν
462 1381 606 1444 χερσὶν
646 1375 737 1442 ε”χει
776 1376 943 1444 κέρατά
970 1375 1195 1443 Χριστὸς,
1221 1378 1477 1440 τουτέστιν,
1504 1375 1687 1445 ἄμαχόν
1712 1399 1761 1427 τε
1796 1379 1871 1426 καὶ

293 1458 678 1523 ἀκαταγώνιστον
718 1457 803 1522 τὴν
842 1458 996 1526 ἰσχὺν,
1037 1462 1110 1509 καὶ
1155 1459 1232 1513 οῦς
1268 1458 1325 1510 ἂν
1363 1460 1517 1511 ἕλοιτο
1556 1464 1651 1510 τῶν
1691 1461 1871 1526 ἐχθρῶν
1894 1477 1941 1516 15

293 1540 598 1606 κεραίζουσαν
642 1539 845 1594 εὐκόλως
895 1543 970 1591 καὶ
1023 1544 1353 1610 καταόῃοῦσαν
1397 1543 1610 1610 εὐχερῶς,
1657 1544 1732 1592 καὶ
1775 1539 1871 1592 οἷον

292 1621 480 1689 μόσχου
539 1624 670 1687 δίκην
721 1622 968 1691 ἀφορήτως
1019 1625 1424 1690 ε’πιθρώσκουσαν,
1473 1624 1670 1688 συνήσει
1725 1622 1872 1675 πάλιν

293 1705 459 1770 ὀρθῶς.

562 1864 634 1905 Καὶ
660 1865 783 1907 ἔθετο
810 1865 1020 1914 ‹ix-drumm
1050 1867 1255 1922 κραταιὰν
1284 1865 1421 1922 ἰοχύοε
1449 1866 1594 1910 αὑτοῦ.

369 1996 472 2046 Δύο
505 2003 651 2048 ταῦτα
690 1999 1005 2064 κατορθώσων
1043 2000 1237 2066 ἀφίκετο
1271 2000 1496 2065 Χριστὸς,
1538 2004 1751 2051 καθελεῖν
1787 1999 1872 2063 μὲν
1894 2025 1941 2049 20

294 2078 401 2131 τοὺς
445 2079 500 2129 δι’
545 2081 767 2142 ἐναντίας,
807 2081 850 2131 οἳ
887 2086 1050 2132 πᾶσαν
1093 2081 1370 2145 ἐπλάνησαν
1414 2081 1499 2146 τὴν
1543 2083 1618 2133 ὑπ’
1661 2082 1870 2148 οὐρανόν·

296 2160 588 2225 ἀπεκόμισαν
624 2162 716 2229 γὰρ
753 2169 836 2214 τοῦ
878 2165 1125 2217 κτίσαντος
1161 2168 1302 2228 Θεοῦ,
1340 2164 1425 2229 τὴν
1465 2166 1589 2234 αὐτῷ
1629 2167 1703 2216 καὶ
1744 2165 1872 2235 μόνῳ

295 2244 695 2309 πρεπωδεστάτην
738 2246 1017 2299 κλέπτοντες
1063 2245 1224 2314 δόξαν,
1273 2250 1348 2297 καὶ
1391 2252 1491 2301 ταῖς
1535 2251 1679 2315 σφῶν
1721 2249 1873 2298 αὐτῶν

296 2327 578 2381 (ἐνάπτοντες
617 2332 858 2395 κεφαλαῖς·
906 2329 1175 2379 ἀνασώσειν
1218 2329 1266 2380 δὲ
1304 2328 1410 2383 τοὺς
1446 2329 1766 2394 ἠπατημένους
1798 2331 1873 2380 καὶ

296 2408 644 2478 δυσδιάφυκτον
688 2411 877 2474 άληθῶς
919 2412 1253 2474 ὑπομείναντας
1297 2412 1588 2480 πλεονεξίαν.
1646 2410 1757 2462 ἀλλ’
1802 2410 1872 2462 ὅτι
1894 2438 1941 2476 25

346 2600 374 2622 1.
401 2586 441 2622 ἂν
457 2600 527 2623 om.
547 2588 593 2623 D.
644 2589 694 2623 ἐπ’
716 2590 854 2634 ἐξουσίᾳ
874 2589 919 2624 D.
938 2588 987 2624 ἐπ’
1007 2589 1164 2633 ἐξουσίας
1184 2588 1225 2622 Β.
1245 2587 1336 2622 Edd.
1617 2598 1650 2632 3.
1676 2586 1720 2630 μὴ
1737 2598 1808 2622 om.
1829 2587 1871 2622 B.

296 2647 329 2676 4.
354 2635 848 2682 γέγραπται-εὐαγγελιστάς
865 2648 935 2671 om.
957 2637 997 2671 B.
1352 2644 1382 2678 7.
1408 2633 1547 2677 ἀπονητὶ
1566 2634 1612 2667 D.
1661 2636 1720 2667 τοῦ
1737 2645 1807 2668 om.
1828 2633 1871 2669 Β.

296 2682 329 2715 8.
356 2684 413 2716 νῦν
427 2683 473 2716 D.
488 2684 541 2717 καὶ
559 2683 650 2718 Edd.
698 2686 759 2718 τοῦ
777 2685 907 2728 κόσμου
921 2684 1007 2726 (non
1021 2682 1142 2717 τούτου
1159 2681 1306 2723 addens)
1321 2687 1499 2725 assumpta
1516 2693 1556 2714 ex
1574 2681 1619 2714 D.
1634 2679 1762 2715 desunt
1775 2681 1810 2714 in
1829 2680 1872 2715 B.

296 2739 330 2772 9.
355 2729 462 2763 πάντα
480 2729 571 2764 Edd.
772 2742 823 2765 12.
850 2745 982 2775 τυρανν.
1000 2731 1070 2775 ἔχει
1088 2731 1157 2764 inv.
1177 2728 1251 2763 ord.
1272 2728 1318 2762 D.
1366 2730 1468 2772 ἤγουν
1486 2728 1539 2761 καὶ
1557 2728 1709 2771 δυνάμεις
1727 2739 1756 2761 a.
1776 2727 1870 2762 Edd.

299 2775 350 2808 καὶ
369 2775 566 2812 δυναστείας
586 2777 631 2811 Ῐ).
651 2778 703 2811 καὶ
721 2789 791 2812 om.
812 2778 853 2811 B.
1014 2789 1067 2819 14.
1093 2777 1214 2820 κέρατα
1231 2776 1300 2820 ἔχει
1318 2775 1388 2808 inv.
1407 2773 1480 2808 ord.
1499 2786 1529 2808 a.
1692 2783 1744 2818 15.
1771 2774 1873 2820 ἰσχὺν

298 2821 350 2854 καὶ
367 2821 638 2868 ἀκαταγὼνιστον
655 2836 718 2868 pro
735 2825 788 2859 καὶ
806 2825 861 2859 dx.
876 2824 935 2867 τὴν
953 2824 1054 2868 ἰσχὺν
1073 2823 1120 2857 D.
1420 2820 1472 2855 16.
1498 2818 1716 2865 κεραΐζουσαν
1734 2820 1827 2855 B.D.
1840 2833 1871 2855 a.

298 2869 536 2910 κερατίζουσαν
556 2870 645 2904 Edd.
871 2881 924 2915 17.
949 2869 1145 2915 ἀφορήτως]
1166 2871 1205 2903 οὗ
1221 2870 1378 2914 φορητῶς
1396 2867 1485 2901 D.a.
1534 2866 1653 2913 πάλιν]
1673 2868 1805 2903 πάντως
1824 2868 1870 2902 D.

300 2924 355 2946 20.
381 2913 519 2957 ἀφῖκται
538 2917 623 2951 D.b.
870 2928 926 2952 21.
953 2918 1148 2952 ἀπεναντίας
1169 2917 1212 2950 Ι).
1496 2925 1550 2949 22.
1575 2915 1641 2959 γὰρ
1660 2915 1706 2949 D.
1725 2929 1761 2949 τε
1779 2913 1872 2949 Edd.

300 2970 355 3003 2?-
382 2961 489 2994 αὐτῶν
506 2970 726 3008 assumptum
744 2975 784 2997 ex
804 2964 850 2998 D.
995 2975 1049 3005 24.
1066 2965 1143 3008 κεφ.
1162 2963 1280 2997 ἀνιὶπτ.
1299 2961 1368 2995 inv.
1386 2960 1462 2995 ord.
1482 2960 1528 2996 D.
1576 2961 1768 2996 ἀνασώσειν
1786 2961 1871 2996 D.b.

299 3006 486 3042 ἀνασώσων
506 3008 544 3042 Β.
563 3010 747 3052 ἀνασώζειν
763 3010 855 3044 Edd.
