1997 3361
76 182 99 220 i.
130 196 283 232 10,11.
519 183 591 223 IN
635 183 899 222 NAHUM.
964 180 1114 221 Toxi.
1163 180 1193 219 1.
1599 178 1643 216 21

75 313 240 344 νοντας
289 289 364 340 διὰ
413 290 619 343 πίστεως
668 293 751 352 τῆς
802 294 864 343 εἷς
914 286 1130 354 Χριστὸν
1180 291 1241 339 εἱς
1289 283 1529 350 ἁγιασμὸν
1577 286 1694 333 καὶεί

74 371 329 437 οἰκειότητα
353 371 437 436 τὴν
463 374 525 426 ὡς
549 370 668 437 πρὸς
695 371 819 422 Θεὸν
846 373 900 423 δι’
928 375 1046 422 Υὶοῦ
1072 371 1120 420 ἐν
1149 368 1400 431 Πνεύματι.

64 590 164 631 ’Ότι
202 592 286 631 ἕως
328 589 536 638 Οεμελίων
574 590 716 630 αὐτῶν
751 590 1111 646 χερσιυίηῖοονται,
1147 588 1212 628 καὶ
1248 586 1306 627 ὡς
1346 585 1497 634 smmi
1536 600 1653 640 Περι·
1678 602 1722 627 10

141 676 381 723 ΠλεκομὲνΗ
421 675 703 731 βρωθιίσεται,
745 674 811 714 καὶ
847 674 906 714 ὡς
947 674 1115 721 numina
1161 671 1363 728 iupuoiuc
1399 671 1543 718 μεστή.
1604 669 1650 709 ἑκ
1678 686 1715 708 ιι

33 759 55 797 5
142 760 215 799 σοῦ
255 758 521 800 ὲὲελεύοεται
565 758 763 805 λοΓιομόε
809 758 914 798 κατὰ
954 759 1025 797 τοῦ
1063 755 1212 812 Κυρίου
1251 755 1416 810 ΠονΗρά
1457 753 1654 803 βουλευό-

141 857 267 890 μενος
304 842 490 883 ἐναντία.

135 961 414 1030 Ἀποφήνας
439 961 513 1012 διὰ
536 966 750 1024 πολλῶν,
777 960 846 1012 ὅτι
871 963 943 1011 καὶ
970 959 1024 1011 τὸ
1050 959 1205 1011 πάντα
1230 960 1458 1010 δύνασθαι
1487 981 1652 1024 κατορ-

76 1047 188 1094 θοῦν
232 1042 433 1097 εὐκόλως
476 1048 541 1113 τῷ
588 1048 681 1094 τῶν
724 1043 851 1094 ὅλων
896 1042 1140 1109 ἐνυπάρχει
1180 1046 1300 1111 Θεῷ,
1340 1042 1566 1103 ἀνήνυτον
1604 1040 1690 1091 δέυ

76 1127 200 1194 αὐτῷ
233 1131 477 1180 παντελῶς
508 1125 653 1188 οὐδὲν,
678 1124 963 1191 μετακομίζει
998 1124 1079 1175 τὸν
1114 1124 1261 1190 λόγον
1291 1123 1359 1174 ἐπ’
1389 1122 1533 1186 αὐτὴν
1564 1123 1652 1186 ἤδη

11 1230 58 1254 10
77 1207 160 1272 τὴν
187 1208 359 1271 Νινευῒ,
384 1210 465 1259 καί
496 1215 659 1275 φησιν,
693 1208 763 1258 ὅτι
800 1207 884 1258 κᾶν
922 1211 983 1260 εἷς
1021 1213 1157 1258 τοῦτο
1195 1205 1390 1272 προήκοι
1429 1206 1649 1270 λαμπρό-

76 1314 226 1355 τητος,
253 1293 314 1344 ὡς
351 1292 399 1341 ἐν
435 1291 526 1360 ἰ’σῳ
566 1291 818 1358 φαίνεσθαι
856 1294 952 1343 τοῖς
989 1290 1355 1355 εὐδενδροτάτοις
1386 1292 1479 1338 τῶν
1517 1289 1651 1353 ὁρῶν,

78 1372 271 1443 Λιβάνῳ
307 1373 362 1424 τέ
394 1377 516 1442 φημι
556 1375 630 1423 καὶ
677 1371 936 1441 Καρμήλῳ,
974 1376 1174 1424 πολλοῖς
1212 1373 1286 1421 καὶ
1325 1369 1654 1436 ἀναριθμήτοις

77 1459 274 1518 κομῶσα
308 1460 453 1509 λαοῖς·
494 1453 581 1505 κᾶν
610 1459 648 1505 εἱ
685 1454 827 1519 μηδὲν
862 1453 1047 1505 ἀποδέοι
1079 1456 1160 1517 τῆς
1193 1454 1514 1515 Βασανίτιδος,
1541 1453 1652 1503 ἀλλ’

77 1538 178 1607 ἥξει
222 1537 392 1604 καιρὸς,
437 1537 512 1589 ὅτε
554 1539 630 1588 καὶ
681 1542 742 1591 εἰς
787 1536 912 1588 ἅπαν
957 1535 1322 1602 ἐρημωθήσεται.
1384 1540 1521 1586 τοῦτο
1562 1534 1656 1601 γὰρ

13 1636 59 1673 15
80 1619 209 1684 οἶμαί
241 1622 344 1671 ἐστι
377 1620 431 1671 τὸ
472 1619 549 1675 ἕως
586 1619 781 1688 θεμελίου
820 1618 1194 1688 χερσωθήσεσθαι,
1232 1617 1535 1684 τετηρηκότος
1572 1622 1655 1668 τοῦ

79 1702 228 1769 λόγου
265 1702 351 1767 τὴν
387 1702 566 1769 τροπὴν
600 1705 662 1756 ὡς
701 1703 768 1753 ἐπ’
798 1702 920 1768 ὁρῶν
956 1724 1005 1752 τε
1044 1703 1119 1751 καὶ
1153 1703 1259 1766 γῆς,
1299 1700 1457 1769 ξύλων
1494 1723 1543 1751 τε
1582 1701 1695 1751 καὶᾶ
1726 1711 1811 1746 487
1827 1710 1878 1746 A·

81 1788 209 1850 ὕλης.
273 1784 580 1856 βρωθήσεσθαι
614 1785 670 1835 δέ
694 1790 844 1853 φησιν
879 1783 1022 1847 αὐτὴν
1049 1783 1458 1847 κατανεμηθέντων
1483 1782 1659 1849 τρόπον

79 1866 183 1919 τινὰ
211 1871 414 1933 Περσῶν
451 1890 500 1918 τε
538 1869 613 1918 καὶ
652 1867 848 1931 Μήδων.
915 1864 1041 1916 εἷλον
1078 1864 1172 1932 γὰρ
1206 1865 1331 1916 οῦτοι
1364 1866 1450 1930 τὴν
1485 1865 1659 1927 Νινευῒ,

80 1955 494 2017 πολεμαρχοῦντος
520 1955 603 2001 τοῦ
633 1949 807 2014 Κύρου.
868 1950 1069 2016 σμίλακι
1095 1948 1142 1998 δὲ
1169 1945 1429 2014 παρεικάζει
1454 1946 1541 2012 τὴν
1566 1952 1660 1998 τῶν

14 2048 64 2073 20
81 2032 355 2096 Ἀσσυρίων
380 2031 580 2095 πληθὺν,
608 2030 845 2100 κατῴκουν
870 2030 964 2096 γὰρ
991 2030 1117 2081 οῦτοι
1140 2028 1228 2095 τὴν
1256 2029 1427 2081 Νινευῖζ
1492 2031 1565 2080 καὶ
1591 2030 1659 2082 τίς

82 2112 139 2163 ἂν
164 2112 341 2179 γε’νοιτο
367 2111 511 2178 λόγος
537 2118 619 2164 τοῦ
645 2116 821 2164 τοιοῦδε
846 2112 993 2164 πάλιν
1014 2135 1025 2173 ;
1069 2112 1172 2163 ἔστι
1197 2111 1280 2176 μὲν
1305 2111 1398 2177 γὰρ
1425 2111 1452 2175 ἡ
1479 2111 1660 2179 clasma}

83 2195 324 2249 κιττοειδές
362 2218 406 2245 τι
444 2195 606 2262 φυτὸν,
635 2193 760 2261 ἕρπει
792 2195 840 2246 δὲ
876 2196 944 2246 ἀεὶ
976 2194 1094 2261 πρὸς
1125 2193 1178 2245 τὸ
1206 2196 1333 2262 ὑψοῦ
1361 2194 1435 2243 καὶ
1461 2192 1661 2246 λεπτοὺς

87 2276 247 2341 ἀνίησι
290 2281 488 2338 κλῶνας,
533 2279 608 2327 καὶ
652 2281 745 2327 τῶν
793 2276 932 2343 ἐγγὺς
983 2276 1249 2341 ἑστηκότων
1298 2273 1661 2341 καταδράττεται

87 2363 264 2427 φυτῶν,
293 2361 355 2412 ὡς
387 2359 758 2424 καταπνίγεσθαι
791 2358 1024 2412 πολλάκις
1056 2359 1129 2409 ὑπ’
1158 2359 1299 2421 αὐτῆς
1324 2359 1400 2407 καὶ
1432 2356 1491 2407 τὰ
1522 2358 1656 2421 εὐμη-
1678 2361 1704 2401 b

18 2460 67 2499 25
86 2441 289 2491 κε’στατα
325 2445 420 2491 τῶν
453 2439 626 2509 ξύλων.
690 2439 834 2506 ἔδρων
866 2439 913 2491 δὲ
945 2445 1083 2490 τοῦτο
1117 2440 1191 2490 καὶ
1216 2438 1488 2504 Ἀσσύριοι,
1520 2461 1660 2488 κατα-

86 2522 377 2589 θρώσκοντες
414 2523 483 2572 ἀεὶ
518 2525 684 2589 χωρῶν
722 2524 797 2572 καὶ
835 2520 1038 2585 πόλεων,
1073 2523 1147 2572 καὶ
1185 2519 1282 2571 οἷον
1318 2521 1662 2586 συμπνίγοντές

136 2673 165 2696 1.
193 2662 228 2696 ἐν
243 2663 380 2708 Χριστῷ
401 2661 447 2695 D.
631 2672 664 2706 3.
691 2660 854 2704 θεμελίων
869 2660 910 2695 B.
927 2660 1017 2694 Edd.
1034 2662 1105 2705 (49.
1121 2662 1179 2704 al.)
1194 2660 1236 2694 cf.
1251 2659 1340 2693 infra
1353 2665 1386 2693 et
1403 2665 1523 2693 contra
1540 2660 1607 2705 489
1626 2660 1661 2694 b.

87 2709 287 2753 Ambiguus
307 2709 352 2742 D.
402 2707 681 2753 χερσωθήσονται
700 2707 788 2741 D.F.
802 2707 892 2741 Edd.
913 2708 1044 2751 (Alex.)
1063 2706 1318 2752 χερσωθήσεται
1337 2706 1379 2740 Β.
1392 2707 1505 2750 (vat.)
1517 2707 1560 2741 cf.
1573 2707 1663 2741 infra

87 2757 154 2800 489
166 2756 200 2790 b.
297 2768 329 2798 4.
347 2754 562 2799 βρωθήσεται
582 2755 676 2789 B.D.
689 2753 800 2799 (A.V.
819 2753 858 2798 N)
875 2754 1111 2797 Βρωθὴσονται
1132 2754 1166 2787 F.
1186 2752 1277 2787 Edd.
1297 2752 1373 2797 (22.
1391 2752 1456 2797 al.)
1551 2754 1583 2787 8.
1609 2755 1664 2787 καὶ

87 2802 246 2845 ἀνήνυτον
262 2814 324 2846 pro
341 2801 431 2845 ἀνήν.
450 2802 485 2835 δέ
506 2802 551 2836 D.
647 2814 679 2845 9.
706 2801 760 2834 ἐπὶ
778 2812 840 2845 pro
858 2800 907 2834 ἐπ’
927 2801 1029 2844 αὐτὴν
1045 2802 1105 2845 ἤδη
1126 2800 1171 2834 D.
1272 2810 1324 2833 10.
1353 2799 1490 2843 προήκει
1508 2799 1596 2844 (Sic)
1616 2800 1663 2834 D.

93 2860 145 2893 13.
171 2849 217 2884 εἷς
234 2848 322 2893 (sic)
341 2860 403 2892 pro
423 2848 451 2882 εἷ
468 2849 514 2883 D.
562 2848 687 2891 ἀποδέῃ
707 2848 753 2881 D.
864 2858 916 2889 14.
935 2847 1014 2881 ὅταν
1031 2859 1093 2892 pro
1110 2847 1166 2880 ὅτε
1183 2846 1235 2880 καὶ
1254 2847 1301 2880 D.
1415 2856 1469 2891 15.
1488 2846 1662 2891 θεμελίου]

90 2896 253 2938 θεμελίων
271 2895 362 2929 Edd.
531 2894 583 2929 16.
610 2910 645 2929 τε
663 2895 757 2939 prius
777 2905 846 2928 om.
868 2894 913 2927 D.
1103 2904 1158 2927 21.
1184 2895 1244 2927 τοῦ
1260 2893 1391 2927 τοιοῦδε
1407 2894 1511 2939 λόγος
1527 2894 1665 2927 inverso

90 2942 210 2976 ordine
229 2942 274 2975 D.
321 2942 382 2985 μὲν
398 2953 468 2975 om.
488 2941 533 2975 D.
585 2942 709 2975 Statim
727 2941 792 2986 γὰρ
810 2946 1030 2983 assumptum
1048 2952 1088 2974 ex
1110 2939 1202 2975 B.D.
1398 2950 1452 2974 22.
1478 2954 1510 2974 τι
1527 2951 1596 2975 om.
1618 2940 1666 2974 D.

93 2989 205 3033 ὑψοῦν
223 2987 314 3022 Edd.
334 2988 426 3032 ὑψοῦ
443 2988 493 3021 ἀεὶ
512 2999 574 3032 pro
591 2988 642 3022 ἀεὶ
658 2989 742 3031 πρὸς
759 2988 796 3020 τὸ
815 2987 906 3031 ὑψοῦ
926 2987 971 3020 D.
