<?xml version="1.0" encoding="UTF-8"?>
<!DOCTYPE html PUBLIC "-//W3C//DTD XHTML 1.0 Transitional//EN"
    "http://www.w3.org/TR/xhtml1/DTD/xhtml1-transitional.dtd">
<html xmlns="http://www.w3.org/1999/xhtml" xml:lang="en" lang="en">
 <head>
  <title>
</title>
<meta http-equiv="Content-Type" content="text/html;charset=utf-8" />
  <meta name='ocr-system' content='tesseract 3.04.00' />
  <meta name='ocr-capabilities' content='ocr_page ocr_carea ocr_par ocr_line ocrx_word'/>
</head>
<body>
  <div class='ocr_page' id='page_1' title='image "./operacyrilli02cyriuoft/operacyrilli02cyriuoft_0344.png"; bbox 0 0 2007 3387; ppageno 0'>
   <div class='ocr_carea' id='block_1_1' title="bbox 67 1751 220 1870">
    <p class='ocr_par' dir='ltr' id='par_1_1' title="bbox 67 1751 220 1870">
     <span class='ocr_line' id='line_1_1' title="bbox 67 1751 216 1781; baseline 0.007 -2"><span class='ocrx_word' id='word_1_1' title='bbox 67 1751 100 1781; x_wconf 68' lang='lat' dir='ltr'>S.</span> <span class='ocrx_word' id='word_1_2' title='bbox 116 1751 216 1781; x_wconf 80' lang='lat' dir='ltr'>Joan.</span> 
     </span>
     <span class='ocr_line' id='line_1_2' title="bbox 69 1794 220 1833; baseline 0.007 -9"><span class='ocrx_word' id='word_1_3' title='bbox 69 1794 137 1825; x_wconf 79' lang='lat' dir='ltr'>viii.</span> <span class='ocrx_word' id='word_1_4' title='bbox 161 1797 220 1833; x_wconf 74' lang='lat'>28;</span> 
     </span>
     <span class='ocr_line' id='line_1_3' title="bbox 69 1839 207 1870; baseline 0.014 -2"><span class='ocrx_word' id='word_1_5' title='bbox 69 1839 136 1869; x_wconf 80' lang='lat' dir='ltr'>xiv.</span> <span class='ocrx_word' id='word_1_6' title='bbox 159 1848 207 1870; x_wconf 90' lang='lat'>10.</span> 
     </span>
    </p>
   </div>
   <div class='ocr_carea' id='block_1_2' title="bbox 71 2246 211 2278">
    <p class='ocr_par' dir='ltr' id='par_1_2' title="bbox 71 2246 211 2278">
     <span class='ocr_line' id='line_1_4' title="bbox 71 2246 211 2278; baseline 0.007 -1"><span class='ocrx_word' id='word_1_7' title='bbox 71 2246 156 2277; x_wconf 75' lang='lat' dir='ltr'>Dan.</span> <span class='ocrx_word' id='word_1_8' title='bbox 178 2247 211 2278; x_wconf 85' lang='lat' dir='ltr'>ii.</span> 
     </span>
    </p>
   </div>
   <div class='ocr_carea' id='block_1_3' title="bbox 69 2298 122 2331">
    <p class='ocr_par' dir='ltr' id='par_1_3' title="bbox 69 2298 122 2331">
     <span class='ocr_line' id='line_1_5' title="bbox 69 2298 122 2331; baseline -0.019 0"><span class='ocrx_word' id='word_1_9' title='bbox 69 2298 122 2331; x_wconf 84' lang='lat'>45-</span> 
     </span>
    </p>
   </div>
   <div class='ocr_carea' id='block_1_4' title="bbox 300 143 1885 195">
    <p class='ocr_par' dir='ltr' id='par_1_4' title="bbox 300 143 1885 195">
     <span class='ocr_line' id='line_1_6' title="bbox 300 143 1885 195; baseline 0.007 -12"><span class='ocrx_word' id='word_1_10' title='bbox 300 143 385 184; x_wconf 87' lang='lat'>336</span> <span class='ocrx_word' id='word_1_11' title='bbox 696 147 745 187; x_wconf 91' lang='lat' dir='ltr'>B.</span> <span class='ocrx_word' id='word_1_12' title='bbox 791 147 1068 188; x_wconf 86' lang='lat' dir='ltr'>CYRILLI</span> <span class='ocrx_word' id='word_1_13' title='bbox 1106 148 1497 189; x_wconf 86' lang='lat' dir='ltr'>ALEXANDR.</span> <span class='ocrx_word' id='word_1_14' title='bbox 1766 146 1821 186; x_wconf 78' lang='lat' dir='ltr'>iV·</span> <span class='ocrx_word' id='word_1_15' title='bbox 1846 154 1885 195; x_wconf 93' lang='lat'>7·</span> 
     </span>
    </p>
   </div>
   <div class='ocr_carea' id='block_1_5' title="bbox 248 252 1889 2225">
    <p class='ocr_par' dir='ltr' id='par_1_5' title="bbox 298 252 1888 406">
     <span class='ocr_line' id='line_1_7' title="bbox 299 252 1888 324; baseline 0.002 -20"><span class='ocrx_word' id='word_1_16' title='bbox 299 252 561 317; x_wconf 82' lang='grc' dir='ltr'>πεπάτηται</span> <span class='ocrx_word' id='word_1_17' title='bbox 588 253 718 319; x_wconf 79' lang='grc' dir='ltr'>παρὰ</span> <span class='ocrx_word' id='word_1_18' title='bbox 744 258 961 321; x_wconf 84' lang='grc' dir='ltr'>Χριστοῦ</span> <span class='ocrx_word' id='word_1_19' title='bbox 994 254 1142 307; x_wconf 88' lang='grc' dir='ltr'>πόνου</span> <span class='ocrx_word' id='word_1_20' title='bbox 1167 279 1217 308; x_wconf 90' lang='grc' dir='ltr'>τε</span> <span class='ocrx_word' id='word_1_21' title='bbox 1251 260 1326 308; x_wconf 76' lang='grc' dir='ltr'>καὶ</span> <span class='ocrx_word' id='word_1_22' title='bbox 1359 259 1550 324; x_wconf 78' lang='grc' dir='ltr'>ἱδρῶτος</span> <span class='ocrx_word' id='word_1_23' title='bbox 1575 255 1699 322; x_wconf 87' lang='grc' dir='ltr'>δίχα.</span> <span class='ocrx_word' id='word_1_24' title='bbox 1766 252 1888 307; x_wconf 77' lang='grc' dir='ltr'>Θεὸς·</span> 
     </span>
     <span class='ocr_line' id='line_1_8' title="bbox 298 336 1237 406; baseline 0.005 -19"><span class='ocrx_word' id='word_1_25' title='bbox 298 336 392 404; x_wconf 77' lang='grc' dir='ltr'>γὰρ</span> <span class='ocrx_word' id='word_1_26' title='bbox 417 337 474 402; x_wconf 81' lang='grc' dir='ltr'>ἧν</span> <span class='ocrx_word' id='word_1_27' title='bbox 502 338 620 388; x_wconf 83' lang='grc' dir='ltr'>κατὰ</span> <span class='ocrx_word' id='word_1_28' title='bbox 647 338 817 406; x_wconf 81' lang='grc' dir='ltr'>φύσιν,</span> <span class='ocrx_word' id='word_1_29' title='bbox 848 341 873 390; x_wconf 84' lang='grc' dir='ltr'><em>ὁ</em></span> <span class='ocrx_word' id='word_1_30' title='bbox 899 339 1056 391; x_wconf 85' lang='grc' dir='ltr'>πάντα</span> <span class='ocrx_word' id='word_1_31' title='bbox 1083 345 1237 394; x_wconf 82' lang='grc' dir='ltr'>νικῶν.</span> 
     </span>
    </p>

    <p class='ocr_par' dir='ltr' id='par_1_6' title="bbox 297 419 1889 739">
     <span class='ocr_line' id='line_1_9' title="bbox 364 419 1889 490; baseline 0.004 -21"><span class='ocrx_word' id='word_1_32' title='bbox 364 419 435 469; x_wconf 89' lang='grc' dir='ltr'>Ἠ</span> <span class='ocrx_word' id='word_1_33' title='bbox 472 421 627 471; x_wconf 79' lang='grc' dir='ltr'>τοίνυν</span> <span class='ocrx_word' id='word_1_34' title='bbox 661 420 780 472; x_wconf 79' lang='grc' dir='ltr'>κατὰ</span> <span class='ocrx_word' id='word_1_35' title='bbox 815 422 992 474; x_wconf 89' lang='grc' dir='ltr'>τοιόνδε</span> <span class='ocrx_word' id='word_1_36' title='bbox 1029 422 1133 474; x_wconf 78' lang='grc' dir='ltr'>τινὰ</span> <span class='ocrx_word' id='word_1_37' title='bbox 1169 423 1347 490; x_wconf 84' lang='grc' dir='ltr'>τρόπον</span> <span class='ocrx_word' id='word_1_38' title='bbox 1384 427 1757 490; x_wconf 81' lang='grc' dir='ltr'>προσβαλοῦμεν</span> <span class='ocrx_word' id='word_1_39' title='bbox 1792 426 1889 475; x_wconf 75' lang='grc' dir='ltr'>τοῖς</span> 
     </span>
     <span class='ocr_line' id='line_1_10' title="bbox 299 501 1889 575; baseline 0.002 -24"><span class='ocrx_word' id='word_1_40' title='bbox 299 501 566 567; x_wconf 78' lang='grc' dir='ltr'>εἷρημενοις·</span> <span class='ocrx_word' id='word_1_41' title='bbox 607 501 636 567; x_wconf 82' lang='grc' dir='ltr'>ἣ</span> <span class='ocrx_word' id='word_1_42' title='bbox 673 506 749 554; x_wconf 79' lang='grc' dir='ltr'>καὶ</span> <span class='ocrx_word' id='word_1_43' title='bbox 788 505 952 571; x_wconf 80' lang='grc' dir='ltr'>ἑτερως</span> <span class='ocrx_word' id='word_1_44' title='bbox 991 509 1028 556; x_wconf 81' lang='grc' dir='ltr'>εἰ</span> <span class='ocrx_word' id='word_1_45' title='bbox 1067 509 1204 558; x_wconf 86' lang='grc' dir='ltr'>δοκεῖ.</span> <span class='ocrx_word' id='word_1_46' title='bbox 1273 507 1450 575; x_wconf 74' lang='grc' dir='ltr'>ε”φημεν</span> <span class='ocrx_word' id='word_1_47' title='bbox 1480 505 1587 572; x_wconf 77' lang='grc' dir='ltr'>γὰρ,</span> <span class='ocrx_word' id='word_1_48' title='bbox 1623 504 1694 556; x_wconf 80' lang='grc' dir='ltr'>ὅτι</span> <span class='ocrx_word' id='word_1_49' title='bbox 1725 505 1808 555; x_wconf 84' lang='grc' dir='ltr'>οὐκ</span> <span class='ocrx_word' id='word_1_50' title='bbox 1840 505 1889 554; x_wconf 89' lang='grc' dir='ltr'>ἐν</span> 
     </span>
     <span class='ocr_line' id='line_1_11' title="bbox 297 584 1885 659; baseline 0.002 -25"><span class='ocrx_word' id='word_1_51' title='bbox 297 585 563 654; x_wconf 74' lang='grc' dir='ltr'>ἀνθρωπεία</span> <span class='ocrx_word' id='word_1_52' title='bbox 589 584 778 650; x_wconf 79' lang='grc' dir='ltr'>δυνάμει</span> <span class='ocrx_word' id='word_1_53' title='bbox 805 587 1218 654; x_wconf 85' lang='grc' dir='ltr'>κατορθωθήσεται</span> <span class='ocrx_word' id='word_1_54' title='bbox 1244 592 1310 659; x_wconf 73' lang='grc' dir='ltr'>τῷ</span> <span class='ocrx_word' id='word_1_55' title='bbox 1335 587 1501 658; x_wconf 76' lang='grc' dir='ltr'>κόσμῳ</span> <span class='ocrx_word' id='word_1_56' title='bbox 1525 588 1584 639; x_wconf 80' lang='grc' dir='ltr'>τὰ</span> <span class='ocrx_word' id='word_1_57' title='bbox 1608 586 1727 654; x_wconf 75' lang='grc' dir='ltr'>πρὸς</span> <span class='ocrx_word' id='word_1_58' title='bbox 1753 585 1885 653; x_wconf 77' lang='grc' dir='ltr'>ζωήν.</span> 
     </span>
     <span class='ocr_line' id='line_1_12' title="bbox 298 666 1887 739; baseline 0.002 -23"><span class='ocrx_word' id='word_1_59' title='bbox 298 670 373 716; x_wconf 86' lang='grc' dir='ltr'>καὶ</span> <span class='ocrx_word' id='word_1_60' title='bbox 406 666 638 731; x_wconf 87' lang='grc' dir='ltr'>στήσεται</span> <span class='ocrx_word' id='word_1_61' title='bbox 672 668 758 732; x_wconf 75' lang='grc' dir='ltr'>μὲν</span> <span class='ocrx_word' id='word_1_62' title='bbox 783 670 811 734; x_wconf 86' lang='grc' dir='ltr'>ἡ</span> <span class='ocrx_word' id='word_1_63' title='bbox 840 670 1022 738; x_wconf 82' lang='grc' dir='ltr'>λυχνία,</span> <span class='ocrx_word' id='word_1_64' title='bbox 1049 670 1103 722; x_wconf 81' lang='grc' dir='ltr'>τὸ</span> <span class='ocrx_word' id='word_1_65' title='bbox 1138 671 1410 735; x_wconf 81' lang='grc' dir='ltr'>λαμπάδιον</span> <span class='ocrx_word' id='word_1_66' title='bbox 1448 671 1645 739; x_wconf 75' lang='grc' dir='ltr'>ἔχουσα,</span> <span class='ocrx_word' id='word_1_67' title='bbox 1672 668 1887 720; x_wconf 81' lang='grc' dir='ltr'>τουτέστι</span> 
     </span>
    </p>

    <p class='ocr_par' dir='ltr' id='par_1_7' title="bbox 252 748 1889 1400">
     <span class='ocr_line' id='line_1_13' title="bbox 252 748 1889 822; baseline 0.002 -23"><span class='ocrx_word' id='word_1_68' title='bbox 252 753 277 794; x_wconf 86' lang='lat' dir='ltr'>b</span> <span class='ocrx_word' id='word_1_69' title='bbox 297 748 527 814; x_wconf 81' lang='grc' dir='ltr'>Χριστὸν,</span> <span class='ocrx_word' id='word_1_70' title='bbox 569 751 876 821; x_wconf 79' lang='grc' dir='ltr'>ἐκλάμψουσι</span> <span class='ocrx_word' id='word_1_71' title='bbox 924 753 973 804; x_wconf 77' lang='grc' dir='ltr'>δὲ</span> <span class='ocrx_word' id='word_1_72' title='bbox 1023 755 1098 804; x_wconf 76' lang='grc' dir='ltr'>καὶ</span> <span class='ocrx_word' id='word_1_73' title='bbox 1150 757 1192 805; x_wconf 79' lang='grc' dir='ltr'>οἱ</span> <span class='ocrx_word' id='word_1_74' title='bbox 1237 754 1420 822; x_wconf 84' lang='grc' dir='ltr'>λύχνοι,</span> <span class='ocrx_word' id='word_1_75' title='bbox 1468 755 1543 804; x_wconf 79' lang='grc' dir='ltr'>καὶ</span> <span class='ocrx_word' id='word_1_76' title='bbox 1586 752 1680 817; x_wconf 89' lang='grc' dir='ltr'>μὴν</span> <span class='ocrx_word' id='word_1_77' title='bbox 1725 753 1800 802; x_wconf 80' lang='grc' dir='ltr'>καὶ</span> <span class='ocrx_word' id='word_1_78' title='bbox 1838 753 1889 803; x_wconf 83' lang='grc' dir='ltr'>ἐκ</span> 
     </span>
     <span class='ocr_line' id='line_1_14' title="bbox 296 831 1888 903; baseline 0.004 -22"><span class='ocrx_word' id='word_1_79' title='bbox 296 831 462 900; x_wconf 75' lang='grc' dir='ltr'>δεξιῶν</span> <span class='ocrx_word' id='word_1_80' title='bbox 512 836 587 884; x_wconf 80' lang='grc' dir='ltr'>καὶ</span> <span class='ocrx_word' id='word_1_81' title='bbox 640 834 698 903; x_wconf 75' lang='grc' dir='ltr'>ἐξ</span> <span class='ocrx_word' id='word_1_82' title='bbox 744 834 991 895; x_wconf 80' lang='grc' dir='ltr'>εὐωνύμων</span> <span class='ocrx_word' id='word_1_83' title='bbox 1039 841 1122 887; x_wconf 85' lang='grc' dir='ltr'>τοῦ</span> <span class='ocrx_word' id='word_1_84' title='bbox 1173 839 1442 900; x_wconf 90' lang='grc' dir='ltr'>λαμπαδιόυ</span> <span class='ocrx_word' id='word_1_85' title='bbox 1487 841 1533 888; x_wconf 80' lang='grc' dir='ltr'>αἱ</span> <span class='ocrx_word' id='word_1_86' title='bbox 1579 837 1660 887; x_wconf 83' lang='grc' dir='ltr'>δύο</span> <span class='ocrx_word' id='word_1_87' title='bbox 1700 833 1888 888; x_wconf 77' lang='grc' dir='ltr'>πάντως</span> 
     </span>
     <span class='ocr_line' id='line_1_15' title="bbox 295 915 1886 984; baseline 0.003 -21"><span class='ocrx_word' id='word_1_88' title='bbox 295 915 447 964; x_wconf 82' lang='grc' dir='ltr'>ἐλαῖαι</span> <span class='ocrx_word' id='word_1_89' title='bbox 473 915 751 980; x_wconf 82' lang='grc' dir='ltr'>στήσονται,</span> <span class='ocrx_word' id='word_1_90' title='bbox 778 916 885 972; x_wconf 73' lang='grc' dir='ltr'>τοὺς</span> <span class='ocrx_word' id='word_1_91' title='bbox 921 917 1003 968; x_wconf 86' lang='grc' dir='ltr'>δύο</span> <span class='ocrx_word' id='word_1_92' title='bbox 1035 917 1179 973; x_wconf 74' lang='grc' dir='ltr'>λαοὺς</span> <span class='ocrx_word' id='word_1_93' title='bbox 1210 920 1544 984; x_wconf 82' lang='grc' dir='ltr'>σημαίνουσαι.</span> <span class='ocrx_word' id='word_1_94' title='bbox 1609 915 1695 969; x_wconf 78' lang='grc' dir='ltr'>εἶθ’</span> <span class='ocrx_word' id='word_1_95' title='bbox 1724 916 1886 984; x_wconf 81' lang='grc' dir='ltr'>ὥσπερ</span> 
     </span>
     <span class='ocr_line' id='line_1_16' title="bbox 294 996 1887 1069; baseline 0.003 -22"><span class='ocrx_word' id='word_1_96' title='bbox 294 996 419 1051; x_wconf 79' lang='grc' dir='ltr'>τινος</span> <span class='ocrx_word' id='word_1_97' title='bbox 451 999 890 1062; x_wconf 79' lang='grc' dir='ltr'>ἀναπυνθανομένου</span> <span class='ocrx_word' id='word_1_98' title='bbox 924 1023 974 1051; x_wconf 90' lang='grc' dir='ltr'>τε</span> <span class='ocrx_word' id='word_1_99' title='bbox 1007 1003 1082 1051; x_wconf 76' lang='grc' dir='ltr'>καὶ</span> <span class='ocrx_word' id='word_1_100' title='bbox 1116 999 1337 1067; x_wconf 79' lang='grc' dir='ltr'>λέγοντος</span> <span class='ocrx_word' id='word_1_101' title='bbox 1364 1004 1441 1057; x_wconf 73' lang='grc' dir='ltr'>Τίς</span> <span class='ocrx_word' id='word_1_102' title='bbox 1472 1002 1563 1069; x_wconf 75' lang='grc' dir='ltr'>ἄρα</span> <span class='ocrx_word' id='word_1_103' title='bbox 1603 1000 1643 1053; x_wconf 75' lang='grc' dir='ltr'>εἶ</span> <span class='ocrx_word' id='word_1_104' title='bbox 1676 999 1743 1063; x_wconf 62' lang='lat' dir='ltr'>ab,</span> <span class='ocrx_word' id='word_1_105' title='bbox 1771 1001 1796 1051; x_wconf 83' lang='grc' dir='ltr'>ὁ</span> <span class='ocrx_word' id='word_1_106' title='bbox 1827 999 1887 1051; x_wconf 82' lang='grc' dir='ltr'>τὰ</span> 
     </span>
     <span class='ocr_line' id='line_1_17' title="bbox 295 1080 1880 1150; baseline 0.003 -20"><span class='ocrx_word' id='word_1_107' title='bbox 295 1080 417 1130; x_wconf 80' lang='grc' dir='ltr'>οὕτω</span> <span class='ocrx_word' id='word_1_108' title='bbox 467 1080 657 1146; x_wconf 83' lang='grc' dir='ltr'>μεγάλα</span> <span class='ocrx_word' id='word_1_109' title='bbox 701 1082 914 1145; x_wconf 74' lang='grc' dir='ltr'>πολέμου</span> <span class='ocrx_word' id='word_1_110' title='bbox 960 1083 1067 1150; x_wconf 85' lang='grc' dir='ltr'>δίχα</span> <span class='ocrx_word' id='word_1_111' title='bbox 1117 1083 1293 1138; x_wconf 66' lang='grc' dir='ltr'>πάντος’</span> <span class='ocrx_word' id='word_1_112' title='bbox 1345 1085 1420 1134; x_wconf 78' lang='grc' dir='ltr'>καὶ</span> <span class='ocrx_word' id='word_1_113' title='bbox 1463 1085 1664 1150; x_wconf 77' lang='grc' dir='ltr'>ἀμογητὶ</span> <span class='ocrx_word' id='word_1_114' title='bbox 1712 1105 1880 1150; x_wconf 88' lang='grc' dir='ltr'>κατορ-</span> 
     </span>
     <span class='ocr_line' id='line_1_18' title="bbox 295 1162 1886 1233; baseline 0.003 -21"><span class='ocrx_word' id='word_1_115' title='bbox 295 1162 469 1213; x_wconf 87' lang='grc' dir='ltr'>θώσειν</span> <span class='ocrx_word' id='word_1_116' title='bbox 515 1163 925 1231; x_wconf 67' lang='grc' dir='ltr'>ὑπισχνούμενος,</span> <span class='ocrx_word' id='word_1_117' title='bbox 988 1165 1341 1231; x_wconf 84' lang='grc' dir='ltr'>προσυπακούει</span> <span class='ocrx_word' id='word_1_118' title='bbox 1384 1165 1539 1233; x_wconf 78' lang='grc' dir='ltr'>λέγων</span> <span class='ocrx_word' id='word_1_119' title='bbox 1585 1167 1609 1216; x_wconf 87' lang='grc' dir='ltr'><strong>ὁ</strong></span> <span class='ocrx_word' id='word_1_120' title='bbox 1649 1164 1769 1219; x_wconf 77' lang='grc' dir='ltr'>Θεὸς·</span> <span class='ocrx_word' id='word_1_121' title='bbox 1810 1168 1886 1216; x_wconf 83' lang='grc' dir='ltr'>καὶ</span> 
     </span>
     <span class='ocr_line' id='line_1_19' title="bbox 297 1244 1888 1319; baseline 0.003 -25"><span class='ocrx_word' id='word_1_122' title='bbox 297 1244 480 1311; x_wconf 88' lang='grc' dir='ltr'>Πατήρ·</span> <span class='ocrx_word' id='word_1_123' title='bbox 520 1244 610 1312; x_wconf 79' lang='grc' dir='ltr'>ε’γώ</span> <span class='ocrx_word' id='word_1_124' title='bbox 635 1247 680 1298; x_wconf 72' lang='grc' dir='ltr'>το</span> <span class='ocrx_word' id='word_1_125' title='bbox 709 1247 796 1316; x_wconf 69' lang='grc' dir='ltr'>ἔρος</span> <span class='ocrx_word' id='word_1_126' title='bbox 822 1247 867 1298; x_wconf 71' lang='grc' dir='ltr'>το</span> <span class='ocrx_word' id='word_1_127' title='bbox 904 1247 1034 1315; x_wconf 62' lang='grc' dir='ltr'>με’γοι</span> <span class='ocrx_word' id='word_1_128' title='bbox 1069 1246 1114 1299; x_wconf 72' lang='grc' dir='ltr'>το</span> <span class='ocrx_word' id='word_1_129' title='bbox 1149 1250 1228 1318; x_wconf 69' lang='grc' dir='ltr'>προ</span> <span class='ocrx_word' id='word_1_130' title='bbox 1265 1248 1497 1318; x_wconf 67' lang='grc' dir='ltr'>προσώπου</span> <span class='ocrx_word' id='word_1_131' title='bbox 1523 1246 1789 1319; x_wconf 71' lang='grc' dir='ltr'>Ζοροβάβελ</span> <span class='ocrx_word' id='word_1_132' title='bbox 1816 1250 1888 1299; x_wconf 69' lang='grc' dir='ltr'>τοῦ</span> 
     </span>
     <span class='ocr_line' id='line_1_20' title="bbox 297 1327 1886 1400; baseline 0.003 -22"><span class='ocrx_word' id='word_1_133' title='bbox 297 1327 584 1397; x_wconf 55' lang='grc' dir='ltr'>κατορθῶσαι,</span> <span class='ocrx_word' id='word_1_134' title='bbox 611 1330 867 1392; x_wconf 78' lang='grc' dir='ltr'>τουτέστιν,</span> <span class='ocrx_word' id='word_1_135' title='bbox 895 1330 989 1395; x_wconf 84' lang='grc' dir='ltr'>ἐγώ</span> <span class='ocrx_word' id='word_1_136' title='bbox 1020 1333 1111 1393; x_wconf 81' lang='grc' dir='ltr'>εἶμι</span> <span class='ocrx_word' id='word_1_137' title='bbox 1137 1331 1164 1395; x_wconf 84' lang='grc' dir='ltr'>ἡ</span> <span class='ocrx_word' id='word_1_138' title='bbox 1191 1331 1346 1382; x_wconf 85' lang='grc' dir='ltr'>πάντα</span> <span class='ocrx_word' id='word_1_139' title='bbox 1381 1333 1698 1398; x_wconf 84' lang='grc' dir='ltr'>ὑπεραίρουσα</span> <span class='ocrx_word' id='word_1_140' title='bbox 1725 1329 1886 1400; x_wconf 77' lang='grc' dir='ltr'>φύσις,</span> 
     </span>
    </p>

    <p class='ocr_par' dir='ltr' id='par_1_8' title="bbox 248 1409 1885 2223">
     <span class='ocr_line' id='line_1_21' title="bbox 253 1409 1879 1481; baseline 0.002 -22"><span class='ocrx_word' id='word_1_141' title='bbox 253 1409 321 1474; x_wconf 82' lang='grc' dir='ltr'><strong><em>οή</em></strong></span> <span class='ocrx_word' id='word_1_142' title='bbox 357 1410 665 1477; x_wconf 77' lang='grc' dir='ltr'>θεοπρεπέσιν</span> <span class='ocrx_word' id='word_1_143' title='bbox 700 1412 961 1481; x_wconf 76' lang='grc' dir='ltr'>ὑψώμασιν</span> <span class='ocrx_word' id='word_1_144' title='bbox 999 1417 1061 1467; x_wconf 78' lang='grc' dir='ltr'>εἷς</span> <span class='ocrx_word' id='word_1_145' title='bbox 1097 1413 1181 1478; x_wconf 85' lang='grc' dir='ltr'>τὴν</span> <span class='ocrx_word' id='word_1_146' title='bbox 1220 1413 1485 1481; x_wconf 71' lang='grc' dir='ltr'>ὑπερέκεινα</span> <span class='ocrx_word' id='word_1_147' title='bbox 1520 1413 1711 1465; x_wconf 87' lang='grc' dir='ltr'>πάντων</span> <span class='ocrx_word' id='word_1_148' title='bbox 1750 1411 1879 1463; x_wconf 86' lang='grc' dir='ltr'>διάτ-</span> 
     </span>
     <span class='ocr_line' id='line_1_22' title="bbox 293 1492 1885 1563; baseline 0.002 -19"><span class='ocrx_word' id='word_1_149' title='bbox 293 1516 444 1544; x_wconf 91' lang='grc' dir='ltr'>τουσα</span> <span class='ocrx_word' id='word_1_150' title='bbox 472 1492 629 1563; x_wconf 78' lang='grc' dir='ltr'>δόξαν,</span> <span class='ocrx_word' id='word_1_151' title='bbox 651 1495 678 1559; x_wconf 85' lang='grc' dir='ltr'>ἡ</span> <span class='ocrx_word' id='word_1_152' title='bbox 705 1494 824 1545; x_wconf 78' lang='grc' dir='ltr'>κατὰ</span> <span class='ocrx_word' id='word_1_153' title='bbox 851 1493 1034 1562; x_wconf 74' lang='grc' dir='ltr'>καιροὺς</span> <span class='ocrx_word' id='word_1_154' title='bbox 1063 1496 1277 1561; x_wconf 75' lang='grc' dir='ltr'>ἀρκέσειν</span> <span class='ocrx_word' id='word_1_155' title='bbox 1297 1496 1550 1560; x_wconf 72' lang='grc' dir='ltr'>με’λλουσα</span> <span class='ocrx_word' id='word_1_156' title='bbox 1574 1495 1693 1562; x_wconf 75' lang='grc' dir='ltr'>πρὸς</span> <span class='ocrx_word' id='word_1_157' title='bbox 1717 1494 1885 1562; x_wconf 88' lang='grc' dir='ltr'>κατόρ-</span> 
     </span>
     <span class='ocr_line' id='line_1_23' title="bbox 294 1577 1884 1648; baseline 0.001 -21"><span class='ocrx_word' id='word_1_158' title='bbox 294 1580 446 1627; x_wconf 90' lang='grc' dir='ltr'>θωσιν</span> <span class='ocrx_word' id='word_1_159' title='bbox 483 1581 576 1627; x_wconf 82' lang='grc' dir='ltr'>τῶν</span> <span class='ocrx_word' id='word_1_160' title='bbox 608 1577 974 1643; x_wconf 76' lang='grc' dir='ltr'>ἐπηγγελμένων</span> <span class='ocrx_word' id='word_1_161' title='bbox 997 1580 1072 1629; x_wconf 83' lang='grc' dir='ltr'>καὶ</span> <span class='ocrx_word' id='word_1_162' title='bbox 1109 1582 1189 1647; x_wconf 72' lang='grc' dir='ltr'>προ</span> <span class='ocrx_word' id='word_1_163' title='bbox 1228 1580 1460 1648; x_wconf 71' lang='grc' dir='ltr'>προσώπου</span> <span class='ocrx_word' id='word_1_164' title='bbox 1487 1578 1765 1648; x_wconf 71' lang='grc' dir='ltr'>Ζοροβάβελ.</span> <span class='ocrx_word' id='word_1_165' title='bbox 1830 1578 1884 1628; x_wconf 80' lang='grc' dir='ltr'>οὐ</span> 
     </span>
     <span class='ocr_line' id='line_1_24' title="bbox 292 1657 1883 1727; baseline 0.002 -19"><span class='ocrx_word' id='word_1_166' title='bbox 292 1657 385 1725; x_wconf 81' lang='grc' dir='ltr'>γὰρ</span> <span class='ocrx_word' id='word_1_167' title='bbox 424 1659 581 1724; x_wconf 85' lang='grc' dir='ltr'>ἠγνόει</span> <span class='ocrx_word' id='word_1_168' title='bbox 617 1658 832 1726; x_wconf 78' lang='grc' dir='ltr'>Χριστὸς</span> <span class='ocrx_word' id='word_1_169' title='bbox 870 1658 952 1710; x_wconf 80' lang='grc' dir='ltr'>τὸν</span> <span class='ocrx_word' id='word_1_170' title='bbox 990 1661 1154 1711; x_wconf 82' lang='grc' dir='ltr'>ἑαυτοῦ</span> <span class='ocrx_word' id='word_1_171' title='bbox 1191 1659 1394 1727; x_wconf 75' lang='grc' dir='ltr'>Πατέρα,</span> <span class='ocrx_word' id='word_1_172' title='bbox 1427 1662 1536 1712; x_wconf 79' lang='grc' dir='ltr'>ἀλλ’</span> <span class='ocrx_word' id='word_1_173' title='bbox 1572 1660 1735 1727; x_wconf 82' lang='grc' dir='ltr'>ὥσπερ</span> <span class='ocrx_word' id='word_1_174' title='bbox 1779 1659 1883 1711; x_wconf 78' lang='grc' dir='ltr'>τινὰ</span> 
     </span>
     <span class='ocr_line' id='line_1_25' title="bbox 292 1740 1881 1809; baseline 0.003 -18"><span class='ocrx_word' id='word_1_175' title='bbox 292 1740 588 1807; x_wconf 81' lang='grc' dir='ltr'>συνεργάτην</span> <span class='ocrx_word' id='word_1_176' title='bbox 621 1746 715 1792; x_wconf 83' lang='grc' dir='ltr'>τῶν</span> <span class='ocrx_word' id='word_1_177' title='bbox 747 1743 873 1792; x_wconf 83' lang='grc' dir='ltr'>ἰδίων</span> <span class='ocrx_word' id='word_1_178' title='bbox 905 1742 1283 1809; x_wconf 87' lang='grc' dir='ltr'>κατορθωμάτων</span> <span class='ocrx_word' id='word_1_179' title='bbox 1318 1745 1513 1794; x_wconf 80' lang='grc' dir='ltr'>ἐποιεῖτο</span> <span class='ocrx_word' id='word_1_180' title='bbox 1546 1743 1698 1809; x_wconf 74' lang='grc' dir='ltr'>λέγων</span> <span class='ocrx_word' id='word_1_181' title='bbox 1726 1750 1752 1773; x_wconf 84' lang='grc'><strong>“</strong></span> <span class='ocrx_word' id='word_1_182' title='bbox 1771 1743 1881 1796; x_wconf 78' lang='grc' dir='ltr'>Ἀπ’</span> 
     </span>
     <span class='ocr_line' id='line_1_26' title="bbox 292 1823 1883 1894; baseline 0.001 -20"><span class='ocrx_word' id='word_1_183' title='bbox 292 1830 319 1852; x_wconf 83' lang='grc'><strong>“</strong></span> <span class='ocrx_word' id='word_1_184' title='bbox 347 1824 547 1887; x_wconf 81' lang='grc' dir='ltr'>ἐμαυτοῦ</span> <span class='ocrx_word' id='word_1_185' title='bbox 592 1823 724 1875; x_wconf 70' lang='grc' dir='ltr'>οὐδὲν</span> <span class='ocrx_word' id='word_1_186' title='bbox 762 1829 895 1887; x_wconf 80' lang='grc' dir='ltr'>ποιῶ,</span> <span class='ocrx_word' id='word_1_187' title='bbox 936 1825 1047 1875; x_wconf 77' lang='grc' dir='ltr'>ἀλλ’</span> <span class='ocrx_word' id='word_1_188' title='bbox 1087 1826 1111 1875; x_wconf 88' lang='grc' dir='ltr'>ὁ</span> <span class='ocrx_word' id='word_1_189' title='bbox 1152 1824 1348 1894; x_wconf 74' lang='grc' dir='ltr'>πέμψας</span> <span class='ocrx_word' id='word_1_190' title='bbox 1386 1849 1442 1889; x_wconf 89' lang='grc' dir='ltr'>με</span> <span class='ocrx_word' id='word_1_191' title='bbox 1486 1824 1654 1892; x_wconf 87' lang='grc' dir='ltr'>Πατὴρ</span> <span class='ocrx_word' id='word_1_192' title='bbox 1696 1827 1745 1876; x_wconf 83' lang='grc' dir='ltr'>ἐν</span> <span class='ocrx_word' id='word_1_193' title='bbox 1783 1827 1883 1889; x_wconf 83' lang='grc' dir='ltr'>ἐμοὶ</span> 
     </span>
     <span class='ocr_line' id='line_1_27' title="bbox 293 1906 1876 1975; baseline 0.001 -19"><span class='ocrx_word' id='word_1_194' title='bbox 293 1912 319 1936; x_wconf 78' lang='grc'><strong><em>“</em></strong></span> <span class='ocrx_word' id='word_1_195' title='bbox 343 1906 516 1969; x_wconf 78' lang='grc' dir='ltr'>με’νων,</span> <span class='ocrx_word' id='word_1_196' title='bbox 545 1912 670 1958; x_wconf 81' lang='grc' dir='ltr'>ποιεῖ</span> <span class='ocrx_word' id='word_1_197' title='bbox 689 1906 748 1958; x_wconf 79' lang='grc' dir='ltr'>τὰ</span> <span class='ocrx_word' id='word_1_198' title='bbox 775 1907 889 1974; x_wconf 70' lang='grc' dir='ltr'>ἔργα</span> <span class='ocrx_word' id='word_1_199' title='bbox 916 1907 1099 1962; x_wconf 73' lang='grc' dir='ltr'>αὐτός’.”</span> <span class='ocrx_word' id='word_1_200' title='bbox 1166 1908 1399 1975; x_wconf 72' lang='grc' dir='ltr'>εἰργάζετο</span> <span class='ocrx_word' id='word_1_201' title='bbox 1425 1907 1518 1975; x_wconf 77' lang='grc' dir='ltr'>γὰρ</span> <span class='ocrx_word' id='word_1_202' title='bbox 1552 1910 1614 1962; x_wconf 78' lang='grc' dir='ltr'>ὡς</span> <span class='ocrx_word' id='word_1_203' title='bbox 1644 1907 1720 1959; x_wconf 78' lang='grc' dir='ltr'>διὰ</span> <span class='ocrx_word' id='word_1_204' title='bbox 1745 1908 1876 1959; x_wconf 83' lang='grc' dir='ltr'>δυνά-</span> 
     </span>
     <span class='ocr_line' id='line_1_28' title="bbox 291 1989 1883 2058; baseline 0.004 -20"><span class='ocrx_word' id='word_1_205' title='bbox 291 2011 413 2052; x_wconf 76' lang='grc' dir='ltr'>μεως</span> <span class='ocrx_word' id='word_1_206' title='bbox 439 1990 555 2043; x_wconf 79' lang='grc' dir='ltr'>ἰδίας</span> <span class='ocrx_word' id='word_1_207' title='bbox 585 1995 668 2041; x_wconf 81' lang='grc' dir='ltr'>τοῦ</span> <span class='ocrx_word' id='word_1_208' title='bbox 694 1993 826 2053; x_wconf 78' lang='grc' dir='ltr'>Υἱοῦ,</span> <span class='ocrx_word' id='word_1_209' title='bbox 853 1991 907 2041; x_wconf 86' lang='grc' dir='ltr'>δι’</span> <span class='ocrx_word' id='word_1_210' title='bbox 937 1989 990 2041; x_wconf 75' lang='grc' dir='ltr'>οὗ</span> <span class='ocrx_word' id='word_1_211' title='bbox 1017 1992 1091 2041; x_wconf 78' lang='grc' dir='ltr'>καὶ</span> <span class='ocrx_word' id='word_1_212' title='bbox 1119 1992 1167 2041; x_wconf 87' lang='grc' dir='ltr'>ἐν</span> <span class='ocrx_word' id='word_1_213' title='bbox 1193 1992 1355 2058; x_wconf 78' lang='grc' dir='ltr'>ἀρχαῖς</span> <span class='ocrx_word' id='word_1_214' title='bbox 1383 1989 1467 2054; x_wconf 76' lang='grc' dir='ltr'>μὲν</span> <span class='ocrx_word' id='word_1_215' title='bbox 1492 1990 1551 2042; x_wconf 77' lang='grc' dir='ltr'>τὰ</span> <span class='ocrx_word' id='word_1_216' title='bbox 1582 1989 1738 2042; x_wconf 86' lang='grc' dir='ltr'>πάντα</span> <span class='ocrx_word' id='word_1_217' title='bbox 1764 1990 1883 2057; x_wconf 77' lang='grc' dir='ltr'>πρὸς</span> 
     </span>
     <span class='ocr_line' id='line_1_29' title="bbox 291 2069 1883 2140; baseline 0.002 -18"><span class='ocrx_word' id='word_1_218' title='bbox 291 2069 346 2122; x_wconf 81' lang='grc' dir='ltr'>τὸ</span> <span class='ocrx_word' id='word_1_219' title='bbox 372 2069 486 2122; x_wconf 75' lang='grc' dir='ltr'>εἶναι</span> <span class='ocrx_word' id='word_1_220' title='bbox 512 2071 811 2139; x_wconf 83' lang='grc' dir='ltr'>παρενεγκών</span> <span class='ocrx_word' id='word_1_221' title='bbox 837 2071 1023 2127; x_wconf 80' lang='grc' dir='ltr'>εἰκότως</span> <span class='ocrx_word' id='word_1_222' title='bbox 1058 2072 1353 2140; x_wconf 69' lang='grc' dir='ltr'>θαυμάζεται.</span> <span class='ocrx_word' id='word_1_223' title='bbox 1421 2072 1694 2137; x_wconf 87' lang='grc' dir='ltr'>μεμνήμεθα</span> <span class='ocrx_word' id='word_1_224' title='bbox 1732 2072 1780 2124; x_wconf 80' lang='grc' dir='ltr'>δὲ</span> <span class='ocrx_word' id='word_1_225' title='bbox 1811 2072 1883 2125; x_wconf 78' lang='grc' dir='ltr'>ὅτι</span> 
     </span>
     <span class='ocr_line' id='line_1_30' title="bbox 248 2153 1882 2225; baseline 0 -19"><span class='ocrx_word' id='word_1_226' title='bbox 248 2166 275 2206; x_wconf 83' lang='lat' dir='ltr'><strong>d</strong></span> <span class='ocrx_word' id='word_1_227' title='bbox 292 2153 422 2220; x_wconf 78' lang='grc' dir='ltr'>παρὰ</span> <span class='ocrx_word' id='word_1_228' title='bbox 447 2158 513 2224; x_wconf 73' lang='grc' dir='ltr'>τῷ</span> <span class='ocrx_word' id='word_1_229' title='bbox 535 2154 806 2225; x_wconf 79' lang='grc' dir='ltr'>σοφωτάτῳ</span> <span class='ocrx_word' id='word_1_230' title='bbox 833 2155 1035 2220; x_wconf 83' lang='grc' dir='ltr'>Δανιὴλ,</span> <span class='ocrx_word' id='word_1_231' title='bbox 1064 2157 1126 2209; x_wconf 77' lang='grc' dir='ltr'>ὡς</span> <span class='ocrx_word' id='word_1_232' title='bbox 1157 2155 1263 2221; x_wconf 80' lang='grc' dir='ltr'>ὅρος</span> <span class='ocrx_word' id='word_1_233' title='bbox 1296 2156 1405 2219; x_wconf 79' lang='grc' dir='ltr'>ἡμῖν</span> <span class='ocrx_word' id='word_1_234' title='bbox 1435 2154 1708 2219; x_wconf 84' lang='grc' dir='ltr'>ὠνόμασται</span> <span class='ocrx_word' id='word_1_235' title='bbox 1734 2154 1882 2207; x_wconf 86' lang='grc' dir='ltr'>πάλιν</span> 
     </span>
    </p>
   </div>
   <div class='ocr_carea' id='block_1_6' title="bbox 1021 2240 1034 2257">
    <p class='ocr_par' dir='ltr' id='par_1_9' title="bbox 1021 2240 1034 2257">
     <span class='ocr_line' id='line_1_31' title="bbox 1021 2240 1034 2257; baseline 0 0"><span class='ocrx_word' id='word_1_236' title='bbox 1021 2240 1034 2257; x_wconf 59' lang='lat' dir='ltr'>N</span> 
     </span>
    </p>
   </div>
   <div class='ocr_carea' id='block_1_7' title="bbox 293 2235 1880 2306">
    <p class='ocr_par' dir='ltr' id='par_1_10' title="bbox 293 2235 1880 2306">
     <span class='ocr_line' id='line_1_32' title="bbox 293 2235 1880 2306; baseline 0.001 -19"><span class='ocrx_word' id='word_1_237' title='bbox 293 2237 318 2287; x_wconf 85' lang='grc' dir='ltr'>ὁ</span> <span class='ocrx_word' id='word_1_238' title='bbox 344 2235 464 2290; x_wconf 66' lang='lat' dir='ltr'>Ceos*</span> <span class='ocrx_word' id='word_1_239' title='bbox 490 2261 565 2288; x_wconf 87' lang='grc' dir='ltr'>και</span> <span class='ocrx_word' id='word_1_240' title='bbox 594 2236 777 2304; x_wconf 86' lang='grc' dir='ltr'>Πατὴρ,</span> <span class='ocrx_word' id='word_1_241' title='bbox 802 2238 860 2306; x_wconf 80' lang='grc' dir='ltr'>ἐξ</span> <span class='ocrx_word' id='word_1_242' title='bbox 882 2237 935 2288; x_wconf 84' lang='grc' dir='ltr'>οὑ</span> <span class='ocrx_word' id='word_1_243' title='bbox 962 2261 1037 2289; x_wconf 88' lang='grc' dir='ltr'>και</span> <span class='ocrx_word' id='word_1_244' title='bbox 1065 2246 1090 2267; x_wconf 84' lang='grc'><strong>“</strong></span> <span class='ocrx_word' id='word_1_245' title='bbox 1107 2239 1240 2292; x_wconf 80' lang='grc' dir='ltr'>λιθος</span> <span class='ocrx_word' id='word_1_246' title='bbox 1271 2238 1379 2289; x_wconf 76' lang='grc' dir='ltr'>ἄνευ</span> <span class='ocrx_word' id='word_1_247' title='bbox 1410 2242 1577 2305; x_wconf 82' lang='grc' dir='ltr'>χειρῶν</span> <span class='ocrx_word' id='word_1_248' title='bbox 1603 2237 1850 2303; x_wconf 83' lang='grc' dir='ltr'>ἐτμήθη,</span> <span class='ocrx_word' id='word_1_249' title='bbox 1830 2262 1880 2293; x_wconf 80' lang='grc' dir='ltr'>ος</span> 
     </span>
    </p>
   </div>
   <div class='ocr_carea' id='block_1_8' title="bbox 309 2318 1881 2388">
    <p class='ocr_par' dir='ltr' id='par_1_11' title="bbox 309 2318 1881 2388">
     <span class='ocr_line' id='line_1_33' title="bbox 309 2318 1881 2388; baseline 0.001 -18.024"><span class='ocrx_word' id='word_1_250' title='bbox 309 2321 421 2370; x_wconf 68' lang='grc' dir='ltr'>ίκοιι</span> <span class='ocrx_word' id='word_1_251' title='bbox 456 2319 676 2371; x_wconf 83' lang='grc' dir='ltr'>ε’λεπτυνε</span> <span class='ocrx_word' id='word_1_252' title='bbox 709 2343 793 2371; x_wconf 92' lang='grc' dir='ltr'>τον</span> <span class='ocrx_word' id='word_1_253' title='bbox 826 2320 1025 2388; x_wconf 83' lang='grc' dir='ltr'>χρυσὸν,</span> <span class='ocrx_word' id='word_1_254' title='bbox 1060 2343 1143 2371; x_wconf 91' lang='grc' dir='ltr'>τον</span> <span class='ocrx_word' id='word_1_255' title='bbox 1179 2320 1397 2387; x_wconf 74' lang='grc' dir='ltr'>ἄργυρον,</span> <span class='ocrx_word' id='word_1_256' title='bbox 1435 2320 1518 2371; x_wconf 77' lang='grc' dir='ltr'>τὸν</span> <span class='ocrx_word' id='word_1_257' title='bbox 1554 2318 1756 2388; x_wconf 84' lang='grc' dir='ltr'>χαλκον,</span> <span class='ocrx_word' id='word_1_258' title='bbox 1797 2319 1881 2372; x_wconf 84' lang='grc' dir='ltr'>τὸν</span> 
     </span>
    </p>
   </div>
   <div class='ocr_carea' id='block_1_9' title="bbox 289 2492 1879 2961">
    <p class='ocr_par' dir='ltr' id='par_1_12' title="bbox 289 2492 1879 2958">
     <span class='ocr_line' id='line_1_34' title="bbox 342 2492 1879 2538; baseline 0.002 -13"><span class='ocrx_word' id='word_1_259' title='bbox 342 2503 371 2526; x_wconf 88' lang='grc' dir='ltr'>Ι.</span> <span class='ocrx_word' id='word_1_260' title='bbox 397 2506 433 2526; x_wconf 85' lang='grc' dir='ltr'>τε</span> <span class='ocrx_word' id='word_1_261' title='bbox 451 2504 520 2526; x_wconf 86' lang='lat' dir='ltr'>om.</span> <span class='ocrx_word' id='word_1_262' title='bbox 541 2492 581 2527; x_wconf 90' lang='lat' dir='ltr'>C.</span> <span class='ocrx_word' id='word_1_263' title='bbox 788 2505 818 2528; x_wconf 85' lang='lat'>2.</span> <span class='ocrx_word' id='word_1_264' title='bbox 844 2494 952 2528; x_wconf 79' lang='grc' dir='ltr'>πάντα</span> <span class='ocrx_word' id='word_1_265' title='bbox 972 2493 1011 2528; x_wconf 82' lang='lat' dir='ltr'>C.</span> <span class='ocrx_word' id='word_1_266' title='bbox 1030 2495 1156 2528; x_wconf 79' lang='grc' dir='ltr'>πάντας</span> <span class='ocrx_word' id='word_1_267' title='bbox 1175 2493 1266 2528; x_wconf 82' lang='lat' dir='ltr'>Edd.</span> <span class='ocrx_word' id='word_1_268' title='bbox 1470 2505 1503 2538; x_wconf 83' lang='lat'>3.</span> <span class='ocrx_word' id='word_1_269' title='bbox 1529 2492 1628 2538; x_wconf 84' lang='grc' dir='ltr'>κατὰ]</span> <span class='ocrx_word' id='word_1_270' title='bbox 1653 2497 1690 2534; x_wconf 62' lang='lat'>4-</span> <span class='ocrx_word' id='word_1_271' title='bbox 1711 2494 1769 2527; x_wconf 79' lang='grc' dir='ltr'>τὸν</span> <span class='ocrx_word' id='word_1_272' title='bbox 1787 2492 1879 2528; x_wconf 84' lang='lat' dir='ltr'>Edd.</span> 
     </span>
     <span class='ocr_line' id='line_1_35' title="bbox 290 2538 1878 2586; baseline 0.001 -14"><span class='ocrx_word' id='word_1_273' title='bbox 290 2538 408 2572; x_wconf 86' lang='lat' dir='ltr'>invitis</span> <span class='ocrx_word' id='word_1_274' title='bbox 429 2539 470 2573; x_wconf 91' lang='lat' dir='ltr'>B.</span> <span class='ocrx_word' id='word_1_275' title='bbox 476 2540 516 2574; x_wconf 91' lang='lat' dir='ltr'>C.</span> <span class='ocrx_word' id='word_1_276' title='bbox 913 2554 944 2583; x_wconf 80' lang='lat'>4.</span> <span class='ocrx_word' id='word_1_277' title='bbox 913 2542 1100 2586; x_wconf 71' lang='grc' dir='ltr'>4ἕφημεν</span> <span class='ocrx_word' id='word_1_278' title='bbox 1121 2541 1162 2575; x_wconf 88' lang='lat' dir='ltr'>C.</span> <span class='ocrx_word' id='word_1_279' title='bbox 1179 2541 1246 2585; x_wconf 76' lang='grc' dir='ltr'>ἔφη</span> <span class='ocrx_word' id='word_1_280' title='bbox 1264 2540 1324 2584; x_wconf 82' lang='grc' dir='ltr'>μὲν</span> <span class='ocrx_word' id='word_1_281' title='bbox 1343 2540 1434 2574; x_wconf 85' lang='lat' dir='ltr'>Edd.</span> <span class='ocrx_word' id='word_1_282' title='bbox 1484 2541 1519 2574; x_wconf 83' lang='grc' dir='ltr'>ἐν</span> <span class='ocrx_word' id='word_1_283' title='bbox 1535 2547 1758 2584; x_wconf 84' lang='lat' dir='ltr'><strong>assumptum</strong></span> <span class='ocrx_word' id='word_1_284' title='bbox 1776 2551 1816 2573; x_wconf 81' lang='lat' dir='ltr'>ex</span> <span class='ocrx_word' id='word_1_285' title='bbox 1837 2540 1878 2574; x_wconf 93' lang='lat' dir='ltr'>C.</span> 
     </span>
     <span class='ocr_line' id='line_1_36' title="bbox 293 2586 1879 2633; baseline 0.002 -14.006"><span class='ocrx_word' id='word_1_286' title='bbox 293 2594 323 2629; x_wconf 93' lang='lat'>7.</span> <span class='ocrx_word' id='word_1_287' title='bbox 350 2586 402 2619; x_wconf 84' lang='grc' dir='ltr'>καὶ</span> <span class='ocrx_word' id='word_1_288' title='bbox 421 2586 574 2630; x_wconf 86' lang='lat' dir='ltr'><strong>primum</strong></span> <span class='ocrx_word' id='word_1_289' title='bbox 592 2595 814 2633; x_wconf 82' lang='lat' dir='ltr'>assumptum</span> <span class='ocrx_word' id='word_1_290' title='bbox 832 2600 872 2621; x_wconf 84' lang='lat' dir='ltr'>ex</span> <span class='ocrx_word' id='word_1_291' title='bbox 895 2588 935 2622; x_wconf 87' lang='lat' dir='ltr'>B.</span> <span class='ocrx_word' id='word_1_292' title='bbox 942 2588 982 2622; x_wconf 90' lang='lat' dir='ltr'>C.</span> <span class='ocrx_word' id='word_1_293' title='bbox 1232 2588 1263 2622; x_wconf 83' lang='lat'>8.</span> <span class='ocrx_word' id='word_1_294' title='bbox 1290 2588 1322 2621; x_wconf 82' lang='grc' dir='ltr'>αἱ</span> <span class='ocrx_word' id='word_1_295' title='bbox 1341 2599 1410 2622; x_wconf 89' lang='lat' dir='ltr'>om.</span> <span class='ocrx_word' id='word_1_296' title='bbox 1431 2586 1472 2621; x_wconf 92' lang='lat' dir='ltr'>C.</span> <span class='ocrx_word' id='word_1_297' title='bbox 1712 2597 1763 2620; x_wconf 90' lang='lat'>10.</span> <span class='ocrx_word' id='word_1_298' title='bbox 1789 2588 1879 2622; x_wconf 79' lang='grc' dir='ltr'>τινὸς</span> 
     </span>
     <span class='ocr_line' id='line_1_37' title="bbox 289 2632 1877 2678; baseline 0.001 -13"><span class='ocrx_word' id='word_1_299' title='bbox 289 2632 600 2676; x_wconf 83' lang='grc' dir='ltr'>ἀναπυνθανομένου</span> <span class='ocrx_word' id='word_1_300' title='bbox 618 2649 653 2668; x_wconf 83' lang='grc' dir='ltr'>τε</span> <span class='ocrx_word' id='word_1_301' title='bbox 673 2634 712 2668; x_wconf 88' lang='lat' dir='ltr'>C.</span> <span class='ocrx_word' id='word_1_302' title='bbox 732 2635 1044 2678; x_wconf 81' lang='grc' dir='ltr'>ἀνιιπυνθανομένου</span> <span class='ocrx_word' id='word_1_303' title='bbox 1061 2635 1151 2670; x_wconf 83' lang='grc' dir='ltr'>τινὸς</span> <span class='ocrx_word' id='word_1_304' title='bbox 1169 2633 1260 2668; x_wconf 85' lang='lat' dir='ltr'>Edd.</span> <span class='ocrx_word' id='word_1_305' title='bbox 1559 2644 1611 2667; x_wconf 89' lang='lat'>11.</span> <span class='ocrx_word' id='word_1_306' title='bbox 1636 2633 1766 2668; x_wconf 81' lang='grc' dir='ltr'>πάντως</span> <span class='ocrx_word' id='word_1_307' title='bbox 1786 2633 1877 2667; x_wconf 85' lang='lat' dir='ltr'>Edd.</span> 
     </span>
     <span class='ocr_line' id='line_1_38' title="bbox 294 2679 1877 2725; baseline 0.001 -13"><span class='ocrx_word' id='word_1_308' title='bbox 294 2690 346 2713; x_wconf 92' lang='lat'>12.</span> <span class='ocrx_word' id='word_1_309' title='bbox 371 2680 623 2725; x_wconf 81' lang='grc' dir='ltr'>προσυπακούει</span> <span class='ocrx_word' id='word_1_310' title='bbox 644 2681 684 2715; x_wconf 86' lang='grc' dir='ltr'>Β.</span> <span class='ocrx_word' id='word_1_311' title='bbox 691 2682 730 2716; x_wconf 89' lang='lat' dir='ltr'>C.</span> <span class='ocrx_word' id='word_1_312' title='bbox 748 2681 1045 2725; x_wconf 82' lang='grc' dir='ltr'>προσυπακούεται</span> <span class='ocrx_word' id='word_1_313' title='bbox 1065 2681 1158 2716; x_wconf 84' lang='lat' dir='ltr'>Edd.</span> <span class='ocrx_word' id='word_1_314' title='bbox 1452 2690 1504 2723; x_wconf 92' lang='lat'>15.</span> <span class='ocrx_word' id='word_1_315' title='bbox 1529 2681 1548 2713; x_wconf 90' lang='grc' dir='ltr'>ὁ</span> <span class='ocrx_word' id='word_1_316' title='bbox 1566 2691 1628 2724; x_wconf 89' lang='lat' dir='ltr'>pro</span> <span class='ocrx_word' id='word_1_317' title='bbox 1646 2679 1664 2722; x_wconf 88' lang='grc' dir='ltr'>ἡ</span> <span class='ocrx_word' id='word_1_318' title='bbox 1685 2679 1725 2713; x_wconf 87' lang='lat' dir='ltr'>C.</span> <span class='ocrx_word' id='word_1_319' title='bbox 1774 2680 1877 2725; x_wconf 78' lang='grc' dir='ltr'>ὑπερ-</span> 
     </span>
     <span class='ocr_line' id='line_1_39' title="bbox 290 2725 1876 2772; baseline 0.003 -13"><span class='ocrx_word' id='word_1_320' title='bbox 290 2740 397 2760; x_wconf 80' lang='grc' dir='ltr'>εκεινιι</span> <span class='ocrx_word' id='word_1_321' title='bbox 416 2726 487 2761; x_wconf 87' lang='lat' dir='ltr'>C.</span> <span class='ocrx_word' id='word_1_322' title='bbox 473 2742 712 2772; x_wconf 85' lang='grc' dir='ltr'>υπερεπεκεινα</span> <span class='ocrx_word' id='word_1_323' title='bbox 730 2728 822 2762; x_wconf 78' lang='lat' dir='ltr'>Edd.</span> <span class='ocrx_word' id='word_1_324' title='bbox 1136 2728 1188 2762; x_wconf 86' lang='lat'>16.</span> <span class='ocrx_word' id='word_1_325' title='bbox 1214 2726 1346 2771; x_wconf 75' lang='grc' dir='ltr'>δόξαΟ</span> <span class='ocrx_word' id='word_1_326' title='bbox 1350 2727 1485 2761; x_wconf 79' lang='lat' dir='ltr'>.invit0</span> <span class='ocrx_word' id='word_1_327' title='bbox 1505 2727 1550 2761; x_wconf 93' lang='lat' dir='ltr'>D.</span> <span class='ocrx_word' id='word_1_328' title='bbox 1616 2725 1633 2769; x_wconf 84' lang='grc' dir='ltr'>ἡ</span> <span class='ocrx_word' id='word_1_329' title='bbox 1653 2733 1876 2771; x_wconf 82' lang='lat' dir='ltr'>assumptum</span> 
     </span>
     <span class='ocr_line' id='line_1_40' title="bbox 290 2772 1875 2818; baseline 0.002 -13"><span class='ocrx_word' id='word_1_330' title='bbox 290 2784 332 2806; x_wconf 81' lang='lat' dir='ltr'>ex</span> <span class='ocrx_word' id='word_1_331' title='bbox 352 2772 392 2807; x_wconf 87' lang='lat' dir='ltr'>C.</span> <span class='ocrx_word' id='word_1_332' title='bbox 741 2786 796 2810; x_wconf 83' lang='lat'>20.</span> <span class='ocrx_word' id='word_1_333' title='bbox 821 2775 918 2810; x_wconf 77' lang='grc' dir='ltr'>οὐδὲν</span> <span class='ocrx_word' id='word_1_334' title='bbox 934 2779 1019 2809; x_wconf 85' lang='grc' dir='ltr'>ποιῶ</span> <span class='ocrx_word' id='word_1_335' title='bbox 1036 2774 1104 2809; x_wconf 85' lang='lat' dir='ltr'>hoc</span> <span class='ocrx_word' id='word_1_336' title='bbox 1121 2775 1242 2809; x_wconf 85' lang='lat' dir='ltr'>ordine</span> <span class='ocrx_word' id='word_1_337' title='bbox 1261 2774 1301 2808; x_wconf 91' lang='lat' dir='ltr'>C.</span> <span class='ocrx_word' id='word_1_338' title='bbox 1349 2773 1427 2807; x_wconf 78' lang='grc' dir='ltr'>ἀλλ</span> <span class='ocrx_word' id='word_1_339' title='bbox 1447 2789 1464 2806; x_wconf 86' lang='lat'>0</span> <span class='ocrx_word' id='word_1_340' title='bbox 1481 2773 1622 2818; x_wconf 77' lang='grc' dir='ltr'>πέμψας</span> <span class='ocrx_word' id='word_1_341' title='bbox 1637 2787 1678 2817; x_wconf 89' lang='grc' dir='ltr'>με</span> <span class='ocrx_word' id='word_1_342' title='bbox 1696 2774 1814 2816; x_wconf 81' lang='grc' dir='ltr'>Πατὴρ</span> <span class='ocrx_word' id='word_1_343' title='bbox 1834 2773 1875 2809; x_wconf 88' lang='lat' dir='ltr'>C.</span> 
     </span>
     <span class='ocr_line' id='line_1_41' title="bbox 291 2819 1875 2872; baseline 0.001 -20"><span class='ocrx_word' id='word_1_344' title='bbox 291 2834 309 2851; x_wconf 86' lang='lat'>0</span> <span class='ocrx_word' id='word_1_345' title='bbox 327 2819 361 2853; x_wconf 79' lang='grc' dir='ltr'>δὲ</span> <span class='ocrx_word' id='word_1_346' title='bbox 380 2820 497 2863; x_wconf 83' lang='grc' dir='ltr'>Πατὴρ</span> <span class='ocrx_word' id='word_1_347' title='bbox 517 2836 534 2853; x_wconf 87' lang='lat'>0</span> <span class='ocrx_word' id='word_1_348' title='bbox 554 2821 582 2855; x_wconf 89' lang='lat' dir='ltr'>F</span> <span class='ocrx_word' id='word_1_349' title='bbox 587 2820 645 2856; x_wconf 81' lang='lat' dir='ltr'>dd.</span> <span class='ocrx_word' id='word_1_350' title='bbox 922 2833 976 2856; x_wconf 81' lang='lat'>22.</span> <span class='ocrx_word' id='word_1_351' title='bbox 1001 2822 1062 2866; x_wconf 84' lang='grc' dir='ltr'>μὲν</span> <span class='ocrx_word' id='word_1_352' title='bbox 1079 2827 1302 2866; x_wconf 80' lang='lat' dir='ltr'>assumptum</span> <span class='ocrx_word' id='word_1_353' title='bbox 1320 2832 1361 2854; x_wconf 83' lang='lat' dir='ltr'>ex</span> <span class='ocrx_word' id='word_1_354' title='bbox 1381 2820 1420 2854; x_wconf 91' lang='lat' dir='ltr'>C.</span> <span class='ocrx_word' id='word_1_355' title='bbox 1693 2831 1748 2872; x_wconf 79' lang='grc'>23.</span> <span class='ocrx_word' id='word_1_356' title='bbox 1778 2820 1875 2854; x_wconf 87' lang='lat' dir='ltr'>Haec</span> 
     </span>
     <span class='ocr_line' id='line_1_42' title="bbox 290 2865 1873 2914; baseline 0.001 -15"><span class='ocrx_word' id='word_1_357' title='bbox 290 2865 482 2909; x_wconf 78' lang='grc' dir='ltr'>μεμνήμεθα</span> <span class='ocrx_word' id='word_1_358' title='bbox 507 2868 542 2901; x_wconf 82' lang='grc' dir='ltr'>δέ</span> <span class='ocrx_word' id='word_1_359' title='bbox 569 2868 620 2902; x_wconf 84' lang='grc' dir='ltr'>ὅτι</span> <span class='ocrx_word' id='word_1_360' title='bbox 645 2878 867 2903; x_wconf 78' lang='lat' dir='ltr'>accesserunt</span> <span class='ocrx_word' id='word_1_361' title='bbox 891 2881 933 2903; x_wconf 81' lang='lat' dir='ltr'>ex</span> <span class='ocrx_word' id='word_1_362' title='bbox 960 2868 1000 2904; x_wconf 90' lang='lat' dir='ltr'>C.</span> <span class='ocrx_word' id='word_1_363' title='bbox 1025 2868 1218 2914; x_wconf 79' lang='grc' dir='ltr'>μεμνήμεθα</span> <span class='ocrx_word' id='word_1_364' title='bbox 1243 2867 1323 2901; x_wconf 77' lang='grc' dir='ltr'>δὲ”</span> <span class='ocrx_word' id='word_1_365' title='bbox 1305 2881 1354 2901; x_wconf 86' lang='grc' dir='ltr'>ετι</span> <span class='ocrx_word' id='word_1_366' title='bbox 1374 2867 1421 2901; x_wconf 91' lang='lat' dir='ltr'>D.</span> <span class='ocrx_word' id='word_1_367' title='bbox 1441 2866 1583 2900; x_wconf 79' lang='lat' dir='ltr'>Lacuna</span> <span class='ocrx_word' id='word_1_368' title='bbox 1607 2872 1701 2911; x_wconf 82' lang='lat' dir='ltr'>patet</span> <span class='ocrx_word' id='word_1_369' title='bbox 1726 2868 1761 2900; x_wconf 86' lang='lat' dir='ltr'>iu</span> <span class='ocrx_word' id='word_1_370' title='bbox 1780 2866 1873 2902; x_wconf 88' lang='lat' dir='ltr'>Edd.</span> 
     </span>
     <span class='ocr_line' id='line_1_43' title="bbox 294 2913 1873 2961; baseline 0.001 -15"><span class='ocrx_word' id='word_1_371' title='bbox 294 2922 347 2952; x_wconf 83' lang='lat'>25.</span> <span class='ocrx_word' id='word_1_372' title='bbox 374 2917 496 2957; x_wconf 80' lang='grc' dir='ltr'>χειρῶν</span> <span class='ocrx_word' id='word_1_373' title='bbox 514 2914 553 2948; x_wconf 89' lang='lat' dir='ltr'>C.</span> <span class='ocrx_word' id='word_1_374' title='bbox 560 2916 603 2948; x_wconf 92' lang='lat' dir='ltr'>D.</span> <span class='ocrx_word' id='word_1_375' title='bbox 609 2915 642 2949; x_wconf 88' lang='lat' dir='ltr'>b.</span> <span class='ocrx_word' id='word_1_376' title='bbox 660 2917 773 2961; x_wconf 85' lang='grc' dir='ltr'>χειρὸς</span> <span class='ocrx_word' id='word_1_377' title='bbox 792 2915 884 2950; x_wconf 82' lang='lat' dir='ltr'>Edd.</span> <span class='ocrx_word' id='word_1_378' title='bbox 1085 2916 1138 2951; x_wconf 79' lang='lat'>26.</span> <span class='ocrx_word' id='word_1_379' title='bbox 1164 2913 1341 2950; x_wconf 82' lang='grc' dir='ltr'>κατέλεπτ.</span> <span class='ocrx_word' id='word_1_380' title='bbox 1360 2925 1424 2958; x_wconf 84' lang='lat' dir='ltr'>pro</span> <span class='ocrx_word' id='word_1_381' title='bbox 1441 2914 1494 2947; x_wconf 86' lang='grc' dir='ltr'>κιιὶ</span> <span class='ocrx_word' id='word_1_382' title='bbox 1511 2913 1626 2948; x_wconf 88' lang='grc' dir='ltr'>ε’λεπτ.</span> <span class='ocrx_word' id='word_1_383' title='bbox 1644 2913 1679 2948; x_wconf 93' lang='lat' dir='ltr'>b.</span> <span class='ocrx_word' id='word_1_384' title='bbox 1697 2913 1806 2948; x_wconf 79' lang='lat' dir='ltr'>invito</span> <span class='ocrx_word' id='word_1_385' title='bbox 1825 2913 1873 2949; x_wconf 90' lang='lat' dir='ltr'>D.</span> 
     </span>
    </p>
   </div>
   <div class='ocr_carea' id='block_1_10' title="bbox 291 2959 923 3007">
    <p class='ocr_par' dir='ltr' id='par_1_13' title="bbox 291 2959 923 3007">
     <span class='ocr_line' id='line_1_44' title="bbox 291 2959 923 3007; baseline 0.013 -17"><span class='ocrx_word' id='word_1_386' title='bbox 291 2959 348 2992; x_wconf 86' lang='grc' dir='ltr'>τὸν</span> <span class='ocrx_word' id='word_1_387' title='bbox 365 2961 496 3004; x_wconf 83' lang='grc' dir='ltr'>χρυσὸν</span> <span class='ocrx_word' id='word_1_388' title='bbox 515 2961 555 2996; x_wconf 89' lang='lat' dir='ltr'>C.</span> <span class='ocrx_word' id='word_1_389' title='bbox 561 2962 593 2996; x_wconf 90' lang='lat' dir='ltr'>b.</span> <span class='ocrx_word' id='word_1_390' title='bbox 612 2963 649 2996; x_wconf 86' lang='grc' dir='ltr'>τὸ</span> <span class='ocrx_word' id='word_1_391' title='bbox 668 2963 813 3007; x_wconf 84' lang='grc' dir='ltr'>χρυσίον</span> <span class='ocrx_word' id='word_1_392' title='bbox 833 2962 923 2997; x_wconf 82' lang='lat' dir='ltr'>Edd.</span> 
     </span>
    </p>
   </div>
   <div class='ocr_carea' id='block_1_11' title="bbox 1907 604 1929 642">
    <p class='ocr_par' dir='ltr' id='par_1_14' title="bbox 1907 604 1929 642">
     <span class='ocr_line' id='line_1_45' title="bbox 1907 604 1929 642; baseline 0 0"><span class='ocrx_word' id='word_1_393' title='bbox 1907 604 1929 642; x_wconf 91' lang='lat'>5</span> 
     </span>
    </p>
   </div>
   <div class='ocr_carea' id='block_1_12' title="bbox 1910 1019 1957 1044">
    <p class='ocr_par' dir='ltr' id='par_1_15' title="bbox 1910 1019 1957 1044">
     <span class='ocr_line' id='line_1_46' title="bbox 1910 1019 1957 1044; baseline 0.021 -1"><span class='ocrx_word' id='word_1_394' title='bbox 1910 1019 1957 1044; x_wconf 93' lang='lat'>10</span> 
     </span>
    </p>
   </div>
   <div class='ocr_carea' id='block_1_13' title="bbox 1908 1430 1953 1468">
    <p class='ocr_par' dir='ltr' id='par_1_16' title="bbox 1908 1430 1953 1468">
     <span class='ocr_line' id='line_1_47' title="bbox 1908 1430 1953 1468; baseline 0 0"><span class='ocrx_word' id='word_1_395' title='bbox 1908 1430 1953 1468; x_wconf 90' lang='lat'>15</span> 
     </span>
    </p>
   </div>
   <div class='ocr_carea' id='block_1_14' title="bbox 1904 1849 1953 1874">
    <p class='ocr_par' dir='ltr' id='par_1_17' title="bbox 1904 1849 1953 1874">
     <span class='ocr_line' id='line_1_48' title="bbox 1904 1849 1953 1874; baseline 0.02 -1"><span class='ocrx_word' id='word_1_396' title='bbox 1904 1849 1953 1874; x_wconf 87' lang='lat'>20</span> 
     </span>
    </p>
   </div>
   <div class='ocr_carea' id='block_1_15' title="bbox 1901 2255 2007 2294">
    <p class='ocr_par' dir='ltr' id='par_1_18' title="bbox 1901 2255 2007 2294">
     <span class='ocr_line' id='line_1_49' title="bbox 1901 2255 2007 2294; baseline 0 -12"><span class='ocrx_word' id='word_1_397' title='bbox 1901 2255 2007 2294; x_wconf 66' lang='grc'>254</span> 
     </span>
    </p>
   </div>
  </div>
 </body>
</html>
