2053 3382
324 196 408 236 580
717 196 766 236 Β.
811 194 1088 236 CYRILLI
1128 195 1521 238 ALEXANDR.
1812 197 1854 238 ii.
1874 212 1912 253 9.

101 291 219 366 2³3¹}
326 302 579 364 διεβίωσάν
622 324 741 355 τινες
790 301 874 364 μὲν
917 304 1215 368 ἱεροπρεπῶς,
1261 303 1309 352 ἐν
1354 302 1509 371 εἰρήνῃ
1561 303 1914 357 κατευθύνοντες

325 383 514 437 ἑαυτούς
552 406 601 434 τε
642 385 718 433 καὶ
757 383 950 449 ἑτέρους,
987 385 1063 434 καὶ
1102 382 1229 448 ἦσαν
1258 383 1376 447 μετὰ
1415 387 1553 447 Θεοῦ,
1590 387 1664 435 καὶ
1702 384 1915 438 πολλοὺς

102 483 153 514 lb.
175 490 203 523 7.
326 465 628 533 ἐπέστρεψαν
654 464 747 516 ἀπὸ
773 464 965 518 ἀδικίας.
1005 465 1300 533 πεφορέκασι
1324 464 1417 531 γὰρ
1441 467 1489 516 ἐν
1514 467 1695 534 χείλεσι
1720 470 1914 532 γνῶσιν,

287 548 400 597 οκαί
440 548 646 612 ἀκριβεῖς
684 546 914 612 γεγόνασι
952 551 1047 597 τῶν
1083 547 1219 598 θείων
1254 546 1416 613 λόγων
1451 549 1735 614 ἑρμηνευταί.
1786 550 1828 598 οἱ
1867 547 1916 598 δὲ

325 627 381 692 δὴ
417 629 513 691 μετ’
542 629 752 690 ἐκείνους,
780 629 855 679 καὶ
892 628 1010 693 πρὸς
1045 628 1124 682 οὓς
1159 630 1184 679 ὁ
1220 628 1378 694 λόγος,
1407 631 1738 682 ἑκκεκλίκασιν
1765 630 1813 681 ἐκ
1841 629 1915 690 τῆς
1935 649 1957 689 5

326 707 432 762 ὁδοῦ·
484 711 797 776 παρώλισθον
842 710 936 777 γὰρ
982 716 1064 762 τοῦ
1108 711 1299 773 εἰκότος,
1348 716 1481 779 σφᾶς
1525 734 1573 762 τε
1624 710 1790 765 αὐτοὺς
1841 713 1918 762 καὶ

325 792 505 859 ἑτέρους
531 794 584 843 οὐ
609 794 807 859 μετρίως
832 793 1076 857 ἠδίκησαν·
1121 798 1198 844 καὶ
1231 793 1430 849 πολλαὶς
1464 793 1693 855 ἠσθένησαν
1718 796 1754 846 ἓν
1782 794 1912 864 νόμῳ,

324 875 568 926 τουτέστιν
594 876 806 928 ἀσθενεῖς
831 877 906 925 καί
935 874 1312 941 ἀδρανεστάτους
1339 875 1706 927 ἀποτετελέκασι
1730 877 1839 942 περί
1861 898 1915 941 γε

321 955 377 1008 τὸ
413 960 506 1007 δεῖν
532 956 729 1008 ἑλέσθαι
763 962 899 1018 βιοῦν
935 957 1154 1020 ἐννόμως.
1212 961 1249 1008 εἰ
1285 957 1379 1023 γὰρ
1414 958 1504 1026 ἔξω
1539 964 1621 1009 τοῦ
1656 958 1916 1024 πρέποντος

322 1039 496 1106 οἴχεται
523 1038 577 1090 τὸ
604 1039 879 1104 ἡγούμενον,
904 1044 1005 1093 πῶς
1031 1037 1088 1103 ἦν
1112 1038 1178 1103 μὴ
1207 1041 1311 1107 οὐχὶ
1344 1039 1498 1105 πάντη
1533 1063 1582 1091 τε
1618 1042 1694 1091 καὶ
1728 1039 1916 1094 πάντως
1939 1064 1987 1090 ιο

322 1125 740 1190 συναποφοιτῆσαι
775 1121 829 1172 τὸ
866 1121 1088 1186 ὑπήκοον,
1123 1124 1197 1172 καὶ
1233 1127 1328 1175 τοῖς
1366 1124 1630 1189 προῦχουσι
1671 1144 1912 1188 συγκατο-

104 1209 193 1244 840
209 1208 260 1243 A·
285 1208 512 1255 ἃλισθεῖν
549 1204 604 1254 τὸ
646 1206 694 1254 ἐν
731 1205 873 1272 μοίρᾳ
913 1208 970 1271 τῇ
1013 1204 1370 1273 καταδεεστέρᾳ,
1412 1207 1486 1255 καὶ
1532 1208 1593 1258 ὡς
1638 1207 1685 1255 ἐν
1724 1204 1917 1255 συνέσει

322 1286 762 1350 μειονεκτούμενον;
818 1285 981 1352 ὥσπερ
1026 1286 1118 1353 γὰρ
1163 1287 1354 1348 ε”ννομός
1395 1310 1443 1337 τε
1486 1289 1559 1338 καὶ
1601 1287 1731 1340 ὅσιος
1775 1285 1917 1352 ἱερεὺς

323 1367 526 1432 μιμητὰς
552 1368 804 1434 ἐργάσεται
835 1373 930 1419 τῶν
957 1370 1084 1419 ἰδίων
1110 1369 1489 1434 κατορθωμάτων
1515 1370 1621 1423 τοὺς
1659 1369 1749 1420 ὑπὸ
1784 1374 1916 1436 χεῖρα

324 1450 485 1503 λαούς·
529 1451 674 1502 οὕτως
701 1454 775 1500 καί
800 1449 852 1500 τὸ
879 1453 1103 1501 ἐναντίον.
1162 1454 1197 1501 εἰ
1235 1450 1328 1515 γὰρ
1363 1452 1491 1501 αὐτοὶ
1525 1448 1820 1520 ὃιεφθοὶρκασι
1847 1449 1915 1510 τὴν
1940 1468 1985 1507 15

326 1529 524 1591 διαθήκην
562 1534 630 1582 τοῦ
663 1535 783 1590 Λευ),
819 1537 919 1586 πῶς
954 1531 1010 1595 ἧν
1048 1531 1166 1586 εἰκὸς
1202 1532 1307 1585 τοὺς
1342 1535 1450 1598 παρ’
1481 1534 1634 1584 αὐτῶν
1665 1555 1910 1597 μεμυστα-

324 1614 626 1679 γωγημένους
653 1613 832 1664 σεπτὸν
859 1615 1077 1678 ἡγεῖσθαι
1105 1613 1186 1664 τὸν
1215 1613 1357 1677 νόμον
1381 1637 1392 1675 ;

286 1865 307 1899 9
330 1863 403 1904 Καὶ
429 1864 515 1910 esd>
542 1864 713 1905 δέδωκα
742 1865 849 1912 ὑμᾶς
876 1864 1248 1911 ἐξουδενωμὲνουε
1278 1865 1345 1905 καὶ
1372 1865 1655 1921 Παρειμὲνουε
1688 1862 1748 1906 εἰς
1774 1866 1911 1906 Πάντα

393 1948 442 1988 τά
481 1948 595 1998 geva,
623 1948 714 1989 ἀνθ’
747 1946 808 1988 ὧν
842 1948 957 1995 ὑμεῖς
996 1949 1071 1989 οὐκ
1111 1950 1384 2005 ἐφυλάὲαοθε
1422 1949 1496 1990 τὰς
1535 1948 1661 1992 ὁδούς
1699 1964 1778 1998 μου
1817 1949 1905 1990 ἀλλ’

280 2028 306 2068 b
392 2030 655 2079 ἐλαμβάνετε
688 2032 901 2087 Πρόῡωπο(
936 2032 981 2072 ὲν
1010 2033 1139 2085 νόμῳ.
1936 2048 1986 2074 20

399 2173 511 2223 Ἐπὶ
538 2172 621 2226 τὰς
653 2178 747 2223 τῶν
772 2174 988 2239 πατέρων
1013 2174 1193 2224 ἄνεισιν
1217 2175 1458 2240 ἁμαρτίας,
1488 2173 1831 2237 ὑπομιμνήσκει
1865 2175 1913 2224 δὲ

326 2256 402 2304 καὶ
436 2253 603 2308 αὐτοὺς
636 2259 730 2305 τῶν
762 2257 969 2322 ἀρχαίων
996 2254 1296 2318 αἰτιαμάτων.
1352 2258 1426 2305 καί
1460 2257 1645 2321 ἐπείπερ
1679 2254 1804 2319 ἦσαν
1831 2256 1913 2305 οὐκ

326 2337 564 2403 ἀσφαλεῖς
601 2339 704 2403 περὶ
748 2336 833 2400 τὴν
871 2343 954 2387 τοῦ
994 2335 1138 2400 νόμου
1179 2336 1392 2404 τήρησιν,
1431 2336 1650 2404 ταύτῃτοι
1692 2334 1913 2387 δεδόσθαι

326 2420 479 2485 φησὶν
514 2417 680 2472 αὐτοὺς
716 2424 811 2472 τοῖς
848 2419 1203 2482 ἀποκομίσασιν
1236 2422 1298 2473 εἰς
1333 2419 1669 2487 αἰχμαλωσίαν
1705 2418 1913 2485 οἰκτροὺς

327 2502 401 2549 καί
443 2501 830 2567 κατεῤῥιμμένους
872 2502 947 2551 καί
990 2504 1177 2568 φειδοῦς
1218 2500 1409 2565 ἁπάσης
1451 2498 1818 2554 ἐκπεπτωκότας·
1867 2501 1982 2559 τί25

326 2581 420 2646 γὰρ
457 2587 551 2632 τῶν
590 2585 792 2649 ἀνιαρῶν
831 2584 884 2633 οὐ
925 2582 1103 2646 συνέβη
1145 2587 1311 2634 παθεῖν
1349 2583 1550 2644 αὐτούς;
1605 2581 1634 2646 ἢ
1677 2582 1828 2635 ποίαις
1870 2586 1911 2633 οἰ

325 2662 525 2717 τάλανες
564 2666 617 2714 οὐ
656 2663 1019 2729 κεκοινωνήκασι
1062 2670 1368 2733 συμφοραῖς;
1423 2664 1533 2716 ἀλλ’
1574 2668 1612 2715 εἰ
1654 2664 1908 2726 βούλεσθε,

376 2826 406 2849 1.
433 2830 518 2851 τινες
535 2816 596 2859 μὲν
612 2816 679 2851 hoc
696 2816 819 2851 ordine
839 2816 880 2850 B.
1041 2829 1074 2861 3.
1100 2817 1319 2862 πεφορὴκασι
1339 2816 1431 2852 Edd.
1495 2830 1598 2861 χερσι
1617 2826 1679 2859 pro
1696 2815 1831 2865 χείλεσι
1849 2816 1909 2850 iifl.

326 2873 358 2902 4.
382 2861 514 2907 λόγων]
536 2864 644 2906 νόμων
661 2863 721 2897 ild.
961 2871 991 2907 7.
1019 2862 1195 2906 ἠδικήκασι
1213 2864 1274 2898 iid.
1526 2873 1579 2896 10.
1606 2860 1662 2907 ἧν]
1688 2866 1723 2902 4-
1746 2864 1832 2898 εἰκος
1849 2862 1908 2897 iid.

330 2917 381 2949 14.
408 2908 581 2953 ἐργάζεται
600 2909 659 2943 iid.
847 2910 899 2944 16.
927 2909 1102 2956 διαθήκην]
1123 2911 1277 2944 διάθεσιν
1294 2910 1353 2944 iid.
1540 2909 1592 2942 18.
1619 2909 1672 2942 καὶ
1690 2909 1910 2953 παρειμένους

326 2961 506 2997 assumpta
528 2967 568 2989 ex
593 2956 634 2990 Β
655 2955 756 2999 (XII.
776 2955 819 2990 62
839 2957 881 2990 al
888 2957 899 2999 )
921 2956 1026 3001 [και’
1007 2971 1273 3001 απερριμμενους
1291 2958 1334 2991 Α.
1339 2956 1383 2990 V.
1402 2964 1432 2989 N.
1452 2955 1496 2989 cf.
1516 2954 1538 2988 d
1556 2955 1655 2988 influa
1683 2969 1909 3001 παρερριμμε-

327 3012 400 3033 νοις
419 3000 449 3032 V
456 3000 502 3033 II.
508 3000 522 3045 ]
716 3013 770 3037 22.
796 3003 1024 3048 ἀρχαιοτέρων
1042 3003 1133 3038 Edd.
1325 3011 1380 3047 27.
1407 3001 1594 3043 βούλοισθε
1612 3001 1671 3036 iid.
