2018 3391
312 194 397 234 224
706 195 756 235 B.
797 193 1075 234 CYRILLI
1118 193 1500 235 ALEXANDR.
1765 190 1822 230 iii.
1847 189 1883 227 8.

312 304 495 368 σόμεθα
528 309 624 358 τοῖς
660 305 856 371 ἐχθροῖς,
890 305 964 354 καὶ
998 302 1129 354 οὐδὲν
1159 304 1207 354 ἐν
1238 304 1346 367 ἡμῖν
1380 304 1545 369 ἀρετῆς
1583 300 1611 366 ἦ
1651 300 1887 352 ἐπιεικείας

310 387 541 455 λείψανον
582 387 814 448 ἀπομενεῖ,
863 386 1221 451 ἀποτρυγῶντος
1270 390 1352 436 τοῦ
1399 387 1585 435 σατανᾶ
1630 387 1726 434 πᾶν
1768 380 1885 432 ὅσον

312 470 441 519 ἐστὶν
480 469 528 518 ἐν
571 468 680 531 ἡμῖν
721 466 920 533 ἀγαθὸν,
965 469 1040 517 καὶ
1084 466 1182 517 οἷον
1233 467 1520 535 ἑπιφυλλίδα
1569 463 1889 529 συλλέγοντος

314 553 387 602 καὶ
427 550 567 604 αὐτάς
600 574 692 602 που
725 549 848 619 τάχα
884 551 968 604 τὰς
1006 555 1068 604 εἷς
1106 556 1215 601 νοῦν
1252 551 1508 613 ἐπιθυμίας,
1534 548 1618 603 τὰς
1650 548 1729 600 ε’πί
1755 570 1809 614 γε
1834 547 1888 598 τὸ

273 650 294 676 <³
313 636 570 699 κατορθοῦν
597 633 789 684 ἑλέσθαι
815 631 900 697 τὴν
927 631 1094 700 ἀρετὴν
1119 632 1454 701 ἀποφερούσας
1477 630 1632 682 αὐτόν.
1910 646 1930 683 5

270 831 391 874 8Διὰ
432 837 558 875 τοῦτο
597 833 823 881 ὑπόμεινον
861 848 925 884 με,
964 833 1075 880 >xi-:set
1113 832 1277 889 Κύριος,
1313 829 1373 873 εἰς
1411 832 1574 888 ἡμέραν
1612 828 1889 872 ἀναστάσεως

378 931 458 964 μου
486 914 545 957 cic
572 917 815 973 μαρτύριον.

383 1031 575 1096 Ἐπειδὴ
605 1030 698 1098 γὰρ
732 1035 826 1082 τῶν
855 1032 988 1082 θείων
1020 1030 1322 1095 ἐνταλμάτων
1353 1029 1651 1097 ἠφειδηκότες
1684 1029 1890 1080 δέδονται

311 1119 407 1168 τοῖς
441 1116 636 1181 ἐχθροῖς,
675 1116 749 1164 καὶ
783 1117 845 1167 εἰς
883 1119 1014 1181 χεῖρα
1051 1113 1327 1165 πεπτώκασι
1359 1118 1442 1163 τοῦ
1478 1114 1551 1163 καὶ
1588 1110 1732 1175 αὐτὴν
1765 1113 1886 1162 ἀπο-

311 1197 542 1250 λέσαντος
575 1195 660 1260 τὴν
685 1197 989 1264 ἐπιφυλλίδα,
1017 1195 1186 1247 λοιπὸν
1224 1198 1449 1263 ὑπομεῖναι
1484 1192 1778 1261 προστέταχε
1815 1195 1889 1244 καὶ
1915 1215 1961 1239 10

90 1286 170 1320 614
186 1284 237 1319 Α·
271 1283 584 1344 ειτληπαθεῖν,
626 1279 856 1331 εὐσθενῶς
905 1277 1197 1331 πεπονθότας
1247 1276 1332 1341 τὴν
1383 1279 1609 1338 δουλείαν,
1651 1277 1785 1343 ἄχρις
1834 1274 1891 1326 ἂν

311 1365 524 1428 διεγερθῇ
563 1359 681 1426 πρὸς
720 1361 985 1426 ἐπικουρίαν
1027 1361 1195 1422 αὐτοῖς,
1235 1359 1292 1423 ἣν
1333 1358 1406 1410 διὰ
1450 1363 1544 1410 τῶν
1583 1358 1729 1423 ἁγίων
1766 1380 1886 1424 προ-

312 1447 475 1512 φητῶν
502 1444 750 1509 μονονουχὶ
776 1444 851 1492 καὶ
882 1442 1198 1513 διεμαρτύρατο
1231 1444 1305 1492 καὶ
1339 1440 1735 1507 προαπήγγελκεν
1759 1441 1890 1505 ἐναρ-

312 1530 421 1592 γῶς,
447 1527 508 1578 ὡς
535 1524 669 1575 ἔσται
695 1523 812 1575 κατὰ
837 1525 1035 1591 καιρούς.
1103 1524 1260 1593 ἡμέραν
1295 1524 1376 1574 οῦν
1400 1524 1690 1577 ἀναστάσεως
1721 1524 1803 1586 τῆς
1831 1527 1890 1577 εἷς

313 1607 535 1677 μαρτύριον
577 1605 660 1658 τὸν
704 1609 786 1670 τῆς
827 1607 1087 1673 ἐπικουρίας
1126 1608 1343 1671 σημαίνει
1384 1605 1558 1672 καιρὸν,
1601 1603 1654 1656 ὃν
1691 1607 1753 1658 ὡς
1790 1604 1889 1673 ἥξει
1914 1618 1959 1655 15

314 1688 502 1743 πάντως
526 1688 969 1756 προδιεμαρτύρατο.

391 1772 485 1823 Καὶ
512 1773 537 1822 ὁ
561 1770 645 1835 μὲν
669 1774 752 1835 τῆς
780 1772 988 1837 ἱστορίας
1023 1773 1185 1822 οὑτοσὶ
1221 1771 1376 1837 λόγος·
1417 1769 1716 1834 ἐκβεβηκέναι
1742 1768 1890 1835 γεμὴν

271 1857 377 1908 ὒεὶς
404 1853 617 1918 δήλωσιν
647 1854 909 1919 μυστηρίου
939 1859 1021 1904 τοῦ
1060 1853 1179 1904 κατὰ
1205 1852 1420 1920 Χριστὸν
1455 1852 1539 1916 τὴν
1577 1857 1670 1903 τῶν
1707 1875 1890 1918 προκει-

313 1938 465 2003 μένων
491 1939 685 2004 θεωρίαν
711 1936 878 2006 φαμὲν,
902 1939 1169 1998 βούλεσθαί
1196 1961 1243 1989 τε
1278 1941 1572 2002 καταδηλοῦν
1598 1940 1679 2001 τῆς
1711 1937 1891 2004 λυτρώ-

314 2043 435 2074 σεως
459 2019 541 2071 τὸν
567 2019 739 2086 καιρὸν,
767 2023 848 2084 τῆς
879 2021 1084 2071 καθόλου
1111 2022 1184 2071 καὶ
1216 2019 1540 2086 γενικωτάτης,
1568 2019 1782 2070 τουτέστι
1808 2022 1891 2082 τῆς
1913 2040 1961 2065 20

315 2101 391 2152 διὰ
432 2105 661 2168 Χριστοῦ.
729 2101 880 2153 πάλαι
926 2102 1011 2166 μὲν
1055 2101 1147 2168 γὰρ
1184 2107 1278 2153 τῶν
1316 2101 1636 2166 ἑβδομήκοντα
1673 2110 1891 2152 τετελεσ-

314 2183 466 2246 μένων
491 2186 606 2234 ἐτῶν
625 2183 869 2250 ἐγήγερται
893 2183 1011 2251 πρὸς
1036 2185 1298 2250 ἐπικουρίαν
1318 2189 1413 2238 τοῖς
1432 2186 1579 2235 ἐκεῖνα
1603 2182 1892 2235 πεπονθόσιν

315 2267 340 2316 ὁ
385 2270 479 2316 τῶν
523 2265 649 2316 ὅλων
693 2265 826 2329 Θεὸς,
866 2268 913 2317 ἐν
953 2266 1169 2334 ἐσχάτοις
1211 2266 1358 2333 γεμὴν
1396 2272 1479 2317 τοῦ
1517 2269 1680 2319 αἰῶνος
1718 2270 1890 2331 καιροῖς

314 2347 507 2413 γε’γονεν
539 2348 782 2413 ἄνθρωπος
809 2350 833 2399 ὁ
861 2349 1148 2414 Μονογενὴς,
1176 2351 1261 2416 οὐχ
1286 2349 1360 2399 ἵνα
1392 2347 1536 2411 μόνον
1567 2347 1782 2417 ἐξέληται
1807 2346 1890 2398 τὸν

314 2429 528 2496 Ἰσραὴλ,
556 2431 665 2480 ἀλλ’
693 2430 768 2481 ἵνα
793 2430 948 2481 πάντα
981 2430 1040 2481 τὰ
1071 2431 1179 2495 ε”θνη
1212 2434 1293 2494 τῆς
1328 2430 1418 2481 ὑπὸ
1449 2434 1515 2499 τῷ
1541 2430 1751 2498 διαβόλῳ
1777 2432 1883 2481 δου-
1910 2440 1957 2475 25

316 2513 444 2566 λείας
469 2512 743 2578 ἀπαγαγὼν,
765 2514 1033 2579 ἐλευθέρους
1058 2513 1294 2581 ἀποφήνῃ,
1321 2514 1395 2562 καὶ
1422 2511 1681 2580 ἀπαλλάξῃ
1709 2515 1890 2579 φθορᾶς

277 2594 390 2644 (3καῖ
414 2593 564 2660 ῥύπου
591 2597 667 2645 καὶ
692 2595 930 2661 ἁμαρτίας,
957 2596 1032 2646 καὶ
1065 2594 1157 2662 πρό
1192 2617 1246 2659 γε
1283 2598 1377 2645 τῶν
1412 2594 1578 2644 ἄλλων
1608 2599 1690 2644 τοῦ
1728 2616 1884 2659 προσ-

315 2680 465 2726 κυνεῖν
506 2679 562 2743 τῇ
601 2678 750 2727 κτίσει
789 2676 918 2743 παρὰ
959 2676 1042 2728 τὸν
1083 2677 1324 2727 κτίσαντα.
1394 2678 1469 2725 καὶ
1509 2673 1662 2739 ἐπειδὴ
1698 2675 1890 2741 γε’γονεν

363 2828 395 2851 2.
421 2817 579 2861 ἇπομενεῖ
597 2818 643 2852 D.
662 2818 756 2853 Aub.
774 2818 930 2862 ἀπομένει
949 2819 991 2853 Β.
1008 2819 1155 2864 ἀπομενῇ
1176 2818 1278 2852 Pont.
1491 2830 1522 2859 4.
1549 2816 1886 2863 ἐπιθυμίας-αὐτόν]

315 2863 489 2906 ἐπιθυμίας
505 2867 563 2908 τῆς
579 2865 698 2909 ἀρετῆς
715 2865 962 2909 compendians
982 2866 1028 2900 D.
1244 2874 1277 2908 5.
1301 2862 1544 2909 ἀποφερούσας
1562 2864 1630 2908 (SC.
1648 2876 1667 2898 a
1686 2864 1831 2908 Satana)
1846 2864 1887 2898 B.

316 2909 545 2954 ἐπιφερούσας
564 2911 654 2945 Edd.
705 2912 830 2945 Statim
849 2913 948 2947 αὐτόν
964 2918 1185 2957 assumptum
1203 2923 1244 2944 ex
1264 2911 1304 2944 B.
1672 2922 1703 2955 9.
1729 2912 1824 2955 χεῖρα
1845 2910 1887 2945 Β.

315 2957 430 2999 χεῖρας
450 2957 541 2991 Edd.
714 2968 767 3003 15.
792 2957 830 3002 ἢν
847 2959 906 2994 iid.
1115 2969 1167 3003 19.
1193 2958 1317 3001 δηλοῦν
1334 2957 1375 2991 Β.
1543 2967 1596 3002 27.
1622 2957 1675 2991 καὶ
1693 2956 1886 2992 secundum

316 3008 538 3047 assumptum
555 3015 596 3038 ex
616 3004 657 3038 Β.
