2018 3387
103 168 145 210 ii.
174 179 237 220 17.
461 171 536 212 IN
579 171 1018 212 MALACHIAM.
1079 171 1230 212 TOM.
1265 170 1325 211 ΙΙ.
1607 168 1691 208 593

103 277 252 341 σύνης
279 285 431 343 τιμαῖς
458 281 863 348 κατακεχρημένοι,
892 284 967 331 καὶ
1003 285 1096 331 τῶν
1124 280 1214 331 ὑπὸ
1250 285 1380 347 χεῖρα
1416 275 1691 342 κατεπαιρό-

103 381 248 423 μενοι.
314 363 488 427 ταύτην
538 364 731 430 ε”χοντας
779 368 863 413 τοῦ
913 364 1020 422 βίου
1071 362 1157 427 τὴν
1201 361 1396 427 ἀγωγὴν
1440 358 1526 424 τὴν
1570 360 1691 409 οὕτω

105 444 318 494 δυσκλεᾶ
349 446 425 495 καὶ
456 444 796 509 ἐκνομωτάτην,
827 445 1173 508 καταθεώμενοί
1203 466 1323 496 τινες
1354 447 1449 493 τῶν
1476 441 1560 494 τὰς
1592 442 1691 490 ἀδι-

104 523 204 578 κίας
249 525 677 591 ὖπομεμενηκότων,
726 528 978 593 μονονουχὶ
1028 528 1103 576 καὶ
1148 525 1431 589 τεθήπεσαν.
1499 524 1553 574 οὐ
1598 522 1690 588 γὰρ

62 624 84 664 5
105 604 162 669 ἧν
199 628 268 660 τις
308 608 376 658 ἐπ’
411 609 566 662 αὐτοῖς
603 608 853 677 ἐπίπληξις
891 608 1021 674 παρὰ
1061 611 1198 669 Θεοῦ,
1238 609 1313 657 καὶ
1355 606 1414 657 τὰ
1453 606 1509 674 ἐξ
1547 606 1691 671 ὀργῆς

105 687 211 738 ἔσθ’
252 687 327 739 ὅτε
370 690 699 754 συμβαίνοντα
736 695 832 744 τοῖς
870 687 1059 741 εἰωθόσι
1103 694 1428 757 καταφρονεῖν·
1478 686 1605 751 ἦσαν
1643 686 1691 737 δὲ

104 773 296 832 μᾶλλον
336 772 385 821 ἐν
425 773 686 827 εὐπαθείαις
731 773 807 823 καὶ
848 776 1063 840 τρυφαῖς.
1133 770 1251 837 πρὸς
1296 770 1352 834 δὴ
1397 769 1455 820 τὰ
1499 775 1692 820 τοιαῦτα

105 852 522 920 δεδυσφορηκότες,
561 857 637 906 καὶ
682 853 769 918 τὴν
807 855 1095 921 ἀσύγκριτον
1134 852 1398 918 ἡμερότητα
1439 857 1522 902 τοῦ
1566 855 1691 902 Θεοῦ

104 932 230 1001 τάχα
262 957 355 986 που
392 935 562 988 λοιπὸν
596 941 658 991 εἰς
696 943 805 988 νοῦν
843 937 964 1004 ἔχειν
999 937 1082 987 οὑκ
1120 934 1404 1002 ἀνεχόμενοι,
1443 935 1694 1000 μονονουχὶ

41 1040 87 1066 ιο
105 1017 180 1067 καὶ
227 1017 636 1084 κατακεκράγασιν
681 1020 731 1070 ἐκ
775 1017 1096 1087 μικροψυχίας
1149 1017 1368 1082 λέγοντες
1412 1018 1516 1070 His·
1560 1015 1693 1067 ποιεῖν

104 1099 273 1168 πονηρὶν
317 1099 455 1152 namu
498 1101 668 1153 ἐνώπιον
714 1102 855 1152 αὐτοῦ
898 1106 974 1151 καὶ
1022 1101 1059 1151 ἐν
1101 1103 1247 1153 αὐτοῖς
1289 1097 1418 1153 adro}
1463 1094 1688 1159 ηὑσῦόκηστ,

1708 550 1729 572 a
1757 539 1843 572 848
1861 538 1913 572 A.

105 1180 335 1244 τουτέστι,
379 1181 503 1250 τάχα
549 1206 640 1235 που
689 1185 764 1234 καὶ
815 1181 993 1248 ἀγαθὸς
1034 1184 1083 1232 ἐν
1127 1183 1396 1250 ὀφθαλμοῖς
1439 1185 1522 1230 τοῦ
1567 1183 1691 1230 Θεοῦ
1710 1186 1736 1225 b

107 1263 132 1312 ὁ
170 1267 266 1314 τῶν
303 1269 522 1331 πονηρῶν
560 1264 772 1332 ἐργάτης·
819 1263 1038 1334 ἐφήδεται
1078 1263 1127 1315 δὲ
1164 1268 1260 1316 τοῖς
1299 1263 1445 1315 οὕτως
1484 1265 1695 1328 αἰσχρῶς

106 1346 318 1405 διαβιοῦν
356 1346 615 1415 ᾑρημένοις.
675 1351 713 1398 εὶ
751 1346 844 1413 γὰρ
882 1346 947 1410 μὴ
987 1351 1138 1408 τοῦτο,
1179 1347 1344 1413 φασὶν,
1383 1342 1569 1407 ἀληθὲς,
1609 1345 1695 1393 ποῦ’

40 1448 88 1488 15
107 1425 220 1478 ἐστιν
252 1433 270 1480 ὁ
306 1428 419 1484 Θεές
450 1428 527 1489 τῆς
562 1426 863 1491 δικαιοσύνης-ς
908 1427 997 1479 ἔδει
1028 1427 1121 1494 γὰρ
1155 1427 1244 1478 ἔδει
1279 1429 1362 1490 τῆς
1397 1424 1695 1487 δικαιοσύνης

106 1507 189 1560 τὸν
238 1510 466 1577 πρύτανιν
525 1510 590 1576 μὴ
647 1516 876 1563 τοσοῦτον
933 1510 1270 1579 ἀνεξικακῆσαι
1329 1511 1696 1559 πλεονεκτοῦσιν

108 1593 374 1658 ἱερουργοῖς,
427 1616 503 1644 και
553 1593 911 1657 καταμιαίνουσι
954 1592 1009 1642 τὸ
1058 1589 1415 1655 θυσιαστήριον,
1462 1587 1598 1639 ἄδικά
1648 1610 1697 1638 τε

107 1675 183 1725 καὶ
222 1675 392 1726 ἀνόσια
431 1677 507 1726 καὶ
545 1674 603 1726 τὰ
645 1675 737 1744 ἔξω
777 1673 921 1738 νόμου
960 1675 1125 1740 δρᾶν”
1111 1673 1182 1724 ότι
1221 1671 1438 1735 μάλιστα
1477 1673 1696 1721 διεσπου-

108 1755 294 1807 δακόσι.
362 1760 438 1808 καὶ
481 1780 613 1809 ταυτι
664 1756 749 1820 μὲν
792 1753 882 1806 εἷεν
927 1754 985 1806 ἂν
1029 1757 1112 1818 τῆς
1160 1750 1497 1816 ἐπισυμβάσης
1542 1751 1696 1804 αὐτοῖς

41 1862 90 1888 20
108 1839 425 1906 μικροψυχίας
462 1838 753 1904 ἐγκλήματα.
821 1838 976 1889 ἶστεόν
1016 1836 1063 1887 δὲ
1105 1836 1189 1898 ὅτι,
1229 1833 1349 1885 κατά
1387 1857 1440 1899 γε
1479 1832 1564 1898 τὴν
1602 1837 1697 1884 τῶν

109 1920 423 1986 προκειμένων
452 1920 666 1984 δύναμιν,
694 1919 1045 1986 παροτρύνουσι
1076 1917 1159 1968 τὸν
1186 1916 1311 1967 Θεὸν
1342 1919 1383 1966 οἱ
1415 1919 1515 1968 ταῖς
1549 1916 1694 1968 οὕτως
1713 1940 1735 1966 ο

110 2001 402 2056 ἀπαιδεύτοις
429 2002 700 2069 κεχρημένοι
732 2007 925 2070 φωναῖς.
981 2001 1229 2067 μονονουχὶ
1253 1997 1346 2064 γὰρ
1374 1999 1448 2048 καὶ
1482 1998 1697 2060 ἐπιτιμᾶν

109 2083 373 2149 ἐγνώκασιν
422 2084 770 2153 ἀνεξικακοῦντι
823 2087 945 2152 Θεῷ,
989 2080 1285 2149 περιμένοντί
1331 2102 1394 2141 τε,
1441 2080 1515 2129 καὶ
1565 2078 1698 2140 μάλα

110 2170 345 2231 χρηστῶς,
386 2170 480 2217 τῶν
517 2164 890 2230 πεπλανημένων
930 2163 1016 2228 τὴν
1054 2160 1352 2231 ἐπιστροφὴν
1390 2162 1464 2211 καὶ
1503 2164 1597 2210 τῶν
1636 2162 1698 2212 εἷς

43 2264 92 2304 25
113 2247 344 2313 ἁμαρτίαν
389 2246 728 2311 ὠλισθηκότων
773 2245 861 2311 τὴν
904 2250 966 2301 εἰς
1010 2245 1068 2298 τὰ
1118 2247 1289 2308 ἀμείνω
1338 2241 1692 2309 μεταστροφήν.

112 2330 187 2379 καὶ
228 2333 344 2394 γοῦν
383 2330 408 2380 ὁ
454 2328 708 2383 θεσπέσιος
754 2333 950 2383 Παῦλος
994 2333 1090 2382 τοῖς
1132 2327 1329 2378 ὀκνοῦσί
1366 2348 1415 2376 τε
1462 2326 1537 2375 καὶ
1581 2325 1695 2373 ἀνα-

112 2410 348 2476 δυομένοις
399 2411 464 2462 ἔτι
513 2409 598 2476 τὴν
647 2410 949 2477 μετάγνωσιν
998 2410 1191 2473 ἐπετίμα
1242 2407 1395 2473 λέγων
1446 2405 1563 2456 “’“Η
1614 2410 1697 2456 τοῦ

114 2499 141 2522 “
165 2493 375 2544 πλούτου
409 2496 492 2557 τῆς
524 2492 847 2560 χρηστότητος
886 2494 1027 2543 αὐτοῦ
1066 2493 1140 2542 καὶ
1178 2493 1261 2554 τῆς
1299 2490 1470 2555 ἀνοχῆς
1510 2488 1584 2537 καὶ
1615 2489 1697 2550 τῆς

115 2581 143 2604 “
166 2576 488 2640 μακροθυμίας
531 2580 862 2643 καταφρονεῖς,
907 2575 1094 2639 ἀγνοῶν
1136 2571 1206 2622 ὅτι
1257 2570 1311 2621 τὸ
1362 2567 1575 2636 χρηστὸν
1615 2574 1697 2619 τοῦ

1759 2424 1855 2454 Rom.
1875 2424 1909 2455 ii.

1758 2478 1788 2508 4,
1809 2476 1838 2507 5·

46 2675 96 2711 30
114 2662 141 2685 “
166 2659 292 2707 Θεοῦ
331 2659 391 2711 εἰς
436 2655 685 2720 μετάνοιάν
723 2679 781 2708 σε
820 2655 957 2721 ἄγει,
1018 2653 1136 2705 κατὰ
1180 2651 1228 2704 δὲ
1270 2651 1354 2715 τὴν
1393 2650 1743 2716 σκληρότητάά

165 2849 196 2872 2.
222 2838 356 2883 ἔχοντες
374 2837 466 2873 Edd
602 2851 635 2880 4.
661 2837 713 2871 καὶ
731 2833 938 2879 τεθὴπεσιιν]
959 2833 1190 2878 κατεθήπεσαν
1208 2832 1267 2867 iid.
1405 2842 1436 2877 7.
1463 2832 1620 2876 εὐπαθείᾳ
1639 2832 1697 2866 iid.

117 2897 151 2930 9.
176 2885 299 2918 λοιπὸν
315 2884 809 2924 om.B.14.
835 2881 946 2925 φησὶν
963 2880 1022 2915 iid.
1326 2880 1377 2914 18.
1406 2879 1635 2914 ἐσπουδακόσι
1656 2879 1698 2912 Β.

122 2943 174 2975 ¹9·
202 2930 241 2964 ἂν
258 2928 323 2964 εἶεν
339 2931 479 2966 inverso
497 2930 618 2965 ordine
639 2929 679 2962 B.
852 2938 908 2970 24.
934 2928 986 2962 καὶ
1005 2933 1225 2972 assumptum
1245 2938 1285 2961 ex
1306 2926 1347 2961 B.
1519 2936 1572 2971 25.
1600 2940 1699 2969 μετα-

118 2976 244 3021 δρομην
262 2976 354 3011 Edd.
547 2987 601 3022 27.
619 2975 689 3021 H]
711 2990 738 3010 ει
757 2974 815 3009 iid.

174 3043 265 3072 vo12.
290 3044 335 3071 11.
885 3043 911 3079 4
934 3041 958 3068 G
