1997 3361
79 176 121 216 ii.
150 189 212 226 11,
240 189 302 218 12.
540 176 612 216 IN
660 177 930 217 NAHUM.
992 177 1142 217 TOM.
1176 177 1209 216 1.
1603 180 1656 218 [1-7

77 284 275 350 γμένους
316 287 391 336 καὶ
436 285 621 348 δασμὸν
667 286 971 354 εἰσφέροντας
1019 289 1093 336 καὶ
1143 284 1396 353 χρημάτων
1442 286 1659 351 ἄθροισιν

77 367 391 431 ποιουμένους·
433 375 458 396 “
480 370 638 431 Νομαὶ
677 368 769 433 γὰρ
795 369 1042 418 πλουσίων
1067 368 1286 435 πτωχοὶ,”
1328 367 1446 418 κατὰ
1484 367 1538 418 τὸ
1577 391 1655 432 γε·
1720 382 1780 412 Sir.
1802 383 1866 412 xiii.

77 450 357 514 γραμμένον.
423 453 484 502 ὡς
510 450 789 518 ἐξῃρημένης
829 451 884 514 δὴ
925 452 1005 500 οὖν
1044 451 1246 501 εἷσοίπαν
1271 453 1354 514 τῆς
1382 450 1556 512 Νινευῖ,
1583 453 1659 500 καὶ
1726 434 1772 466 19'

77 530 269 594 ἁπάσης
308 531 355 582 δὲ
394 535 476 596 τῆς
511 533 743 598 περιοίκου
782 533 950 599 χώρας,
991 535 1076 584 ποῦ
1114 532 1169 597 δὴ
1211 533 1301 598 ἄρα
1340 537 1462 600 φησὶ
1501 533 1546 584 το
1581 533 1658 583 τῶν

36 612 254 664 5λεὸντων
297 613 577 678 κατάλυμας
629 621 720 666 ποῦ
767 615 814 665 δὲ
859 620 953 665 τῶν
1003 615 1201 682 σκύμνων
1243 642 1264 675 η
1312 619 1439 684 νομής
1496 616 1566 666 ὅτι
1611 615 1699 666 δὲο

76 695 298 763 ἀσφαλὲς
343 698 478 747 οἱονεὶ
519 695 683 762 γέγονέ
721 720 820 750 πως
863 697 1143 763 ὁρμητήριον
1182 702 1276 748 τῶν
1316 697 1434 748 κατὰ
1473 697 1661 763 καιροὺς

75 777 490 838 βεβασιλευκότων
529 779 556 842 ἡ
593 778 766 841 Νινευί,
803 778 1001 845 δεδειχεν
1039 779 1180 830 εἰπών
1215 788 1284 831 Or)
1325 779 1517 845 επορεύθη
1554 793 1662 830 λεων

75 885 145 910 του
193 860 388 911 εισελθεῖν
433 861 536 918 ἑκει,
583 859 779 926 σκύμνος
821 874 989 915 λέοντος
1039 885 1114 912 κοιι
1168 886 1243 912 ουκ
1288 867 1329 920 ἦν
1374 868 1391 912 ὁ
1436 861 1653 930 εκφοβῶν.

76 940 344 1007 ἀπόρθητον
374 941 466 1008 γὰρ
501 946 559 1008 τῇ
597 941 733 993 πόλει
772 941 825 992 τὸ
864 946 1013 1009 τεῖχος
1047 947 1147 995 ταῖς
1183 942 1295 1009 ὑπὲρ
1327 943 1476 1009 λόγον
1506 967 1654 1009 μεγα-

11 1049 58 1072 10
78 1025 317 1089 λουργίαις
353 1025 401 1074 εὖ
434 1023 566 1087 μάλα
604 1024 930 1087 πεποιημένον.
998 1023 1152 1088 ἐπειδὴ
1192 1024 1239 1074 δὲ
1279 1024 1474 1075 ἅπασαν
1509 1049 1657 1076 κατα-

77 1109 266 1176 δῃώσας
292 1107 376 1172 τὴν
404 1108 670 1172 Σαμάρειαν
697 1110 721 1159 ὁ
750 1107 1202 1175 Ναβουχοδονόσορ,
1229 1112 1303 1160 καὶ
1333 1109 1476 1174 αὐτὴν
1501 1110 1548 1161 δὲ
1575 1111 1661 1175 τὴν

75 1191 317 1252 Ἰουδαίαν,
354 1192 428 1241 καὶ
466 1190 551 1254 τὴν
588 1192 727 1255 ἁγίαν
765 1189 922 1253 πόλιν,
963 1193 1085 1257 φημὶ
1124 1189 1180 1254 δὴ
1219 1191 1303 1254 τὴν
1329 1192 1659 1257 Ἰερουσαλὴμ,

75 1271 332 1335 ἀπεκόμισε
368 1272 452 1336 μὲν
477 1277 538 1327 εἱς
573 1273 658 1335 τὴν
685 1273 848 1323 ἑαυτοῦ
880 1271 987 1326 τοὺς
1013 1274 1069 1341 ἐξ
1092 1274 1285 1336 αἵματος
1312 1273 1527 1340 Ἰσραὴλ,
1555 1278 1653 1324 δια-
1680 1297 1699 1321 a
1731 1289 1816 1323 503
1831 1288 1882 1322 A.

73 1354 244 1405 τέθεικε
283 1354 330 1405 δὲ
370 1356 515 1409 οὕτως
546 1354 614 1406 ἐπ’
644 1356 861 1424 ἐξουσίας
896 1354 1003 1408 τοὺς
1039 1354 1173 1424 ἅπαξ
1204 1356 1571 1420 ἐνειλημμένους,
1598 1359 1660 1410 ὡς

9 1459 55 1497 15
75 1435 180 1490 τοὺς
218 1435 302 1499 μὲν
340 1435 418 1505 ὑφ’
452 1438 600 1507 ἑαυτῷ
636 1440 832 1500 ποιῆσαι
870 1439 944 1487 καὶ
980 1438 1243 1499 δεδεμένους
1286 1439 1424 1505 ἔχειν,
1466 1438 1572 1492 τοὺς
1611 1441 1658 1490 δὲ

75 1520 150 1569 καὶ
188 1518 354 1585 ἑτέροις
392 1519 662 1586 χαρίζεσθαι
700 1521 774 1569 καὶ
807 1525 1114 1581 καταπωλεῖν,
1143 1522 1218 1570 καὶ
1248 1519 1408 1585 πλήρη
1444 1520 1530 1584 τὴν
1555 1521 1657 1571 ἑαυ-

74 1606 157 1652 τοῦ
191 1602 350 1668 χώραν
391 1625 439 1652 τε
483 1603 558 1652 καὶ
595 1601 739 1652 πόλιν
783 1605 877 1652 τῶν
922 1601 1206 1666 δορικτήτων
1244 1602 1377 1669 ἔχειν.
1437 1603 1662 1670 ταύτῃτοί

75 1687 225 1752 φησιν
264 1683 334 1734 ὅτι
373 1682 486 1735 Λέων
525 1686 694 1751 ἥρπασε
739 1682 800 1734 τοι
839 1683 975 1735 imm&
1015 1688 1101 1739 τοῖς
1146 1684 1354 1751 σκύμνοις
1400 1688 1528 1736 αὐτοῦ
1576 1692 1653 1737 καὶ

74 1764 292 1835 ἀπέπνιξε
326 1769 416 1821 τοῖς
450 1767 620 1817 λέουσιν
658 1767 790 1817 αὐτοῦ
819 1772 894 1817 noc}
931 1766 1138 1834 ἔμπλησο
1178 1765 1301 1835 θήρας
1329 1766 1501 1818 νοσσιέιν
1527 1770 1655 1819 αὐτοῦ

6 1871 55 1896 20
78 1851 152 1899 noc}
189 1848 234 1899 το
270 1850 586 1918 κατοικητήριον
622 1851 750 1899 αὐτοῦ
784 1847 1011 1919 ἀρποογῆς.
1072 1848 1318 1912 πεποίηται
1357 1848 1405 1900 δὲ
1443 1848 1590 1901 πάλιν
1629 1851 1654 1900 ὁ

73 1929 216 1995 λόγος
249 1933 310 1983 ὡς
345 1932 393 1981 ἐκ
424 1937 506 1981 τοῦ
546 1931 760 1995 γινεσθαι
798 1929 1079 1998 πεφυκότος.
1146 1931 1446 1997 ἁρπάσαντες
1480 1932 1573 1998 γὰρ
1612 1935 1653 1983 οὶ
1674 1942 1702 1982 b

74 2014 208 2077 θῆρες
235 2013 400 2066 ἁπλῶς
425 2035 479 2062 το
504 2014 848 2077 παρεμπίπτον,
876 2011 973 2064 εἶτα
998 2014 1052 2064 τὸ
1079 2016 1250 2080 ἀρκουν
1276 2014 1651 2078 κατεδηδοκότες,

73 2097 140 2163 τῷ
189 2099 342 2164 λοιπῷ
385 2095 708 2163 ἀποτρεφουσι
751 2120 847 2151 τους
892 2099 1125 2165 σκύμνους,
1171 2119 1277 2149 τους
1321 2098 1460 2150 ἱδιους
1499 2099 1654 2150 αὐτοῖς

74 2176 348 2243 δανείζοντες
382 2176 567 2230 πόνους.

6 2276 54 2315 25
148 2259 375 2325 Λέγοιντο
402 2260 445 2308 δ’
467 2258 525 2309 ἂν
550 2257 608 2308 τὰ
636 2257 788 2309 τοιάδε
813 2259 962 2310 πάλιν
989 2262 1063 2310 καὶ
1090 2259 1158 2311 ἐπ’
1178 2262 1318 2311 αὐτοῦ
1345 2265 1426 2311 τοῦ
1453 2265 1652 2323 σατανᾶ,

74 2345 289 2408 Χριστοῦ
315 2339 749 2406 κατωλοθρευκότος
775 2340 915 2392 αὐτόν
940 2364 989 2392 τε
1017 2344 1092 2392 καὶ
1118 2341 1177 2392 τὰ
1203 2343 1358 2404 αὑτοῦ,
1385 2344 1458 2392 καὶ
1485 2342 1653 2410 ἐξῃρη-

74 2423 208 2479 κότος
232 2425 372 2475 αὑτοῦ
408 2423 493 2488 τὴν
517 2422 664 2490 θήραν
690 2424 739 2473 ἐκ
765 2426 865 2489 γῆς.
926 2423 1182 2493 συνέτριψε
1208 2423 1301 2490 γὰρ
1327 2428 1420 2475 τῶν
1447 2424 1653 2475 λεόντων

126 2566 155 2590 1.
181 2555 376 2599 δασμὸνῖ).
394 2555 545 2600 δασμοὺς
563 2554 653 2589 Edd.
808 2564 840 2598 5.
859 2554 1048 2600 κατάλυμα]
1070 2555 1317 2600 κατοικητήριον
1336 2555 1381 2588 D.
1534 2554 1566 2589 6.
1583 2569 1654 2591 πως

74 2617 149 2648 γεγ.
166 2601 235 2636 inv
256 2602 330 2636 ord.
350 2603 397 2636 D.
586 2602 619 2636 8.
646 2599 809 2646 σκύμνος]
830 2601 969 2644 σκύμνοι
989 2602 1080 2636 Edd.
1280 2613 1313 2647 9.
1339 2600 1466 2646 τειχος]
1491 2605 1527 2642 4-
1549 2600 1588 2645 ἧν
1606 2602 1654 2637 D.

79 2660 132 2683 10.
157 2647 292 2683 ἅπασαν
314 2663 343 2682 κ.
366 2649 425 2692 τὴν
450 2654 533 2692 Σαμ.
558 2649 605 2683 D.
617 2649 651 2682 b.
676 2648 734 2682 ἅττ.
759 2662 788 2681 κ.
813 2654 892 2692 post
912 2647 1258 2693 2ap.t1ansp.Edd.
1336 2648 1460 2682 Statim
1486 2649 1504 2681 ὁ
1530 2660 1599 2682 om.
1619 2649 1652 2682 b.

78 2706 132 2741 13.
157 2696 218 2738 μὲν
235 2707 304 2729 om.
325 2695 371 2730 D.
392 2695 496 2730 habet.
513 2695 547 2729 b.
694 2706 746 2737 14.
773 2694 991 2738 εἰλημμένους
1009 2695 1055 2728 D.
1202 2704 1254 2739 15.
1281 2693 1340 2739 ὑφ’
1358 2696 1463 2740 ἑαυτῷ
1484 2694 1573 2729 B.b.
1593 2694 1654 2740 ὑφ’

76 2743 195 2776 ἑαυτὸν
213 2742 258 2776 D.
278 2741 370 2776 Edd.
563 2741 616 2776 16.
640 2743 854 2786 παραχωρεῖν
871 2753 933 2785 pro
952 2742 1160 2775 καταπωλεῖν
1179 2741 1225 2774 D.
1399 2751 1451 2786 17.
1477 2740 1651 2787 ταύτῃτοί]

75 2788 178 2832 ταύτῃ
197 2787 290 2822 Edd.
308 2789 426 2823 invitis
445 2789 487 2824 B.
497 2789 540 2822 D.
552 2788 587 2823 b.
795 2788 846 2821 18.
873 2790 981 2831 φησιν
999 2788 1050 2821 ὅτι
1069 2788 1115 2821 D.
1125 2787 1159 2821 b.
1178 2789 1196 2820 ὁ
1213 2799 1276 2832 pro
1294 2786 1343 2821 ὅτι
1363 2787 1455 2821 Edd.
1475 2788 1653 2822 Neutrum

75 2835 182 2869 habet
201 2834 244 2869 B.
564 2846 619 2869 22.
645 2834 761 2869 ἁπλῶς
778 2834 921 2868 accessit
939 2846 979 2868 ex
1000 2834 1041 2867 B.
1060 2840 1140 2878 post
1155 2835 1390 2877 παρεμπίπτον
1406 2840 1537 2879 transp.
1558 2836 1605 2869 D.
1616 2835 1651 2869 b.

79 2893 136 2927 23.
161 2883 207 2928 τῷ
224 2883 333 2916 λοιπῶ
352 2881 587 2927 ἀποτρέφουσι
612 2896 688 2917 τους
714 2880 880 2924 σκύμνους
900 2880 941 2914 Β.
960 2887 993 2914 et
1011 2880 1228 2924 (omittentes
1246 2883 1292 2926 τῷ
1309 2880 1438 2928 λοίπῳ)
1458 2881 1503 2915 D.
1518 2881 1551 2916 b.
1569 2882 1653 2916 ἀπο-

78 2917 274 2972 στρέφουσι
290 2917 329 2962 τό
346 2930 467 2963 λοιπὸν
483 2931 553 2964 τοῖς
570 2927 728 2972 σκύμνοις
747 2927 838 2961 Edd.
952 2938 1006 2969 24.
1033 2927 1234 2969 δανειζονται
1254 2916 1300 2960 D.
1411 2939 1465 2972 2.5
1492 2928 1652 2973 Λέγοιντο

79 2975 228 3009 -πάλιν
245 2989 297 3009 και
315 2974 365 3010 ἐπ’
384 2974 503 3020 αὐτοῦ]
524 2974 664 3020 Λέγοιτο
682 2973 743 3009 δ’*
728 2989 769 3008 αν
786 2974 836 3008 καὶ
856 2972 906 3008 ἐπ’
925 2974 1026 3008 αὐτοῦ
1043 2976 1145 3007 ταῦτα
1164 2973 1210 3008 D.
1260 2972 1356 3019 σαπ]
1383 2978 1416 3016 4-
1437 2976 1497 3009 τοῦ
1515 2975 1562 3009 D.
