2028 3356
318 141 400 181 110
708 142 758 181 Β.
804 140 1081 182 CYRILLI
1122 142 1502 186 ALEXANDR.
1670 145 1711 187 ii.
1740 146 1803 195 16,
1831 155 1892 197 17.

268 251 294 292 (Ῑ
313 252 490 317 ψυχαῖς
524 251 793 319 ἐπιχέοντες,
821 251 896 301 ἵνα
928 250 984 314 δὴ
1023 254 1098 302 καὶ
1134 253 1462 313 ἐπιβλέπωσιν
1489 255 1564 306 ἐπὶ
1596 253 1656 306 τέι
1682 257 1894 315 σπήλαια

312 332 466 384 αὐτῶν.
533 332 771 386 σκοτεινὸς
822 332 916 399 γὰρ
969 334 994 384 ὁ
1045 335 1227 386 ἐκείνων
1276 343 1395 399 νοῦς,
1439 337 1620 401 ἀπάτης
1663 337 1893 400 ἔμπλεως,

309 414 487 481 ἀχλύος
526 417 798 478 διαβολικῆς
835 415 1085 478 ἐπίμεστος
1124 419 1326 482 ἀληθῶς,
1353 421 1428 470 καὶ
1459 419 1725 483 σπηλαίων,
1753 416 1892 481 οἶμαι,

308 495 553 562 διενεγκὼν
577 495 722 560 οὐδὲν,
749 494 778 547 ἃ
805 503 978 563 νεκρῶν
1002 500 1104 549 ἐστι
1139 500 1376 562 σωμάτων
1401 501 1591 563 ε”μπλεω
1627 503 1703 552 καὶ
1739 503 1893 551 δυσω-

307 579 406 632 δίας
433 578 623 644 ἀπάσης
650 581 724 630 καὶ
751 581 1056 645 ἀκαθαρσίας.
1912 603 1934 642 5

390 663 575 726 Χρῆναι
624 661 672 712 δὲ
719 659 844 725 οἶμαι
895 663 1014 729 πρὸς
1064 662 1360 733 διασάφησιν
1406 669 1499 715 τῶν
1545 665 1893 730 προειρημένων

304 742 645 809 ἀκριβεστέραν
670 745 852 795 κάκεῖνο
878 748 1034 796 εἰπεῖν.
1101 746 1322 812 Ἐβραῖοί
1350 751 1516 815 φασιν·
1554 749 1615 801 ὡς
1646 749 1695 798 ἐκ
1731 771 1886 813 παρα-

263 824 479 878 θδόσεως
519 824 568 875 δὲ
610 825 757 877 πάλιν
796 829 821 878 ὁ
861 828 1018 893 λόγος·
1062 828 1132 879 ὅτι
1168 828 1417 895 πορθήσας
1454 828 1541 893 τήν
1576 853 1625 880 τε
1662 829 1893 880 Ἰουδαίαν

301 909 376 956 καὶ
418 907 610 962 ἁπάσας
653 909 701 960 δὲ
743 909 826 963 τὰς
868 911 1023 964 ἄλλας
1068 911 1225 978 χώρας
1263 913 1288 962 ὁ
1328 912 1776 979 Ναβουχοδονόσορ,
1816 915 1892 963 καὶ

301 990 597 1053 ἀποκομίσας
647 996 709 1046 εἷς
761 992 846 1055 τὴν
897 994 1061 1043 ἑαυτοῦ
1106 991 1213 1046 τοὺς
1263 998 1357 1044 τῶν
1401 996 1546 1045 ἐθνῶν
1592 995 1888 1058 ἡγουμένους,
1915 1012 1962 1037 ¹0

301 1073 495 1122 ἐποιεῖτο
527 1073 699 1128 πότους
734 1074 854 1124 κατὰ
888 1075 1087 1141 καιρούς.
1157 1073 1255 1126 εἶτα
1283 1075 1388 1129 τοὺς
1414 1075 1617 1130 ἁλόντας
1644 1077 1889 1143 εἰσφέρων,

299 1156 375 1204 καὶ
403 1155 662 1221 περιέργοις
695 1157 881 1219 πόμασι
916 1157 1286 1221 καταμεθύσκων
1321 1157 1486 1212 αὐτοὺς
1523 1160 1767 1226 ὀρχεῖσθαι
1800 1182 1891 1210 πα-

299 1237 563 1303 ρεσκεύαζε·
627 1240 1003 1302 κατασειομένοις
1055 1240 1103 1291 δὲ
1156 1243 1231 1291 καὶ
1282 1242 1588 1293 διαπίπτουσι
1639 1243 1714 1292 καὶ
1765 1243 1885 1293 ἀπο-

299 1321 632 1386 γυμνουμένοις
659 1321 765 1373 ἔσθ’
797 1322 871 1373 ὅτε
900 1325 974 1373 καὶ
1008 1322 1067 1373 τὰ
1103 1324 1395 1389 κεκρυμμένα
1420 1330 1502 1375 τοῦ
1527 1324 1749 1388 σώματος
1773 1324 1890 1391 μέρη
1915 1347 1921 1349 *

301 1403 602 1466 δεικνύουσιν,
630 1406 891 1467 ἐπιμειδιῶν
925 1405 1109 1474 τρυφὴν
1144 1409 1338 1457 ἐποιεῖτο
1372 1405 1427 1457 τὸ
1465 1410 1625 1473 χρῆμα
1663 1410 1738 1457 καὶ
1773 1406 1884 1473 πρό·
1913 1424 1960 1463 15

75 1494 163 1528 544
179 1493 231 1528 A·
261 1503 282 1526 a
301 1489 453 1553 φασιν
487 1487 717 1549 εὐθυμίας.
775 1487 921 1538 ταῦτά
959 1493 1111 1556 φασιν
1138 1489 1414 1553 ὠνομάσθαι
1445 1490 1627 1558 εὐφυῶς
1653 1490 1887 1549 σπήλαια·

300 1568 392 1635 ε”χει
419 1567 473 1619 δέ
492 1592 592 1623 πως
619 1573 695 1620 καὶ
721 1569 774 1620 τὸ
802 1569 920 1624 εἰκὸς
947 1571 971 1620 ὁ
1001 1569 1162 1636 λόγος.
1229 1573 1511 1622 ε’κδεδώκασι
1543 1571 1636 1637 γὰρ
1668 1574 1709 1621 οὶ
1744 1571 1888 1637 ἕτεροι

298 1655 393 1701 τῶν
430 1652 739 1717 ἑρμηνευτῶν’
781 1654 883 1703 ἀντὶ
921 1656 1015 1703 τῶν
1054 1656 1315 1717 σπηλαίων,
1354 1653 1441 1718 τὴν
1475 1654 1732 1720 γύμνωσιν,
1772 1654 1825 1704 ἵν’
1860 1652 1889 1722 ᾗ

299 1739 508 1783 τοιοῦτον
547 1733 602 1784 τὸ
653 1733 908 1800 λεγόμενον
955 1738 1073 1786 Oba)
1117 1741 1134 1787 ὁ
1182 1737 1365 1806 ποτίζων
1416 1734 1481 1787 τον
1527 1740 1713 1796 πλησίον
1758 1739 1890 1788 αὐτοῦ

299 1814 541 1884 ἀνατροπὴν
594 1815 767 1886 θολεροιν
813 1819 888 1868 καὶ
930 1818 1196 1880 μεθύσκων,
1249 1818 1368 1874 ’ὅπως
1420 1817 1653 1891 ἐπιβλέπῃ
1703 1819 1779 1870 ἐπὶ
1819 1818 1888 1880 τὴν
1910 1842 1960 1868 20

298 1898 518 1966 ’γύμνωσιν
558 1903 709 1951 αὐτων.

303 2061 377 2103 Καὶ
416 2061 463 2104 σὺ
493 2062 645 2119 καρδία
679 2065 908 2105 σαλεύθΗτι
944 2063 1011 2104 καὶ
1047 2064 1246 2107 σείσθΗτι·
1285 2065 1527 2107 ἑκύκλωσεν
1564 2064 1633 2106 ἐπὶ
1671 2065 1717 2106 σὲ
1753 2064 1887 2105 noni-

369 2161 459 2203 ριον
498 2147 642 2190 δεξιοῖς
688 2147 850 2204 Κυρίου,
889 2148 957 2189 καί
992 2148 1176 2204 συνήχθΗ
1219 2148 1364 2196 ἀτιμία
1403 2149 1473 2190 ἐπὶ
1515 2149 1592 2190 τήν
1630 2149 1758 2192 δόξαν
1796 2164 1887 2190 σου.

148 2233 172 2269 b
235 2242 276 2280 17
369 2230 476 2272 διότι
515 2231 687 2281 ἀσέβεια
721 2234 794 2273 τοῦ
822 2232 1000 2281 Λιβάνου
1035 2233 1217 2283 καλύψει
1244 2248 1302 2284 σε,
1330 2233 1398 2273 καί
1424 2232 1696 2289 ταλαιπωρία
1724 2231 1885 2290 θΗρίων

348 2367 381 2398 4.
408 2354 521 2401 οὐδὲν]
542 2354 610 2390 κατ’
629 2355 728 2389 οὐδὲν
749 2355 837 2390 Edd.
902 2356 1036 2398 ἕμπλεω
1056 2356 1098 2390 B.
1120 2356 1249 2400 ἔμπλεα
1269 2357 1315 2391 Ι).
1339 2356 1398 2391 iid.
1463 2357 1516 2390 καὶ
1533 2357 1563 2391 δ.
1581 2355 1631 2402 ἁ.]
1657 2356 1826 2392 δυσωδίας
1849 2371 1886 2391 τε

300 2403 413 2445 πάσης
433 2403 479 2437 D.
596 2402 629 2436 6.
655 2402 904 2448 προειρημένων
923 2403 964 2437 Β.
983 2404 1164 2447 εἰρημένων
1182 2404 1228 2437 D.
1245 2404 1470 2448 προκειμένων
1488 2403 1581 2438 Edd.
1698 2405 1731 2438 8.
1756 2403 1886 2449 πορθή-

302 2464 366 2484 σας
386 2449 427 2483 B.
447 2448 584 2493 νικήσας
605 2450 650 2483 D.
671 2449 763 2484 Edd.
915 2462 948 2495 9.
974 2452 1087 2486 πάσας
1106 2451 1151 2484 D.
1202 2452 1314 2496 χώρας
1331 2462 1401 2484 om.
1423 2451 1468 2484 D.
1634 2461 1687 2484 11.
1713 2451 1818 2484 ἐποίει
1837 2451 1886 2485 D.

307 2507 358 2530 12.
386 2496 571 2542 περιέργων
591 2496 682 2530 Edd.
884 2508 937 2542 13.
965 2497 1234 2540 κατασειομένοις
1255 2498 1299 2531 D.
1319 2512 1430 2541 σειομ.
1450 2497 1542 2532 Edd.
1759 2508 1812 2540 14.
1831 2498 1886 2532 καὶ

303 2550 524 2587 assumptum
543 2556 582 2576 ex
604 2543 695 2577 BD.
759 2542 843 2587 μέρη
861 2547 921 2577 τοῦ
939 2546 1095 2587 σώματος
1112 2545 1182 2578 inv.
1202 2544 1323 2578 ordine
1342 2544 1389 2578 D.
1628 2543 1682 2578 16.
1708 2545 1818 2587 φησιν
1836 2545 1885 2579 D.

302 2590 436 2634 εὐφυῶς
452 2590 646 2633 ὠνομάσθαι
665 2590 735 2623 inv.
753 2590 829 2625 ord.
849 2591 895 2625 D.
947 2591 1020 2625 ¹Sic
1038 2592 1178 2637 Aquila.
1560 2601 1612 2635 19.
1639 2593 1771 2624 τοιοῦτο
1790 2591 1885 2625 Edd-

305 2647 358 2670 20.
385 2636 554 2681 ἀνατροπῇ
574 2638 697 2681 θολερᾷ
720 2636 809 2671 Edd.
828 2645 861 2671 et
878 2637 944 2671 hoc
962 2639 1037 2672 loco
1058 2639 1103 2672 D.
1153 2637 1328 2682 ἐπιβλέψῃ
1347 2636 1439 2671 Edd.
1622 2648 1677 2671 21.
1703 2638 1805 2671 αὐτοῦ
1823 2637 1884 2672 iid-

304 2693 359 2716 22.
386 2684 441 2717 Ab
460 2684 524 2717 hoc
543 2685 619 2717 loco
637 2695 748 2729 usque
773 2684 815 2717 ad
843 2684 947 2718 finem
969 2686 1102 2729 capitis,
1122 2697 1185 2729 pro
1205 2685 1250 2719 D.
1270 2684 1390 2729 cyrilli
1407 2684 1676 2723 commentariis,
1694 2684 1884 2729 'l‘heophy-

302 2729 382 2762 lacti
400 2730 494 2764 dedit
515 2731 568 2767 Β..
588 2743 675 2775 quae
702 2738 816 2764 tamen
843 2731 886 2765 ad
904 2732 1063 2777 Theoph.
1081 2737 1217 2766 textum
1243 2730 1499 2765 emendandum
1526 2731 1562 2764 in
1579 2730 1766 2764 voluminis
1792 2732 1884 2765 calce

303 2775 475 2810 dedimus.
526 2777 765 2811 Nihilominus
791 2778 845 2811 his
871 2779 906 2812 in
932 2780 1189 2813 commentariis
1212 2778 1247 2811 in
1266 2778 1373 2811 Abac.
1395 2777 1536 2821 Proph..
1554 2778 1664 2811 multa
1684 2777 1728 2810 D.
1749 2777 1882 2823 Cyrilli,

302 2823 494 2857 mutatione
527 2825 713 2858 verborum
744 2825 906 2869 quadam,
936 2826 1146 2870 reprompsit
1174 2824 1469 2869 Theophylactus.
1522 2824 1585 2857 Est
1613 2824 1648 2857 in
1680 2824 1772 2858 Bibl.
1801 2825 1881 2858 Vat.

304 2868 424 2901 Codex
443 2869 551 2904 chart.
570 2871 651 2904 olim
679 2871 738 2904 Pii.
762 2871 808 2904 ΙΙ.
828 2872 921 2914 (vide
938 2873 1124 2906 Assemzmi
1146 2872 1237 2905 Bibl.
1257 2872 1318 2905 Or.
1336 2871 1358 2904 i.
1377 2872 1475 2916 595.)
1494 2883 1589 2904 nunc
1609 2871 1698 2904 Bihl.
1720 2870 1805 2915 Reg.
1829 2872 1882 2911 18,

303 2913 350 2948 D.
379 2914 496 2958 Cyrilli
523 2917 559 2949 in
585 2917 652 2951 Ab.
678 2918 804 2961 proph.
832 2920 1035 2959 continens;
1063 2919 1118 2953 hic
1145 2925 1259 2953 autem
1287 2917 1346 2952 dat
1371 2930 1408 2952 ea
1434 2929 1522 2962 quae
1550 2917 1590 2952 B.
1645 2918 1803 2961 σείσθητι
1830 2919 1882 2952 καὶ

303 2962 486 3005 σαλεύθητι
507 2963 574 2996 inv.
595 2964 715 2997 ordine
738 2965 780 2999 D.
