2001 3361
281 184 355 220 752

332 315 414 339 rum
448 305 560 347 rivus,
595 304 694 351 apud
733 303 1036 352 Hierosolymam

338 371 415 404 244
442 368 495 413 b;
536 367 693 404 Divinae
727 367 879 404 Gratiae
912 373 1036 416 typus,

332 432 468 480 quippe
507 444 599 479 quae
634 431 757 468 resisti
799 445 874 467 non
918 432 1038 479 possit

335 498 411 532 308
428 496 466 531 b.

277 560 415 601 Torris,
450 559 629 596 ferventis
662 558 935 608 Apostolorum
969 559 1038 595 zeli

331 630 442 672 typus
466 627 541 661 777
558 637 599 670 c;
633 627 708 661 778
727 625 762 661 b.

278 689 458 732 Traditio,
488 688 737 731 Judaeorum,
772 688 818 725 de
847 688 1037 736 judicibus

332 759 562 790 memoratur
583 756 659 790 785
682 766 713 790 e.

277 818 544 860 Transitiones,
559 818 635 854 sive
651 830 798 854 errores
813 816 1036 859 animorum,

332 883 489 918 florente
502 882 679 928 Ecclesia,
694 883 892 919 cessabunt
907 885 981 919 734
997 882 1035 928 d3

335 949 411 983 735
432 947 468 983 b.

277 1011 484 1052 Transitus,
501 1011 621 1047 Rubri
635 1011 763 1054 maris,
780 1010 908 1047 Divini
927 1010 1037 1047 robo-

332 1075 382 1111 ris
408 1076 666 1112 testimonium
691 1079 768 1113 480
788 1076 812 1112 b
827 1088 873 1122 03
902 1075 1036 1111 Jorda-

332 1140 390 1175 nis
422 1141 537 1183 fluvii,
569 1141 667 1177 inter
702 1141 823 1189 prima
859 1140 1039 1176 miracula

331 1204 528 1241 habendus
549 1207 627 1242 480
643 1218 676 1242 e.

276 1269 587 1318 Transmigratio,
621 1282 688 1317 pro
722 1269 811 1317 ipsis
846 1268 1036 1310 Israelitis,

333 1334 565 1383 Babylonem
585 1334 765 1370 traductis
787 1335 862 1370 362
885 1345 915 1369 c.

275 1398 496 1441 Tribulatio,
527 1398 575 1434 ad
604 1398 733 1435 Deum
761 1398 863 1433 ducit
883 1399 932 1433 94
959 1407 1035 1441 ac;

332 1463 474 1511 optima
502 1462 650 1510 pietatis
683 1462 865 1510 magistra
898 1463 970 1497 183
995 1472 1035 1504 e3

332 1527 380 1563 ad
393 1526 648 1563 emendandos
660 1539 784 1562 mores
797 1525 896 1561 utilis
911 1528 985 1562 338
997 1526 1035 1572 d,

332 1591 379 1627 ad
409 1591 583 1626 virtutem
613 1590 713 1625 utilis
745 1590 1036 1631 demonstratur,

332 1656 370 1691 in
393 1655 519 1697 Paulo,
541 1654 697 1696 Davide,
719 1653 821 1690 Jona
841 1656 917 1690 379
939 1667 969 1690 e.

277 1720 444 1763 Tribuni,
461 1720 507 1755 de
528 1718 734 1767 Apostolis,
753 1718 858 1766 quasi
879 1718 1037 1755 ducibus

331 1784 459 1832 populi
478 1784 620 1820 dictum
643 1786 719 1820 776
739 1783 785 1828 b;
818 1786 893 1819 777
914 1796 947 1819 c.

278 1849 426 1891 Tribus,
435 1848 578 1890 decem,
589 1848 878 1895 Israelis,magis
891 1848 1037 1896 impiae,

332 1920 370 1949 et
383 1913 491 1949 citius
503 1912 666 1960 punitae,
681 1924 792 1960 quam
806 1911 931 1948 Judae
944 1912 1038 1948 duae

340 1980 414 2014 150
444 1990 488 2023 e3
532 1977 661 2013 decem
696 1976 858 2017 Israelis,
893 1982 931 2013 et
964 1977 1038 2013 duo

331 2042 464 2083 Judae,
508 2048 594 2089 post
635 2041 901 2089 Captivitatem
948 2054 1036 2077 con-

328 2108 481 2154 junctae
505 2108 579 2142 156
600 2118 642 2152 e;
678 2106 839 2149 Israelis,
870 2111 908 2141 et
937 2118 1037 2142 seor-

332 2172 414 2213 sim,
439 2175 477 2207 et
505 2183 636 2207 omnes
665 2170 775 2207 simul
803 2171 1038 2218 appellantur

333 2238 411 2271 450
425 2236 465 2280 b;
493 2234 518 2271 J
523 2235 738 2277 udaeorum,
754 2248 866 2283 quare
883 2237 1037 2272 seorsim

332 2299 554 2347 plangentes
575 2299 833 2336 describantur
854 2303 875 2336 7
880 2302 930 2336 85
952 2313 972 2337 c
987 2301 1023 2337 d.

277 2364 461 2411 Triginta,
483 2364 664 2412 argentei,
689 2377 831 2400 merces
857 2365 1037 2412 prodendi

333 2428 487 2469 Christi,
502 2428 588 2476 quid
605 2429 897 2477 significaverint
913 2431 987 2464 767
1002 2441 1035 2464 a.

277 2492 453 2534 Trinitas,
475 2492 615 2529 Sancta
640 2498 676 2529 et
698 2493 1036 2528 Consubstantialis

334 2559 410 2593 224
432 2568 473 2602 ος
505 2559 581 2593 549
603 2569 644 2602 e,
676 2557 712 2592 in
738 2556 906 2593 Ecclesia
932 2563 1034 2605 pate-

333 2620 431 2657 facta
450 2623 527 2657 668
548 2633 578 2657 c.

279 2685 458 2726 Tristitia,
489 2685 625 2722 mentis
653 2684 786 2733 caligo,
817 2697 882 2733 per
908 2684 1036 2722 Solem

334 2748 568 2785 deficientem
590 2749 799 2797 significata
820 2752 897 2786 336
918 2762 949 2785 a.

279 2812 472 2855 Triticum,
507 2814 652 2849 roboris
690 2813 888 2861 spiritualis
926 2819 1036 2862 typus

336 2878 412 2912 635
443 2889 485 2923 a;
527 2877 711 2914 bonorum
745 2877 967 2926 symbolum,
999 2878 1036 2914 in

335 2939 509 2977 horreum
530 2942 754 2979 servandum
776 2943 852 2979 865
875 2955 905 2978 a.

809 183 1022 220 INDEX
1080 183 1323 220 RERUM.

1666 193 1859 219 TORRENS.

1104 302 1267 345 Tritura,
1328 303 1452 340 Divini
1513 302 1650 340 Judicii
1711 302 1861 350 signum

1160 370 1236 404 433
1258 367 1326 404 ab.

1105 430 1136 465 T
1138 431 1322 475 rituratio‚
1338 432 1435 479 apud
1452 432 1565 480 Syros
1579 431 1672 468 rotis
1687 442 1862 467 curruum

1158 495 1287 531 ferreis
1307 496 1386 532 fieri
1406 496 1549 532 solebat
1569 499 1645 533 254
1668 508 1701 532 e.

1105 559 1221 600 Tuba,
1252 566 1401 609 “super
1429 560 1542 596 colles
1571 559 1746 602 canens,”
1775 559 1862 606 quid

1160 624 1207 659 sit
1229 626 1277 660 87
1296 624 1341 670 b;
1372 626 1421 661 88
1444 637 1486 669 a;
1516 624 1748 661 Judaeorum
1767 636 1862 671 pug-

1159 688 1342 730 nantium,
1363 688 1593 736 Archangeli
1621 688 1732 724 tubae
1758 699 1861 723 com-

1160 758 1288 800 parata
1308 755 1382 790 241
1402 766 1422 789 c
1433 766 1443 799 ;
1473 753 1613 789 bellum
1633 753 1862 800 praecinens,

1160 816 1430 864 Prophetarum
1459 817 1771 865 proclamantium
1802 821 1861 864 ty-

1159 893 1228 929 pus
1249 884 1323 918 278
1346 894 1387 927 c;
1426 894 1493 929 pro
1522 881 1676 917 saevitia
1703 880 1864 916 militum

1158 945 1470 994 triumphantium
1516 945 1656 982 dictum
1701 948 1774 982 591
1817 945 1862 991 d;

1160 1009 1242 1055 Dei,
1290 1009 1517 1058 praedicatio
1564 1010 1760 1058 Evangelii
1806 1018 1864 1046 est

1162 1076 1236 1111 742
1259 1087 1280 1110 a
1296 1087 1324 1111 c.

1105 1138 1246 1182 Turris,
1263 1152 1330 1187 pro
1350 1139 1505 1186 tugurio
1525 1138 1732 1186 pastoritio,
1754 1151 1863 1186 squa-

1158 1203 1248 1238 loris
1280 1203 1456 1239 indicium
1488 1206 1565 1239 430
1596 1215 1638 1244 03
1685 1203 1774 1240 item
1806 1209 1861 1240 te-

1159 1267 1358 1303 nebrarum
1427 1266 1674 1315 spiritualium
1743 1269 1864 1316 figura

1162 1334 1238 1368 430
1257 1332 1293 1367 d.

1105 1395 1302 1441 Turtures,
1315 1395 1429 1432 oblati
1442 1394 1539 1437 Deo,
1556 1408 1622 1443 per
1634 1396 1864 1445 mysterium,

1160 1460 1301 1496 Christi
1322 1466 1434 1508 typus
1455 1462 1532 1496 836
1554 1473 1588 1496 e.

1105 1523 1242 1573 Typus,
1281 1537 1357 1560 non
1400 1525 1480 1572 ipsa
1517 1525 1653 1561 veritas
1690 1531 1759 1567 est,
1799 1527 1864 1562 sed

1158 1589 1281 1636 figura
1327 1593 1365 1625 et
1412 1589 1651 1624 simulacrum
1697 1589 1864 1626 veritatis

1161 1655 1236 1690 315
1276 1652 1321 1693 b;

1159 1717 1299 1759 Moses,
1320 1717 1409 1753 item
1438 1729 1631 1765 quousque
1656 1718 1797 1760 Aaron,
1826 1723 1864 1754 et

1157 1782 1275 1818 Jonas
1315 1784 1391 1818 365
1422 1794 1463 1827 e;
1504 1783 1579 1818 366
1610 1794 1632 1818 a
1657 1794 1703 1828 e,
1742 1782 1864 1818 omnis

1158 1859 1246 1882 cum
1301 1845 1598 1882 consideratione
1649 1846 1750 1893 scopi
1806 1846 1865 1882 sui

1725 1910 1862 1954 nullus,

1159 1975 1330 2025 antitypo
1377 1974 1612 2010 exactissime
1662 1975 1865 2023 respondet

1161 2041 1237 2076 366
1272 2039 1317 2084 d;
1365 2038 1489 2074 nullus
1526 2044 1673 2086 praeter
1709 2052 1864 2087 scopum

1159 2103 1327 2152 argutius
1343 2103 1571 2151 torquendus
1589 2105 1664 2139 367
1680 2103 1702 2139 b
1715 2117 1724 2149 ;
1753 2117 1863 2151 quam

1160 2168 1207 2204 sit
1253 2167 1405 2204 inferior
1449 2167 1598 2204 veritati
1645 2167 1699 2204 rei
1749 2168 1865 2216 ipsius

1160 2234 1236 2269 686
1258 2232 1294 2268 d.

1104 2297 1216 2345 Tyrii,
1247 2309 1383 2345 pueros
1408 2296 1653 2339 Judaeorum,
1681 2297 1718 2333 in
1748 2297 1862 2334 servi-

1159 2367 1279 2397 tutem
1343 2361 1572 2404 vendendos,
1644 2362 1863 2410 praesertim

1160 2425 1364 2469 Idumaeis,
1396 2426 1644 2474 deportabant
1674 2428 1750 2463 236
1778 2426 1802 2462 d
1821 2439 1863 2472 e;

1160 2492 1235 2527 258
1276 2490 1322 2535 b;
1384 2490 1521 2527 liberos
1567 2503 1655 2527 suos
1701 2490 1864 2527 vicissim

1158 2555 1330 2591 venditos
1358 2555 1534 2591 videbant
1564 2556 1640 2592 237
1668 2555 1714 2597 d;
1753 2555 1864 2591 minis

1158 2625 1352 2668 urgentur,
1388 2619 1488 2666 quod
1524 2625 1701 2667 ruperant
1732 2619 1864 2655 foedus

1158 2684 1363 2720 fraternum
1403 2685 1477 2720 258
1518 2696 1539 2720 a
1552 2696 1560 2729 ;

1162 2747 1276 2796 Regis
1323 2747 1476 2784 Chiram
1525 2761 1610 2784 cum
1663 2746 1864 2783 Salomone

1160 2813 1237 2848 259
1273 2824 1315 2857 a;
1361 2812 1438 2848 sive
1472 2812 1620 2847 Israelis
1653 2822 1740 2846 cum
1778 2811 1863 2846 filiis

1162 2877 1262 2913 Esau
1282 2878 1358 2913 259
1380 2876 1427 2921 b;
1462 2876 1538 2912 sive
1561 2875 1723 2910 filiorum
1744 2874 1862 2911 Abra—

1160 2940 1261 2978 hami
1290 2953 1376 2977 cum
1410 2940 1493 2976 filiis
1522 2939 1595 2976 Lot
1625 2940 1701 2976 259
1731 2939 1776 2984 d;
1816 2939 1863 2976 ad

1378 1652 1532 1694 Christi,
1577 1665 1771 1702 quousque
1816 1654 1865 1690 sit

1159 1910 1461 1958 interpretandus
1510 1912 1586 1946 366
1625 1922 1669 1956 c;

1616 2684 1692 2721 sive
1733 2683 1864 2719 foedus
