2053 3382
294 195 370 230 650

349 312 510 361 gratiam
563 313 640 348 226
687 310 733 356 b;
796 310 1057 347 describuntur

352 376 454 413 omni
483 375 606 411 studio
634 374 828 411 Christum
859 381 1056 422 sequentes

350 443 428 478 429
463 452 505 485 εις
550 444 588 476 et
623 439 814 475 Crucifixo
852 438 1057 487 gloriantes

349 507 426 541 429
455 504 501 549 b;
547 516 568 539 a
602 503 757 539 Christo
789 515 866 539 non
899 502 1057 551 amplius

349 567 547 616 separandi
565 570 639 604 491
657 567 702 614 d3
732 567 770 603 in
791 566 955 612 Christo,
972 579 1057 603 cum

348 633 459 669 Patre
494 632 733 680 spiritualiter
767 631 970 680 conjuncti,
1009 630 1055 667 ib.

347 697 496 733 lumbos
525 697 664 733 habere
697 701 849 744 paratos
879 696 1060 744 jubentur

350 764 428 799 497
455 774 497 807 e;
537 761 659 798 ventri
692 761 875 809 imperare
908 761 984 797 498
1016 771 1058 805 a;

348 826 586 874 poenitentes
624 825 813 862 Ninevitis
855 823 1060 873 comparati

351 893 428 928 502
465 903 507 937 a;
551 890 673 926 instar
705 890 874 938 piscium,
909 889 947 925 in
979 889 1058 924 lau-

351 955 476 991 dando
507 954 615 997 muti,
646 955 686 990 in
715 954 883 991 vorando
917 954 1060 990 feroces

353 1021 431 1056 530
466 1019 549 1065 ad;
595 1031 735 1067 sagena
767 1018 909 1067 peccati
947 1018 1063 1054 inter-

351 1083 443 1120 clusi
465 1085 539 1121 531
564 1095 605 1129 c;
637 1084 764 1132 quales
792 1083 953 1120 debeant
979 1094 1061 1118 esse

353 1148 479 1191 corde,
508 1148 648 1197 lingua,
674 1160 874 1196 manuque,
895 1146 1061 1195 descrip-

352 1218 433 1250 tum
451 1214 529 1250 620
547 1226 587 1259 a;
620 1225 730 1261 quam
752 1213 826 1249 sint
841 1213 877 1248 in
895 1210 1063 1248 Ecclesia

353 1283 392 1314 et
420 1278 493 1314 tuti
521 1283 559 1314 et
588 1278 686 1314 beati
708 1280 785 1315 620
807 1290 848 1324 e;
880 1279 954 1314 621
979 1276 1062 1322 ad3

357 1344 435 1379 622
458 1354 522 1378 ce.

301 1407 521 1447 Cnms'rus,
530 1406 788 1455 peccatoribus
801 1406 1012 1455 indulgens,
1026 1405 1064 1440 in

356 1470 457 1507 Osea
476 1471 642 1507 nubente
661 1470 928 1519 intelligendus
952 1473 999 1507 15
1021 1470 1062 1511 d;

361 1537 407 1572 17
430 1548 463 1572 a.
507 1534 693 1576 Christus,
708 1535 962 1572 innocentium
983 1546 1062 1570 cae-

357 1600 443 1635 dem
472 1599 664 1635 ulciscitur
697 1601 743 1636 19
774 1612 806 1635 c.
878 1599 1063 1639 Christus,

356 1676 486 1700 verum
515 1664 586 1700 Dei
615 1676 743 1700 semen
772 1664 810 1699 in
840 1676 955 1712 puero
977 1664 1064 1700 Jez·

356 1728 433 1764 reel
476 1728 660 1776 figuratur
704 1731 754 1765 20
800 1728 845 1774 d;
893 1728 983 1764 item
1027 1728 1065 1763 in

356 1793 515 1829 Naboth
545 1793 667 1829 occiso
701 1795 751 1830 20
787 1805 819 1829 e.
878 1791 1063 1833 Christus,

357 1869 561 1906 resurgens
613 1857 702 1905 quid
752 1856 883 1894 fecerit
935 1859 984 1894 22
1033 1870 1065 1893 e.

359 1921 545 1963 Christus,
585 1927 715 1958 auctor
754 1921 1066 1970 Regenerationis

361 1989 410 2023 25
428 2000 460 2022 a.
502 1986 688 2028 Christus,
706 1998 815 2022 verus
832 1986 944 2031 Deus,
957 1998 1066 2022 verus

361 2051 488 2086 Homo
510 2052 559 2087 26
581 2063 613 2086 e.
666 2050 851 2092 Christus,
873 2063 940 2098 pro
959 2050 1067 2086 nobis

359 2128 491 2163 passus
520 2120 577 2151 est
607 2116 656 2151 27
689 2128 721 2150 a.
783 2113 968 2157 Christus,
1000 2115 1067 2150 sub

360 2180 512 2216 nomine
559 2179 715 2215 Davidis
767 2179 890 2215 dictus
936 2181 986 2215 29
1034 2191 1066 2214 e.

361 2244 547 2286 Christus,
591 2244 636 2279 ab
681 2243 811 2279 Hosea
857 2243 1068 2291 praedictus

363 2311 412 2344 45
443 2321 477 2345 e.
535 2308 720 2349 Christus,
759 2308 856 2343 inest
895 2307 1068 2343 cordibus

362 2378 576 2408 sanctorum
607 2374 657 2408 46
683 2385 714 2408 e.
774 2371 961 2414 Christus,
986 2372 1069 2408 red-

362 2437 426 2473 det
468 2436 665 2484 unicuique
708 2437 913 2472 secundum
957 2449 1069 2484 opera

364 2514 429 2537 sua
459 2503 509 2538 47
531 2501 568 2537 d.

364 2578 446 2606 nus,
463 2565 589 2600 Homo
610 2564 739 2600 similis
759 2570 929 2600 nostrum
949 2565 1069 2601 factus

366 2632 415 2666 52
437 2642 467 2665 e.
518 2629 703 2671 Christus,
725 2629 914 2665 Mediator
934 2629 1016 2670 Dei,
1033 2636 1070 2666 et

365 2693 558 2729 hominum
578 2698 772 2741 peccatum
792 2693 941 2729 sustulit
962 2696 1010 2731 53
1032 2694 1068 2730 b.

367 2757 553 2799 Christus,
593 2770 666 2805 qua
703 2757 849 2805 justitia
888 2758 1071 2806 judicabit

368 2824 416 2858 54
440 2822 476 2859 b.
517 2822 700 2863 Christus,
722 2822 842 2858 Verus
862 2822 932 2858 Dei
955 2822 1071 2858 Filius

369 2888 417 2920 5ss
456 2898 489 2920 c.
552 2885 737 2928 Christus,
784 2899 852 2933 pro
900 2887 1071 2922 universa

366 2949 558 2985 hominum
589 2950 706 2987 salute
735 2950 934 2987 crucifixus
964 2953 1010 2987 61
1036 2963 1066 2987 e.

627 2500 812 2542 Christus,
838 2500 916 2548 ipse
940 2501 1071 2536 Domi-

825 190 1039 226 INDEX
1098 189 1342 227 RERUM.

1630 203 1877 228 CHRISTIANI.

1180 309 1365 352 Christus,
1396 322 1468 359 quo
1498 322 1608 347 sensu
1637 310 1686 346 sit
1711 310 1883 346 manifes-

1179 375 1272 411 tatio
1298 381 1336 411 et
1355 375 1505 411 Veritas
1532 376 1581 411 62
1603 375 1640 412 b.
1698 375 1883 415 Christus,

1180 451 1306 475 semen
1334 439 1488 475 Davidis
1518 441 1567 475 62
1595 452 1627 475 e.
1699 438 1884 480 Christus,

1180 516 1273 551 quae
1299 515 1430 552 passus
1454 503 1567 539 fuerit
1591 503 1760 552 praevisa
1781 504 1829 539 65
1851 514 1886 539 a.

1183 567 1369 611 Christus,
1396 568 1495 604 idem
1525 580 1609 604 cum
1636 568 1746 604 Patre
1776 569 1825 603 65
1846 566 1885 604 b.

1180 632 1366 673 Christus,
1401 632 1500 680 quod
1538 632 1633 668 falso
1669 630 1887 668 testimonio

1181 696 1415 732 damnandus
1434 702 1533 733 esset
1550 696 1760 744 praevisum
1782 697 1831 732 68
1854 708 1885 731 a.

1182 761 1368 803 Christus,
1402 761 1467 797 lux
1502 761 1631 797 mundi
1662 766 1699 796 et
1732 759 1889 796 scientia

1183 827 1233 862 69
1251 825 1288 863 d.
1347 825 1535 868 Christus,
1567 825 1769 866 Mediator,
1790 836 1812 859 a
1831 835 1888 859 sa·

1183 890 1396 926 cerdotibus
1425 889 1540 938 Legis
1570 892 1890 937 praemonstratus

1185 957 1231 992 71
1255 967 1301 1000 03
1330 955 1419 990 item
1446 954 1492 990 ab
1511 952 1665 990 Aarone
1693 955 1739 990 71
1768 964 1814 999 e3
1843 951 1890 988 ab

1183 1020 1264 1067 ipso
1294 1018 1402 1055 Mose
1434 1020 1482 1055 72
1515 1030 1548 1054 a.
1608 1017 1795 1061 Christus,
1824 1028 1892 1064 per

1184 1083 1295 1120 fidem
1310 1089 1347 1120 et
1356 1083 1550 1131 Baptisma
1563 1083 1682 1118 solum
1697 1081 1891 1118 adeundus

1186 1150 1235 1185 85
1249 1148 1286 1185 b.
1317 1147 1503 1191 Christus,
1516 1160 1582 1196 per
1595 1146 1775 1184 “Faciem
1789 1145 1890 1182 Dei''

1185 1212 1417 1261 significatus
1434 1214 1483 1249 94
1501 1225 1534 1249 c.
1573 1212 1757 1253 Christus,
1771 1210 1893 1258 figura

1187 1278 1416 1314 substantiae
1433 1277 1553 1313 Patris
1575 1279 1623 1313 94
1639 1276 1674 1312 d.
1706 1275 1891 1318 Christus,

1187 1342 1390 1378 resurrexit
1433 1342 1636 1378 secundum
1681 1340 1894 1388 Scripturas

1189 1409 1237 1444 94
1268 1419 1299 1443 e.
1358 1407 1544 1448 Christus,
1575 1406 1781 1442 linamento
1809 1417 1894 1452 gra-

1187 1472 1261 1507 tiae
1297 1471 1453 1507 vulnera
1497 1476 1652 1507 naturae
1697 1474 1803 1505 sanat
1841 1470 1892 1505 95

1188 1536 1212 1572 d
1233 1548 1264 1572 e.
1334 1535 1520 1578 Christus,
1568 1546 1779 1583 resurgen3‚
1824 1546 1894 1570 nos

1186 1600 1276 1636 facit
1312 1612 1509 1648 resurgere
1548 1602 1597 1636 95
1646 1612 1694 1645 ἃς
1746 1605 1783 1635 et
1829 1610 1892 1633 co-

1188 1677 1266 1700 ram
1297 1665 1377 1700 Deo
1407 1671 1505 1700 stare
1535 1666 1585 1701 96
1612 1665 1648 1700 b.
1708 1663 1893 1705 Christus,

1189 1729 1273 1764 fons
1302 1734 1339 1765 et
1367 1728 1518 1764 luminis
1547 1734 1585 1765 et
1613 1727 1755 1776 gratiae
1785 1728 1836 1763 96
1861 1738 1892 1763 c.

1190 1793 1375 1839 Christus,
1394 1805 1459 1841 per
1479 1792 1640 1841 pluviam
1662 1791 1894 1840 significatus

1190 1859 1240 1894 97
1257 1858 1292 1894 b.
1336 1857 1521 1899 Christus,
1544 1856 1691 1893 Israelis
1713 1856 1895 1903 sanguine

1189 1928 1396 1971 prognatus
1417 1924 1466 1959 98
1481 1922 1519 1959 b.
1551 1921 1736 1963 Christus,
1753 1920 1894 1965 Homo,

1189 1987 1308 2023 nostri
1329 1986 1457 2022 similis
1478 1989 1528 2023 98
1543 1999 1574 2022 c.
1616 1986 1801 2027 Christus,
1822 1997 1895 2032 quo

1191 2063 1304 2087 sensu
1334 2050 1640 2091 misericordiam,
1670 2063 1747 2086 non
1781 2049 1895 2086 sacri-

1190 2114 1327 2158 ficium,
1345 2115 1433 2151 velit
1450 2117 1499 2152 98
1515 2115 1550 2151 d.
1589 2114 1773 2157 Christus,
1787 2114 1897 2151 Unus

1191 2192 1275 2216 cuni
1300 2180 1409 2216 Patre
1434 2182 1484 2216 99
1505 2192 1536 2215 a.
1594 2179 1778 2220 Christus,
1800 2179 1897 2215 tollit

1190 2249 1353 2292 peccata,
1384 2249 1421 2280 et
1451 2244 1524 2280 fide
1550 2244 1733 2291 justificat
1766 2245 1816 2280 99
1846 2244 1895 2290 b;

1196 2311 1269 2345 100
1293 2321 1326 2344 a.
1384 2308 1569 2351 Christus,
1600 2321 1621 2344 a
1648 2308 1801 2344 Judaeis
1830 2320 1895 2355 op-

1191 2384 1354 2420 pressu-a,
1417 2371 1595 2408 Sicimitis
1660 2376 1898 2420 comparatur

1197 2438 1269 2473 105
1287 2449 1317 2473 c.
1356 2436 1540 2479 Christus,
1555 2436 1705 2472 nomine
1718 2437 1896 2472 Emman-

1192 2501 1284 2537 uelis
1313 2501 1514 2549 insignitus
1539 2504 1612 2538 107
1629 2513 1662 2538 e.
1712 2500 1897 2543 Christus,

1192 2566 1229 2601 in
1256 2565 1436 2601 ministris
1463 2565 1539 2602 suis
1562 2566 1640 2613 ipse
1660 2569 1898 2613 oppugnatur

1197 2633 1266 2667 141
1309 2630 1343 2667 b.
1408 2630 1594 2671 Christus,
1632 2630 1716 2665 fons
1753 2629 1897 2676 gratiae

1198 2697 1271 2732 142
1294 2695 1331 2732 d.
1363 2694 1546 2736 Christus,
1563 2694 1608 2730 ab
1629 2693 1789 2740 Angelo,
1811 2704 1896 2728 cum

1192 2759 1312 2795 Jacob
1365 2758 1532 2804 luctanti,
1579 2761 1897 2805 praemonstratus

1199 2825 1271 2859 169
1298 2836 1330 2859 c.
1389 2823 1573 2862 Christus,
1601 2827 1639 2857 et
1666 2820 1832 2862 Judaeis,
1859 2826 1897 2856 et

1194 2888 1379 2927 omnibus,
1440 2885 1749 2933 Redemptionem
1811 2885 1896 2922 tulit

1198 2953 1270 2988 187
1292 2951 1314 2987 b
1331 2963 1350 2987 c
1367 2951 1400 2986 d.
1459 2949 1641 2991 Christus,
1663 2949 1896 2997 praedicatur
