2001 3361
289 198 364 233 716

339 315 492 351 musicis
525 311 782 349 instrumentis
812 312 902 347 nihil
939 324 1043 361 prae-

339 379 437 426 cepit
468 380 542 414 308
578 389 620 422 a;
660 389 681 412 a
713 377 850 424 populo
884 377 1045 424 rejectus

340 446 416 480 309
447 442 482 488 b,
514 454 535 477 a
565 440 647 476 Deo
682 447 856 488 acceptus
894 443 970 476 310
1001 453 1042 486 a;

339 507 490 555 signum
511 505 642 541 Crucis
667 505 877 546 exhibebat,
899 505 1044 552 lignum

338 571 376 606 in
393 582 508 618 aquas
528 583 671 605 amaras
689 570 893 605 demissum
911 572 986 606 347
1004 570 1042 614 b;

337 641 448 683 typus
470 634 623 675 Christi,
641 647 725 670 cum
743 634 789 670 ad
805 634 1043 670 mediandum

337 699 556 735 ascenderet
586 701 661 735 365
690 711 721 740 e,
750 711 826 734 non
856 699 918 734 ubi
948 698 1045 734 refu-

337 770 456 812 geret,
471 769 508 799 et
524 763 686 811 seipsum
702 770 898 799 excusaret
913 765 989 799 366
1006 775 1043 808 a;

338 828 465 864 Deum
495 829 615 876 ipsum
636 827 810 864 audiebat
835 827 933 863 clara
952 840 1044 863 voce

338 905 450 941 super
480 892 790 940 Propitiatorium
825 892 1042 940 colloquen-

336 964 413 993 tem
443 960 517 994 393
548 958 594 1003 b;
628 956 883 993 internuntius
903 952 1043 992 Judae-

337 1035 460 1064 orum,
510 1021 594 1058 Deo
641 1028 824 1070 regnante
872 1023 945 1058 431
996 1022 1042 1067 b;

337 1100 358 1123 a
400 1087 484 1123 Deo
531 1087 681 1128 missus,
730 1086 906 1122 Divinam
954 1099 1045 1134 erga

337 1151 514 1187 Israelem
553 1151 846 1187 misericordiam
887 1151 1042 1187 demon-

336 1222 430 1252 strat
468 1218 545 1252 446
584 1216 630 1261 b;
680 1216 849 1264 quamvis
892 1215 1043 1251 Christo

334 1281 448 1329 longe
469 1280 635 1323 inferior,
658 1281 783 1317 omnia
802 1286 929 1316 tamen
948 1280 1042 1315 bene

335 1347 452 1394 gessit
475 1348 549 1382 564
571 1345 617 1390 b;
643 1345 774 1388 fidelis,
796 1345 861 1381 sed
881 1344 1042 1380 famulus

337 1413 413 1446 675
437 1411 480 1455 d;
504 1410 593 1458 quid
613 1410 868 1446 testimonium
890 1409 1042 1444 Christo

335 1475 530 1522 protulerit
552 1477 628 1511 694
649 1475 694 1519 b;
726 1474 827 1509 vocis
848 1473 1040 1512 tenuitate,

335 1540 488 1575 inferior
539 1539 690 1576 Christo
750 1542 825 1574 742
875 1550 915 1581 c;
974 1549 1041 1584 pro

334 1605 471 1652 populo
528 1603 738 1645 Dominico,
794 1602 912 1638 labori
973 1613 1041 1636 suo

334 1681 410 1704 non
439 1668 603 1716 pepercit
625 1671 699 1704 763
722 1668 767 1712 b;
804 1667 849 1702 de
875 1666 1040 1707 Christo,

336 1738 465 1780 utpote
505 1733 692 1780 Propheta
730 1738 899 1772 venturo,
934 1743 1040 1778 prae—

336 1797 430 1833 dixit
451 1799 526 1833 869
549 1810 589 1842 e;
623 1799 699 1833 870
721 1809 786 1832 ac.

280 1861 413 1898 Motus
443 1867 564 1897 terrae
598 1874 666 1909 pro
700 1861 905 1909 agitatione
936 1860 1038 1895 Gen-

333 1926 440 1967 tium,
462 1925 602 1963 Christi
631 1926 875 1973 temporibus,
897 1925 1039 1960 dictum

335 1993 407 2026 641
428 2003 462 2036 a;
486 1993 562 2027 649
578 1991 618 2035 b;
641 1990 827 2038 significat
842 2002 901 2025 res
919 1994 1039 2024 motas

329 2055 408 2102 jam
428 2055 649 2091 transituras
669 2067 750 2090 esse
771 2056 848 2090 649
870 2066 897 2089 c.

281 2119 442 2161 Moveri,
478 2120 523 2155 de
556 2125 656 2155 terra
693 2119 849 2159 dictum,
887 2118 1037 2165 spiritu-

333 2183 440 2219 aliter
501 2184 545 2219 de
606 2183 848 2219 conversione
910 2182 1039 2218 mundi

333 2248 620 2296 intelligendum
642 2250 718 2284 559
740 2260 759 2283 c
776 2260 807 2282 e.

280 2312 421 2348 Mulier
440 2312 666 2348 infirmitatis
696 2311 906 2360 symbolum
928 2313 977 2346 25
999 2323 1037 2355 c;

334 2376 484 2418 lasciva,
501 2377 734 2412 ,Iudaeorum
754 2376 913 2424 populus
931 2378 979 2411 57
998 2375 1036 2420 d3

335 2453 449 2488 quare
485 2442 531 2476 sit
564 2441 799 2488 aptissimum
832 2440 1038 2487 iniquitatis

333 2505 544 2552 symbolum
594 2507 668 2541 698
718 2517 759 2549 a;
813 2505 850 2540 in
899 2504 1038 2539 visione

333 2569 548 2610 Zachariae,
615 2581 790 2605 mensura
861 2568 1037 2609 insidens,

333 2633 486 2680 plumbo
503 2634 688 2674 obturata,
704 2634 791 2681 quid
807 2634 853 2669 sit
870 2636 945 2670 698
964 2646 986 2669 a
998 2633 1037 2679 b;

332 2702 369 2732 et
403 2697 623 2739 Samariam,
660 2704 696 2734 et
737 2698 1038 2746 Hierosolymam

333 2761 567 2808 significabat
629 2765 705 2798 699
767 2775 788 2797 a
799 2775 808 2807 3

335 2825 474 2860 volucri
534 2826 760 2867 immundae,

875 2774 1036 2810 upupae,

824 2832 1038 2874 comparata

335 2890 410 2924 699
449 2903 489 2934 c;
539 2903 652 2938 quare
691 2891 845 2927 seorsim
884 2904 905 2926 a
944 2891 1035 2933 viro,

333 2951 527 2997 planctura
579 2955 813 3002 praedicatur
866 2957 941 2991 785
991 2955 1035 3001 d;

819 192 1031 228 INDEX
1090 193 1337 229 RERUM.

1110 2506 1237 2542 Mulus
1294 2507 1464 2554 agrestis,

1736 207 1871 231 MOSES.

1169 314 1353 361 particeps
1369 313 1495 349 Divini
1511 313 1681 355 foederis,
1696 326 1780 350 cum
1794 315 1873 350 viro

1169 390 1238 413 suo
1258 378 1464 414 affirmatur
1484 381 1560 414 845
1583 391 1614 414 e.

1115 442 1306 484 Mulieres,
1328 444 1373 478 de
1397 443 1552 478 infirmis
1577 443 1767 490 discipulis
1795 443 1871 478 dic-

1167 511 1248 543 tum
1269 510 1319 543 25
1334 520 1375 552 c;
1406 508 1641 555 impudenter
1659 507 1874 543 Hieremiae

1167 572 1322 608 irrident
1340 575 1388 608 42
1407 572 1450 616 d3
1474 572 1685 612 Hebraeae,
1703 571 1874 607 solebant

1168 637 1352 684 appellare
1389 637 1487 672 viros
1532 648 1620 672 suos
1657 636 1872 672 nominibus

1168 702 1352 737 idolorum
1415 704 1463 737 50
1521 713 1564 745 a‚·
1629 701 1871 741 Judaeorum,

1167 766 1375 802 Thammuz
1395 766 1590 813 plorabant
1615 767 1663 801 79
1684 765 1707 800 b
1720 777 1730 809 ς
1761 777 1872 812 quam

1167 831 1489 871 foecundissimae‚
1547 830 1644 877 apud
1705 828 1872 864 Judaeos

1167 895 1476 931 honoratissimae
1506 896 1578 930 138
1605 906 1645 938 a;
1678 893 1872 928 sterilitate

1167 972 1438 1007 nonnunquam
1490 959 1640 1006 punitae
1702 959 1775 993 139
1829 969 1870 1001 e;

1168 1037 1190 1060 a
1209 1024 1291 1060 Deo
1311 1037 1384 1059 non
1416 1028 1708 1059 contemnuntur
1730 1023 1806 1058 229
1828 1033 1870 1065 a3

1169 1089 1327 1136 Spiritus
1367 1087 1495 1124 Sancti
1533 1087 1730 1135 participes
1777 1086 1872 1121 fiunt

1168 1156 1244 1189 229
1266 1153 1310 1198 b;
1339 1165 1382 1188 ex
1406 1153 1542 1200 oppido
1564 1151 1719 1192 Galaad,
1741 1163 1871 1198 quam-

1167 1219 1221 1253 vis
1272 1217 1463 1266 gravidae,
1513 1230 1535 1253 a
1586 1216 1703 1264 Syriis
1761 1213 1871 1250 serris

1167 1282 1347 1317 dissectae
1387 1284 1463 1318 254
1503 1293 1544 1326 e3
1586 1280 1782 1320 Samariae,
1822 1278 1870 1314 ob

1165 1347 1351 1382 luxuriam
1405 1353 1441 1382 et
1492 1346 1696 1388 libidinem,
1750 1342 1870 1379 vaccis

1166 1411 1390 1447 Basanitidis
1435 1416 1674 1458 comparatae
1714 1410 1788 1445 288
1828 1420 1869 1452 e;

1167 1478 1242 1512 289
1275 1487 1316 1519 a;
1354 1475 1648 1523 Hiemsolymae,
1680 1474 1869 1521 placentas

1165 1540 1273 1575 idolis
1295 1540 1499 1575 miscebant
1517 1542 1588 1575 311
1610 1551 1650 1580 c;
1674 1538 1867 1574 Christum

1165 1611 1249 1652 post
1279 1604 1587 1640 resurrectionem
1617 1603 1798 1644 videntes,
1824 1601 1870 1636 ab

1166 1669 1276 1704 Esaia
1305 1669 1493 1716 praevisae
1525 1670 1600 1704 338
1632 1681 1672 1709 c;
1708 1667 1870 1703 infantes

1165 1746 1252 1769 suos
1300 1745 1534 1769 comessurae
1583 1733 1628 1768 ab
1677 1731 1868 1768 Hieremia

1166 1798 1374 1844 praedictae
1393 1800 1468 1833 522
1483 1810 1523 1841 c;
1546 1803 1760 1844 expugnata
1777 1797 1866 1832 Hie—

1165 1862 1353 1909 rosolyma
1379 1861 1576 1909 rapiendae
1601 1862 1863 1909 praedicuntur

1166 1928 1241 1962 ’795
1302 1939 1342 1967 e3

1164 1991 1382 2026 interdictae
1403 1992 1478 2026 842
1501 2004 1543 2031 a3
1575 1991 1800 2038 repudiatae,
1823 1990 1869 2025 ad

1164 2055 1279 2090 altare
1310 2056 1452 2097 flentes,
1485 2055 1691 2091 sacrificum
1726 2055 1867 2102 pollue-

1165 2120 1253 2155 bant
1300 2122 1376 2155 844
1415 2132 1456 2160 e;
1507 2127 1716 2161 extraneae,
1756 2131 1869 2167 quare

1164 2184 1348 2231 repudiari
1414 2184 1592 2220 deberent
1649 2186 1725 2220 845
1788 2185 1867 2224 de;

1164 2249 1315 2283 eaedem
1367 2249 1639 2284 haereticorum
1691 2248 1869 2284 doctrinis

1415 1926 1655 1974 alienigenae,
1714 1925 1866 1962 Judaeis

1164 2313 1300 2348 illicitis
1320 2319 1582 2361 comparantur
1603 2315 1679 2349 847
1700 2313 1723 2348 b
1737 2326 1768 2348 c.

1111 2376 1374 2424 Multiplicatio
1406 2377 1555 2413 seminis
1589 2377 1746 2413 Judaeis
1779 2390 1864 2424 pro-

1164 2442 1275 2478 missa
1297 2444 1373 2478 845
1396 2455 1429 2478 c.

1528 2507 1701 2543 saevitiae
1757 2512 1867 2554 typus

1164 2572 1240 2607 809
1262 2571 1297 2606 b.

1110 2634 1287 2676 Mundus,
1321 2635 1454 2677 inanis,
1495 2635 1744 2682 evanidusque
1782 2633 1864 2670 des-

1164 2699 1316 2735 cribitur
1337 2702 1412 2736 287
1435 2712 1477 2741 a;
1510 2700 1601 2736 mari
1628 2703 1863 2746 comparatur

1163 2766 1238 2800 802
1261 2777 1302 2805 c;
1332 2764 1378 2799 ab
1400 2765 1577 2800 Idumaea
1596 2763 1868 2811 praefiguratur

1162 2830 1237 2865 822
1260 2829 1336 2873 bc;
1358 2829 1441 2864 Deo
1461 2828 1630 2864 inimicus
1652 2829 1727 2863 838
1752 2827 1786 2863 b.

1108 2893 1284 2933 Munitio‚
1325 2893 1512 2928 Ecclesiae
1554 2892 1752 2939 descriptio
1789 2891 1862 2928 fre-

1162 2970 1277 3004 quens
1301 2959 1374 2993 739
1396 2969 1428 2992 e.
