1997 3361
86 111 172 153 i.1.
461 117 533 158 IN
580 119 989 160 ZACHARIAM.
1052 118 1187 158 'POM
1236 118 1265 156 1.
1570 114 1651 152 283

85 224 158 273 καὶ
197 224 304 274 λίαν
343 226 563 293 ἐντέχνως
597 231 677 291 τῆς
716 229 1001 297 προφητείας
1039 226 1121 277 τὸν
1160 224 1316 291 λόγον.
1385 220 1535 284 ἐπειδὴ
1561 219 1653 286 γὰρ

84 309 126 357 οἱ
152 315 370 360 πλεῖστοι
396 316 489 362 τῶν
515 314 564 363 ἐκ
595 316 676 376 τῆς
701 315 937 375 Ἰουδαίας,
965 313 1065 377 ἤΤΟί
1098 311 1372 376 Σαμαρείας)
1398 311 1458 360 Εἷς
1484 310 1652 373 αἷΧμα-

84 391 268 441 λωσίαν
317 394 708 460 (ἐπενηνεγμένων,
761 394 918 446 αὐτόθι
971 392 1269 458 ἐπανήκασιν,
1328 389 1512 440 ἅπαντα
1567 386 1651 450 μὲν

84 471 248 525 εἰδότες
287 473 344 523 τὰ
382 476 509 542 παρὰ
548 482 640 528 τῶν
680 478 1000 538 Βαβυλωνίων
1039 475 1157 527 κατὰ
1191 480 1284 525 τῶν
1307 470 1652 539 Ἰεροσολύμων

43 571 65 610 5
83 559 404 622 τετολμημένα
431 561 548 612 κατὰ
574 562 770 628 καιρούς·
835 563 917 612 οὐκ
944 561 1218 627 ἠγνοηκότες
1245 558 1292 610 δὲ
1319 556 1436 624 πρὸς
1461 556 1651 617 τούτοις,

83 640 143 692 τὰ
167 643 238 711 ἐφ’
267 643 333 697 οἷς
359 646 617 711 λελύπηται
644 646 776 701 Θεός·
818 651 858 697 οἱ
894 647 940 697 δὲ
980 645 1034 709 δὴ
1070 645 1362 711 γεννηθέντες
1392 644 1440 693 ἐν
1470 645 1527 708 τῇ
1559 645 1651 691 τῶν

85 727 290 790 Περσῶν
322 752 371 780 τε
405 733 479 781 καὶ
509 731 688 796 Μήδων
723 731 865 800 χώρᾳ,
893 733 994 782 οὔτε
1029 730 1097 781 τίς
1123 727 1150 792 ὴ
1178 727 1314 778 ὁποία
1339 723 1440 777 πότ’
1469 725 1598 773 ἐστιν
1623 723 1650 785 ἡ

83 807 397 875 Ἰερουσαλὴμ
429 814 694 878 ἐγίνωσκον,
723 815 825 865 οὔτε
851 812 935 876 τὴν
961 812 1187 862 Ἰουδαίαν
1212 809 1403 877 ᾔδεσαν,
1431 807 1533 857 οὕτε
1559 802 1650 868 μὴν

83 892 141 943 τὰ
179 896 228 944 ἐκ
266 898 348 958 τῆς
387 898 508 950 θείας
547 898 687 963 ὀργῆς
725 903 819 951 τοῖς
857 896 1094 963 πατράσιν
1125 896 1276 945 αὐτῶν
1303 888 1650 956 ἐπενηνεγμένα,

17 990 65 1017 10
84 975 194 1026 ἀλλ’
221 979 318 1028 οὐδ’
348 980 420 1029 ἐπὶ
447 980 571 1030 τίσιν
599 980 720 1034 ὅλως
745 979 827 1034 τὰς
853 981 972 1030 οὕτω
999 976 1210 1042 σκληρὰς
1238 974 1483 1044 ἐξῄτηνται
1509 973 1650 1034 δίκας,

82 1057 210 1123 πλὴν
236 1060 352 1110 ὅσον
378 1061 433 1129 ἐξ
454 1062 755 1126 ἠμελημένων
778 1061 899 1128 τάχα
928 1083 1020 1111 που
1052 1057 1362 1124 διηγημάτων,
1390 1055 1650 1120 ἀναγκαίως

83 1141 108 1191 ὁ
150 1146 244 1192 τῶν
288 1142 414 1194 ὅλων
455 1143 574 1198 Θεὸς
618 1146 771 1197 αὐτοῖς
814 1149 908 1197 τοῖς
952 1141 1318 1207 λελυτρωμένοις
1358 1140 1433 1189 καὶ
1483 1140 1648 1204 κομιδῇ

83 1224 199 1278 νέοις
226 1225 528 1292 παιδαγωγὸν
553 1226 714 1293 ὥσπερ
745 1225 848 1277 τινὰ
880 1227 954 1275 καὶ
981 1223 1224 1291 ἁρμοστὴν
1250 1221 1542 1272 ἀναδείκνυσι
1568 1218 1650 1269 τὸν

81 1308 309 1377 μακάριον
344 1315 595 1381 Ζαχαρίαν,
635 1311 747 1362 ὄντα
784 1310 867 1375 μὲν
911 1309 967 1378 ἐξ
1006 1309 1197 1371 αἵματος
1236 1309 1370 1373 ἱεροῦ,
1408 1304 1649 1356 τουτέστιν

1669 743 1690 767 a
1715 734 1799 768 653
1819 733 1870 767 A.

17 1393 132 1442 Ῑόἐκ
169 1396 251 1456 τῆς
289 1396 444 1462 φυλῆς
478 1397 605 1452 Λευὶ,
634 1395 708 1444 καὶ
739 1392 968 1458 γεγονότα
1001 1389 1085 1455 μὲν
1122 1391 1170 1440 ἐκ
1209 1387 1384 1455 πατρὸς
1411 1387 1648 1454 Βαραχίου
1666 1394 1692 1435 b

81 1473 199 1525 κατά
231 1498 284 1541 γε
322 1475 407 1540 τὴν
444 1475 613 1543 σάρκα,
639 1473 1006 1543 κεχρηματικότα
1040 1472 1088 1524 δὲ
1121 1471 1238 1523 κατὰ
1264 1476 1445 1534 πνεῦμα
1471 1472 1546 1520 καὶ
1570 1469 1649 1520 υῗον

80 1553 221 1608 ’Ad‘b‘ab
259 1560 328 1609 τοῦ
366 1560 601 1629 Προφῆτου.
664 1558 896 1624 τέθραπτο
932 1556 1039 1623 γὰρ,
1075 1558 1136 1610 ὡς
1174 1553 1310 1617 εἰκὸς,
1347 1558 1442 1607 τοῖς
1480 1551 1649 1603 ἐκείνου

81 1638 282 1706 τρόποις,
310 1643 383 1692 καὶ
410 1645 504 1692 τῶν
529 1641 648 1692 ’ίσων
671 1638 1106 1706 ἀνδραγαθημάτων
1131 1636 1293 1703 γέγονε
1319 1634 1534 1700 μιμητής.

155 1723 241 1777 Τίς
267 1724 346 1774 οὖν
372 1723 497 1793 αὐτῷ
522 1726 605 1787 τῆς
628 1723 913 1791 προφητείας
940 1723 965 1772 ὁ
992 1720 1150 1786 λόγος,
1182 1722 1256 1771 καὶ
1284 1719 1359 1770 διὰ
1382 1718 1530 1770 ποίων
1555 1721 1648 1768 τῶν

13 1827 63 1852 20
82 1804 379 1871 διηγημάτων
413 1805 603 1873 ἔρχεται,
629 1809 728 1858 πῶς
767 1806 848 1855 οὐκ
887 1802 943 1855 ἂν
976 1803 1151 1854 δίκαιον
1185 1806 1324 1853 εἰπεῖν
1349 1801 1617 1867 ἐπιμετρίως
1635 1827 1646 1861 3

80 1889 166 1955 τὴν
197 1891 328 1955 δίκην
359 1890 442 1953 μὲν
476 1890 568 1958 γὰρ
602 1891 678 1958 ὑφ’
707 1890 763 1955 ἥν
798 1894 935 1952 εἰσιν,
971 1886 1245 1951 ἐπισκήπτει
1278 1891 1372 1940 τοῖς
1403 1893 1642 1951 λελυτρω-

80 1973 249 2036 μένοις,
278 1971 357 2024 ἅτε
393 1972 449 2037 δὴ
483 1976 564 2037 τῆς
599 1973 721 2025 θείας
754 1973 944 2035 ἐντολῆς
970 1972 1022 2021 οὐ
1054 1969 1246 2037 μετρίως
1272 1966 1546 2033 ἠμεληκόσι,
1573 1971 1647 2017 καὶ

80 2059 174 2106 τῶν
218 2054 292 2106 διὰ
335 2061 417 2106 τοῦ
459 2054 714 2123 πανσόφου
756 2053 1001 2107 Μωυσέως
1043 2051 1419 2115 τεθεσπισμένων
1457 2051 1647 2114 ἀλογεΐν

80 2138 284 2189 εἰωθόσι·
326 2136 756 2200 καταδεδιττόμενος
781 2135 829 2187 δὲ
862 2137 915 2187 οὐ
938 2136 1131 2202 μετρίως
1156 2133 1332 2195 αὐτοὺς,
1358 2134 1646 2201 μεταφοιτᾶν

13 2231 61 2270 25
81 2220 315 2271 ἀναπείθει
345 2218 463 2286 πρὸς
503 2218 556 2270 τὸ
594 2222 684 2269 δεῖν
718 2218 908 2269 ἑλέσθαι
945 2222 1135 2281 μᾶλλον
1172 2217 1423 2280 εὐδοκιμεῖν
1453 2213 1526 2265 διὰ
1563 2216 1684 2278 τῆςο

81 2306 142 2356 εἰς
171 2307 265 2354 πᾶν
294 2305 447 2354 ὁτιοῦν
482 2301 730 2354 εὐπειθείας
768 2302 843 2351 καὶ
883 2302 1102 2364 ὑπακοῆς.
1171 2296 1460 2365 προσεπάγει
1487 2295 1546 2358 δὲ,
1575 2295 1645 2347 ὅτι

80 2389 118 2436 εἰ
154 2385 218 2449 μή
253 2408 368 2438 τινες
406 2382 492 2435 εἷεν
530 2385 696 2448 ἀγαθοὶ
734 2384 808 2433 καὶ
847 2381 1025 2447 εὐήνιοι,
1051 2383 1126 2432 καὶ
1163 2384 1257 2434 τοῖς
1292 2380 1425 2433 θείοις
1452 2378 1645 2432 ε’ίκοντες

80 2465 252 2532 νόμοις,
281 2468 522 2519 πείσονται
548 2468 621 2517 καὶ
647 2466 773 2516 αὐτοὶ
802 2469 895 2515 τῶν
920 2469 1014 2518 τοῖς
1039 2461 1249 2529 πατράσι
1273 2461 1646 2525 συμβεβηκότων

130 2659 159 2682 1.
184 2647 236 2681 καὶ
253 2653 473 2691 assumptum
490 2659 531 2680 ex
550 2646 642 2681 B.D.
971 2655 1002 2679 2.
1029 2645 1074 2679 εἷς
1091 2644 1325 2689 αἰχμαλωσίαν
1342 2649 1519 2687 assumpta
1537 2654 1578 2677 ex
1596 2643 1644 2677 D.

82 2706 113 2736 5.
140 2693 287 2739 καιρούς]
307 2698 344 2734 4-
365 2694 418 2727 καὶ
436 2693 526 2728 Edd.
544 2693 661 2727 invitis
681 2692 774 2726 B.D.
1204 2699 1234 2734 7.
1261 2690 1342 2724 ποτέ
1359 2691 1405 2724 D.
1471 2689 1488 2733 ἡ
1507 2701 1576 2724 om.
1596 2690 1642 2724 D.

84 2753 136 2775 10.
161 2740 334 2785 ἐξῄτηνται
353 2740 394 2774 Β.
413 2739 581 2784 ἐζήτηνται
599 2740 645 2774 D.
666 2739 756 2773 Edd.
965 2749 1017 2772 12.
1046 2737 1142 2771 Haec
1159 2738 1211 2770 καὶ
1229 2737 1344 2780 κομιδῆ
1363 2736 1448 2771 νέοις
1465 2743 1644 2781 assumpta

80 2799 121 2821 ex
141 2787 186 2821 D.
534 2797 586 2831 15.
612 2787 668 2830 τῆς
686 2798 755 2820 om.
773 2785 808 2819 b.
865 2786 1029 2830 γεγονότα
1047 2785 1082 2817 δέ
1100 2796 1161 2828 pro
1180 2785 1231 2817 καὶ
1249 2799 1321 2828 γεγ.
1338 2784 1398 2827 μὲν
1415 2783 1449 2817 b.
1468 2784 1576 2817 invito
1595 2784 1642 2817 D.

84 2843 137 2879 17.
161 2833 271 2867 Ἀδδὼ
302 2833 385 2868 D.b.
411 2833 499 2867 Ἀδὼ
529 2821 620 2867 Edd.
654 2840 732 2866 ante
767 2832 899 2874 Migne.
972 2831 1138 2875 τέθραπτο
1173 2831 1303 2864 B.D.b.
1338 2830 1518 2873 τέθραπται
1551 2830 1642 2864 Edd.

83 2891 137 2915 20.
163 2881 359 2924 ἐπιμετρίως
383 2886 601 2924 assumptum
627 2892 667 2913 ex
695 2880 740 2914 D.
792 2879 917 2913 Statim
944 2877 1000 2923 ὑφ’
1027 2878 1064 2911 ὃν
1090 2890 1150 2922 pro
1175 2880 1233 2921 τὴν
1252 2878 1281 2910 δ.
1308 2878 1367 2920 μὲν
1383 2878 1446 2922 γὰρ
1467 2875 1522 2921 ὑφ’
1542 2877 1579 2920 ἥν
1597 2878 1643 2911 D.

83 2937 137 2971 27.
162 2941 246 2962 τινες
264 2934 483 2971 assumptum
501 2939 541 2961 ex
562 2926 690 2961 B.D.b.

818 2986 841 3009 ί)
864 2988 885 3009 Γ)
908 2985 925 3010 2
