2007 3387
291 193 377 234 244
676 190 726 230 B.
764 184 1039 228 CYRILLI
1090 181 1475 224 ALEXANDR.
1721 178 1747 218 i.
1771 191 1806 227 1,
1832 189 1869 218 2.

293 303 353 356 τὰ
397 306 600 369 Περσῶν
636 299 845 351 ἱθύνουσι
881 296 1045 364 κράτη.
1116 296 1294 365 Δαρείου
1337 291 1485 360 γεμὴν
1525 291 1618 344 ἔτος
1656 288 1744 354 ἤδη
1778 287 1875 354 τρί-

294 390 464 446 βοντος
502 384 550 434 ἐν
585 385 643 450 τῇ
685 380 911 448 βασιλείᾳ
952 376 1147 446 δεύτερον,
1180 375 1277 427 εἶτα
1315 378 1398 439 τῆς
1437 372 1684 443 φιλεργίας
1722 371 1876 423 αὐτοῖς

296 464 686 533 ἀπαραπόδιστόν
720 487 769 515 τε
805 465 879 514 καὶ
919 460 1166 527 ἐλευθέραν
1204 458 1387 511 ἀνέντος
1425 455 1510 520 τὴν
1540 453 1775 522 ἐξουσίαν,
1803 454 1877 503 καὶ

296 554 411 616 δρᾶν
436 547 490 599 τὸ
517 550 683 598 δοκοῦν
707 543 1046 612 ἐπιτεταχότος,
1071 543 1145 593 καὶ
1177 540 1324 591 ὁσίων
1349 538 1539 606 ἔχεσθαι
1565 533 1879 598 σπούδασμά-

297 654 411 694 των,
440 627 906 697 προσαπονείμαντος
935 624 984 677 δὲ
1015 627 1091 676 καὶ
1118 621 1371 691 χρημάτων
1396 619 1584 687 πόρους,
1613 618 1880 687 εὐάφορμον
1900 630 1922 670 5

262 712 384 777 Ομὲν
418 713 502 763 οὐκ
533 711 597 762 ε”τι
632 709 686 762 τὸ
719 712 955 779 ῥᾳθυμεῖν,
987 706 1098 758 ἀλλ’
1127 706 1218 774 ἔξω
1256 703 1431 758 παντὸς
1470 703 1682 771 ἐφαίνετο
1721 700 1882 765 λόγου,

299 797 377 849 καὶ
417 796 646 846 ἀπίθανον
690 793 798 861 ε”χον
842 793 1009 859 κομιδῇ
1053 788 1139 853 τὴν
1180 791 1379 856 σκῆψιν.
1443 786 1616 852 γίνεται
1660 783 1814 834 τοίνυν
1859 782 1884 831 ὁ

302 881 439 944 λόγος
478 878 516 929 ἐν
556 882 664 945 χειρὶ
703 879 940 942 Ἀγγαίου·
986 871 1040 923 τὸ
1085 871 1135 922 δὲ
1177 872 1214 922 ἐν
1259 876 1366 939 χειρὶ
1408 868 1607 932 νοήσεις,
1648 867 1749 916 ἀντὶ
1787 869 1885 925 τοῦ,

303 957 669 1028 διαχειρίζοντος,
696 957 841 1024 ἤγουν
875 953 1227 1018 διακονουμένου
1264 957 1360 1006 τοῖς
1397 949 1525 1017 παρὰ
1552 953 1676 1000 Θεοῦ
1703 945 1882 1012 λόγοις,

304 1046 380 1093 καὶ
414 1042 499 1107 τὴν
530 1044 613 1105 τῆς
645 1039 934 1110 προφητείας
970 1037 1265 1103 λειτουργίαν
1303 1032 1656 1101 ἐκπράττοντος.
1723 1031 1889 1093 ἐπιση-
1912 1051 1959 1076 10

305 1125 513 1187 μαίνεται
548 1124 596 1174 δὲ
629 1123 874 1192 χρησίμως
910 1123 986 1172 καὶ
1023 1118 1189 1173 αὐτοὺς
1227 1118 1334 1171 τοὺς
1371 1116 1587 1185 χρόνους,
1618 1113 1723 1165 καθ’
1751 1111 1829 1165 οὓς
1865 1111 1890 1161 ὁ

308 1212 505 1273 Δαρεῖος
532 1206 590 1257 τὰ
621 1206 773 1257 τοιάδε
804 1204 1111 1271 προστέταχε,
1136 1200 1524 1268 προαποτέμνων,
1555 1200 1616 1251 ὡς
1642 1196 1775 1262 ἔφην,
1798 1198 1892 1244 τῶν

308 1291 364 1359 ἐξ
386 1289 589 1356 Ἰσραὴλ
614 1288 698 1343 τὰς
724 1290 801 1339 ἐπί
823 1311 878 1353 γε
903 1290 969 1356 τῷ
996 1288 1220 1355 ῥᾳθυμεῖν
1247 1283 1439 1335 ἑλέσθαι
1467 1281 1614 1332 πάλιν
1640 1277 1893 1329 ἀσυνέτους

310 1372 648 1437 εὑρεσιλογιάς.

270 1604 295 1644 d
318 1601 446 1643 Εἰπὸν
474 1601 523 1642 δὴ
553 1601 659 1657 Πρὸς
686 1600 930 1657 Ζοροβάβελ
958 1600 1030 1639 τὸν
1058 1601 1130 1638 τοῦ
1160 1595 1383 1637 Σαλαθιήλ
1410 1595 1483 1635 τὸν
1513 1592 1560 1633 ἐκ
1593 1594 1731 1647 φυλῆς
1752 1587 1895 1629 Ἰούδα
1923 1595 1968 1634 ¹5

386 1686 453 1726 καὶ
480 1685 586 1741 Πρὸς
607 1684 774 1726 ἸΗοοῦν
813 1683 885 1724 τὸν
924 1686 996 1724 τοῦ
1018 1680 1220 1722 Ἰωοεδὲκ
1251 1680 1323 1721 τὸν
1364 1677 1477 1734 ἱερέα
1505 1675 1577 1718 τὸν
1604 1675 1734 1723 μέΓαν
1762 1673 1897 1719 λέγων

279 1785 296 1809 2
386 1768 499 1810 Τάδε
538 1770 649 1814 λὲΓει
687 1767 835 1823 Κύριος
862 1763 1256 1821 Παντοκράτωρ“Ο
1290 1762 1394 1803 λαός
1433 1758 1557 1801 οὗτος
1595 1759 1786 1804 λὲΓουσιν
1814 1753 1901 1810 Οὐχ

388 1859 480 1897 ἥκει
506 1856 528 1899 ὁ
558 1857 703 1912 καιρὸς
730 1858 803 1896 τοῦ
830 1852 1110 1901 οἰκοδομῆσαι
1136 1853 1208 1893 τὸν
1236 1846 1353 1891 οἶκον
1383 1848 1545 1905 Κυρίου.

398 1999 648 2064 Σαλαθιὴλ
694 2000 886 2065 γέγονεν
929 1996 1148 2065 Ἰεχονίου
1191 1999 1318 2056 παῖς,
1366 1995 1415 2044 ἐκ
1457 1995 1613 2061 φυλῆς
1653 1991 1786 2043 ὄντος
1830 1989 1906 2039 καὶ

323 2085 517 2149 αἵματος
551 2088 634 2134 τοῦ
663 2084 849 2133 Δαυείδ.
913 2081 1078 2131 τούτου
1105 2079 1259 2130 τοίνυν
1297 2075 1382 2141 τὴν
1414 2076 1644 2137 βασιλίδα
1670 2072 1906 2124 διέποντος
1927 2093 1976 2119 20

325 2166 475 2235 ἀρχὴν
515 2168 563 2217 ἐν
605 2170 700 2219 τοῖς
743 2163 1092 2229 Ἰεροσολύμοις
1138 2162 1211 2211 ἐπὶ
1254 2158 1337 2210 τὸν
1376 2159 1574 2221 Ἰούδαν,
1617 2154 1908 2221 πεπόρθηται

288 2251 410 2316 ομὲν
451 2252 479 2315 ἡ
520 2251 672 2313 πόλις,
708 2248 923 2318 άπῴχετο
962 2246 1008 2298 δὲ
1045 2247 1120 2297 καὶ
1157 2249 1249 2298 πᾶς
1288 2246 1311 2294 ὁ
1346 2242 1547 2309 Ἰσραὴλ
1585 2240 1904 2308 αἰχμάλωτος,

330 2332 734 2399 κατεμπιπράντος
763 2330 816 2382 τὸ
851 2330 1064 2394 τηνικάδε
1091 2332 1173 2378 τοῦ
1200 2325 1633 2392 Ναβουχοδονόσορ
1660 2324 1734 2373 καὶ
1768 2318 1910 2372 αὐτὸν

330 2417 412 2467 τὸν
439 2420 562 2467 θεῖον
588 2415 713 2478 ναὸν,
737 2414 931 2477 ε’ίληπτο
958 2411 1006 2462 δὲ
1038 2413 1112 2461 καὶ
1150 2407 1286 2462 αὐτὸς
1313 2408 1546 2474 Ἰεχονίας,
1573 2408 1649 2456 καὶ
1674 2406 1791 2468 ὁμοῦ
1816 2407 1912 2456 τοῖς

332 2500 498 2553 ἄλλοις
522 2497 821 2565 αἰχμάλωτος
846 2494 916 2559 ἦν.
981 2494 1142 2560 γέγονε
1173 2491 1221 2542 δὲ
1246 2489 1481 2549 Σαλαθιῆλ
1513 2488 1606 2542 υἱὸς
1632 2484 1910 2556 Ζοροβάβελ.
1933 2503 1981 2541 25

384 2666 416 2700 5.
443 2669 634 2699 προσιιπον.
652 2654 687 2687 δέ
706 2654 758 2687 καὶ
775 2667 877 2698 χρημ.
894 2653 1019 2696 πόρους
1043 2656 1122 2684 ante
1145 2649 1197 2682 καὶ
1223 2648 1304 2691 δρᾶν
1329 2646 1525 2690 transponit
1543 2645 1590 2679 D.
1639 2644 1739 2689 ὄρους
1756 2654 1818 2688 pro
1835 2656 1915 2687 πορ.

340 2703 430 2737 Edd.
448 2709 526 2735 ante
546 2702 680 2746 Migne.
895 2710 925 2743 7.
951 2698 1121 2743 ἀμήχανον
1138 2707 1200 2740 pro
1217 2693 1309 2727 ἆπίθ.
1327 2692 1386 2726 iid.
1609 2692 1641 2725 8.
1667 2691 1756 2736 χειρὶ
1773 2689 1850 2735 alt.]
1874 2694 1910 2730 —†-

337 2750 499 2795 Ἀγγιιίου
520 2749 563 2782 D.
780 2757 831 2780 10.
856 2746 915 2789 τὴν
932 2747 989 2788 τῆς
1005 2743 1217 2788 λειτουργίαν
1233 2742 1290 2784 τῆς
1306 2741 1414 2784 προφ.
1433 2741 1638 2784 πράττοντος
1657 2750 1719 2782 pro
1736 2738 1795 2781 τὴν
1811 2739 1916 2779 τῆς-

339 2823 432 2866 ἐκπρ.
455 2821 495 2855 B.
751 2831 803 2864 13.
830 2820 867 2852 τὸ
887 2830 948 2863 pro
965 2821 1010 2863 τῷ
1032 2818 1077 2850 D.
1342 2825 1394 2859 15.
1421 2813 1461 2856 δὴ
1480 2813 1575 2847 deest
1592 2812 1627 2845 in
1648 2809 1738 2844 Edd.
1757 2810 1857 2854 (Vat.
1876 2808 1917 2852 ἃ)

340 2872 397 2902 τὸν
415 2870 472 2902 ult.
490 2873 709 2911 assumptum
729 2879 769 2900 ex
793 2867 836 2900 D.
856 2865 997 2910 (Alex.)
1016 2865 1059 2898 cf.
1079 2862 1206 2907 Glaph.
1225 2872 1268 2906 55
1287 2873 1315 2895 e.
1719 2867 1771 2901 17.
1794 2870 1917 2891 παντο-

341 2914 487 2959 κράτωρ]
512 2919 547 2955 -1-
569 2915 679 2958 λέγων
709 2913 796 2947 Edd.
823 2913 941 2946 invitis
970 2911 1061 2946 B.D.
1089 2911 1159 2954 (23.
1187 2910 1246 2951 al.)
1310 2907 1403 2952 λέγει
1432 2907 1475 2940 Ι).
1548 2905 1609 2950 οὐχ
1636 2905 1705 2948 ἥκει
1731 2905 1748 2936 ὁ
1773 2915 1843 2937 om.
1872 2902 1917 2936 D.

347 2973 396 3005 ιι).
423 2964 500 2996 παῖς
520 2962 611 2995 BA).
631 2962 699 2995 υἱὸς
721 2960 810 2993 Edd.
1138 2968 1190 2990 20.
1219 2956 1408 2999 Assumpta
1426 2954 1534 2988 τοίνυν
1553 2964 1592 2985 ex
1613 2952 1658 2985 1).
1677 2952 1746 2986 τοῖς
1764 2962 1804 2984 ex
1827 2949 1916 2983 13.D.

345 3019 396 3049 η,
426 3009 712 3051 κατεμπιπριὶντος
733 3007 777 3040 Ι).
798 3006 1088 3050 καταπιμπράντος
1109 3002 1197 3037 Edd.
