2060 3387
148 195 295 248 xi.17.
528 202 594 242 IN
642 204 1055 247 zACIIARflAM.
1117 209 1268 249 TUM.
1308 210 1356 248 V.
1647 211 1730 250 473

146 311 172 333 ‘⁶
201 307 475 374 Εὐλογητὸς
518 312 690 378 Κύριος
730 317 802 364 καὶ
841 317 1278 380 πεπλουτήκαμεν·”
1324 321 1364 367 οἱ
1403 317 1450 368 δὲ
1490 317 1730 383 κατέσψα-
1795 337 1899 374 Supra

143 387 221 453 ζόν
252 412 300 439 τε
340 394 414 442 καὶ
454 394 537 444 οὐκ
575 394 790 463 ἔπασχον
823 397 954 447 οὐδὲν
988 400 1056 449 ἐπ’
1090 400 1256 452 αὐτοῖς·
1310 406 1393 450 τοῦ
1430 399 1522 465 γὰρ
1562 402 1730 466 χρῆναι

141 473 401 532 ποιμαίνειν
428 475 578 539 ὀρθῶς
614 478 758 530 οὐδεὶς
794 477 851 541 ἦν
883 479 1007 533 ὅλως
1045 480 1154 545 παρ’
1184 482 1337 535 αὐτοῖς
1365 483 1389 533 ὁ
1421 482 1577 546 λόγος.
1636 505 1731 532 τοι-

141 556 267 602 οῦτοι
306 555 352 603 δὲ
396 553 522 617 ἦσαν
566 561 607 607 οἱ
649 563 742 608 τῶν
780 560 1019 611 Ἰουδαίων
1058 565 1330 627 καθηγηταῖ,
1375 564 1604 618 κλειόντες
1643 563 1729 627 τὴν
1792 578 1953 608 S-M-‘t’tln

1791 632 1907 651 NIHIL!
1940 645 1946 651 .

139 634 392 691 βασιλείαν
430 642 524 687 τῶν
563 640 784 705 οὐρανῶν,
825 641 947 691 καθά
986 647 1136 709 φησιν
1173 646 1196 693 ὁ
1237 644 1463 709 Χριστὸς,
1500 648 1574 695 καὶ
1611 646 1728 709 μήτε
1917 634 1934 660 4

99 645 120 683 <51

139 714 269 765 αὐτοὶ
320 719 650 786 εἰσερχόμενοι,
701 721 817 785 μήτε
868 723 961 786 μὴν
1005 724 1185 789 ἑτέρους
1229 727 1439 793 ἀφιέντες
1485 731 1725 778 εἰσελθεῖν·
1746 734 1769 769 b

139 796 270 846 ἀλλὰ
308 799 608 865 περιάγοντες
647 802 731 865 μὲν
759 803 885 868 “τὴν
917 805 1178 856 θάλασσαν
1217 810 1289 857 καὶ
1329 807 1415 872 τὴν
1450 808 1615 876 ξηρὰν,
1654 809 1728 859 ἵνα
1792 823 1911 862 1¹¹·15·

139 884 167 905 ‘⁶
193 878 463 942 ποιήσωσιν
501 882 580 933 ἕνα
619 884 941 949 προσήλυτον,
983 891 1019 937 εἰ
1066 888 1112 938 δέ
1159 888 1214 951 δὴ
1258 889 1451 954 γε’νοιτο,
1489 897 1728 945 ποιοῦντες

140 965 167 987 “
193 960 334 1011 αὑτὸν
363 963 460 1013 υἱὸν
487 966 673 1029 γεέννης
700 966 978 1033 διπλότερον
1004 969 1223 1021 ἑαυτῶν.”

73 1063 119 1087 ¹0
213 1042 279 1093 Τι’
310 1044 366 1108 δὴ
399 1047 480 1096 οὖν
509 1047 600 1113 ἄρα
633 1053 727 1100 τοῖς
762 1050 882 1100 οὕτω
914 1057 1135 1116 πονηροῖς
1168 1053 1360 1115 ποιμέσι
1391 1053 1724 1118 συμβήσεται;

136 1123 355 1194 μάχαιρα
391 1132 543 1195 φησιν
571 1130 643 1180 ἐπὶ
673 1132 745 1180 τοῦ
777 1132 1010 1198 βραχίονος
1037 1136 1166 1184 αὐτοῦ
1195 1139 1272 1185 καὶ
1303 1141 1374 1185 ἐπὶ
1403 1136 1468 1186 τὶν
1495 1135 1727 1205 ὀφθαλμὶν

138 1204 204 1255 τὶν
232 1203 363 1276 ὃεξιὶν
389 1212 533 1260 αὐτοῦ.
583 1212 878 1274 λαμβάνεται
905 1213 952 1264 δὲ
979 1216 1003 1264 ὁ
1030 1217 1232 1285 βραχίων
1259 1221 1321 1270 εἷς
1347 1217 1542 1280 δύναμίν
1568 1241 1617 1268 τε
1653 1221 1725 1269 καὶ

137 1286 285 1338 τύπον
316 1292 398 1353 τῆς
432 1296 744 1356 πνευματικῆς
778 1295 1020 1359 ἐνεργείας.
1071 1298 1147 1346 καὶ
1174 1303 1290 1362 γοῦν
1316 1300 1391 1348 καὶ
1423 1303 1517 1349 τῶν
1543 1301 1726 1367 σφαζο-

137 1367 289 1430 μένων
328 1371 456 1440 ζῴων
489 1374 537 1423 ἐν
572 1378 630 1441 τῇ
670 1375 781 1444 ἁγία
819 1380 973 1444 σκηνῇ
1012 1376 1276 1429 ἁπόλεκτον
1310 1383 1376 1448 τῷ
1416 1381 1522 1449 θείῳ
1557 1385 1723 1432 θυσια-

70 1468 117 1506 15
138 1452 317 1521 στηρίῳ
361 1453 499 1519 με’ρος
539 1455 563 1504 ὁ
606 1458 819 1524 βραχίων
858 1456 916 1521 ἧν
954 1463 1029 1509 καὶ
1068 1459 1190 1524 ἱερὸν
1228 1460 1446 1525 ἀνάθημα
1484 1468 1550 1531 τῷ
1593 1467 1717 1532 Θεῷ·
1784 1470 1911 1552 gfff-3

138 1532 479 1601 ὑποφαίνοντος
518 1535 643 1600 οἶμαι
682 1544 764 1588 τοῦ
804 1538 948 1603 νόμου
982 1543 1036 1591 δι’
1064 1542 1349 1607 αἰνίγματος,
1385 1544 1454 1595 ὅτι
1492 1549 1599 1613 Θεῷ
1637 1539 1790 1610 τὴνοι
1867 1539 1872 1543 ”

138 1612 256 1664 ἰδίαν
293 1616 541 1669 ἀναθετέον
580 1618 721 1687 ἰσχὺν
759 1620 844 1685 τὴν
879 1623 1153 1687 σωματικήν
1187 1647 1235 1674 τε
1275 1628 1350 1675 καὶ
1388 1628 1718 1692 πνευματικήν.

136 1694 206 1746 ὅτι
252 1695 300 1747 δὲ
342 1699 367 1748 ὁ
411 1700 624 1768 βραχίων
663 1705 1001 1767 κατασημαίνει
1045 1704 1132 1769 τὴν
1175 1705 1383 1770 δύναμιν,
1427 1709 1728 1761 πιστώσεταί

135 1799 205 1831 τις
230 1783 325 1830 τῶν
352 1781 511 1846 ἁγίων,
538 1786 604 1852 τῷ
629 1788 724 1834 τῶν
750 1784 876 1836 ὅλων
897 1790 1005 1855 Θεῷ
1029 1789 1451 1855 προσπεφωνηκώς
1472 1798 1498 1819 “
1517 1791 1722 1856 Μεγέθει
1783 1811 1890 1841 Exn-11.

67 1880 116 1906 20
137 1864 163 1888 ‘⁶
189 1861 440 1928 βραχίονός
466 1886 557 1914 σου
582 1866 1069 1930 ἀπολιθωθήτωσαν.”
1112 1870 1136 1919 ὁ
1158 1871 1212 1919 δέ
1226 1893 1279 1934 γε
1301 1869 1536 1940 ὁφθαλμός
1557 1876 1619 1925 εὶς
1640 1879 1721 1924 νοῦ
1783 1866 1837 1885 xv.
1855 1854 1902 1886 16.

135 1940 283 1992 τύπον
321 1944 627 2005 λαμβάνεται.
680 1948 893 1998 πείσεται
928 1948 984 2012 δὴ
1017 1950 1097 2000 οῦν
1129 1951 1153 2000 ὁ
1187 1950 1252 2014 μὴ
1287 1960 1540 2020 ποιμαίνων
1571 1955 1721 2018 ὀρθῶς

134 2024 368 2091 βραχίονός
403 2049 450 2076 τε
483 2029 557 2077 καὶ
594 2027 840 2096 ὀφθαλμοῦ
874 2029 959 2094 τὴν
989 2031 1221 2096 πήρωσιν,
1253 2035 1516 2097 τουτέστιν,
1552 2035 1720 2101 ἕρημος

134 2104 268 2156 ε”σται
302 2108 377 2157 καὶ
411 2112 723 2173 πνευματικῆς
759 2110 938 2177 ἰσχύος.
992 2113 1045 2162 οὐ
1073 2112 1164 2179 γὰρ
1198 2113 1452 2178 δυνήσεταί
1478 2139 1521 2167 τι
1553 2140 1720 2184 κατορ-

135 2191 288 2238 θῶσαι
331 2193 424 2239 τῶν
462 2191 655 2254 ἀγαθῶν
693 2189 758 2255 μὴ
805 2194 1101 2260 ἐνισχύοντος
1148 2199 1287 2246 Θεοῦ·
1340 2198 1764 2263 κατασκοτισθή-(Ι

66 2288 114 2326 25
134 2291 268 2319 σεται
303 2269 351 2320 δὲ
388 2273 462 2322 καὶ
500 2271 582 2323 τὸν
616 2279 739 2336 νοῦν,
772 2274 998 2342 ἀμέτοχος
1032 2282 1115 2326 τοῦ
1150 2278 1272 2328 θείου
1304 2277 1461 2346 φωτὸς
1496 2279 1720 2348 ὑπάρχων

134 2373 184 2400 τε
222 2353 296 2401 καὶ
336 2352 595 2414 νοούμενος.
658 2356 711 2405 οὐ
749 2355 842 2421 γὰρ
883 2356 1130 2421 δυνήσεται
1171 2358 1325 2424 λέγειν
1364 2361 1413 2410 ἐκ
1450 2362 1718 2427 παῤῥησίας

134 2429 292 2482 ““Orc
330 2432 395 2483 σὺ
434 2439 620 2501 φωτιεῖς
654 2436 831 2502 λύχνον
858 2460 950 2500 μου
986 2439 1142 2504 Κύριε,
1183 2441 1207 2490 ὁ
1243 2439 1363 2493 Θεός
1401 2465 1491 2504 μου
1531 2447 1717 2511 φωτιεΐς
1777 2465 1928 2496 Ps.xvii.

593 2515 617 2531 ‚⁵
1778 2518 1827 2549 29.

134 2519 160 2542 ‘⁶
186 2512 240 2564 τὸ
275 2515 446 2568 σκότος
480 2538 586 2579 μου.
671 2514 807 2586 δεξιός
838 2541 885 2568 τε
918 2521 1119 2589 βραχίων
1150 2522 1174 2571 ὁ
1207 2525 1265 2588 τῇ
1296 2531 1513 2593 μαχαέρα
1545 2523 1710 2586 τεμνό-

182 2683 212 2707 1.
239 2674 493 2718 κατεσφάζοντο
511 2674 554 2708 ad
573 2674 786 2720 κατέσφαζόν
804 2691 840 2710 τε
857 2689 966 2712 manu
983 2680 1164 2713 recentiori
1182 2692 1271 2714 corr.
1292 2680 1332 2714 C.
1568 2694 1602 2727 3.
1627 2683 1715 2720 ὅλως

132 2723 166 2753 et
183 2721 200 2752 ὁ
219 2727 399 2765 assumpta
416 2732 457 2754 ex
477 2721 517 2755 C.
995 2738 1028 2766 4.
1055 2725 1238 2771 κλεῖον-τες]
1264 2731 1300 2767 -1-
1321 2742 1357 2761 τε
1377 2727 1468 2761 Edd.
1487 2729 1604 2763 invitis
1624 2730 1713 2766 ΒΕ.

132 2776 166 2808 9.
192 2765 400 2810 διπλὼ-τερον
418 2766 509 2801 Edd.
857 2781 909 2814 13.
934 2771 1171 2816 πνευματικῆς]
1192 2775 1352 2817 πατρικῆς
1370 2774 1457 2818 (sic)
1478 2775 1518 2808 C.
1583 2777 1636 2810 καὶ
1654 2778 1713 2812 alt.

132 2816 355 2856 assumptum
374 2825 415 2846 ex
435 2813 475 2847 C.
669 2815 721 2849 16.
747 2815 994 2861 ὑποφαίνοντος
1013 2818 1053 2851 C.
1073 2818 1202 2864 ὑπεμφ.
1221 2819 1279 2853 iid.
1346 2822 1448 2863 νόμου
1470 2820 1509 2854 C.
1528 2823 1634 2866 λόγου
1653 2824 1712 2857 iid.

132 2856 200 2902 ὅτι]
225 2862 262 2897 4-
282 2861 327 2904 τῲ
346 2859 405 2893 iid.
424 2860 532 2894 invito
552 2860 592 2894 C.
817 2872 869 2906 17.
895 2863 955 2902 τὴν
971 2875 1040 2896 om.
1063 2864 1103 2899 C.
1327 2877 1381 2900 20.
1408 2866 1470 2912 εἷς]
1492 2868 1526 2901 ἐκ
1545 2868 1632 2913 (sic)
1652 2870 1711 2905 iid.

133 2914 189 2947 23.
215 2904 328 2950 ἕσται]
352 2909 389 2945 -Ι-
411 2909 601 2950 σωματικῆς
621 2907 711 2942 Edd.
730 2908 848 2942 invitis
868 2909 1007 2944 B.C.D.
1282 2922 1336 2955 25.
1364 2914 1416 2946 καὶ
1434 2925 1504 2947 orn.
1525 2914 1565 2948 C.
1585 2914 1713 2959 (manu

131 2950 311 2984 recentiori
331 2953 640 2999 suprascriptum).
1095 2957 1150 2991 26.
1177 2958 1271 3002 λέγει
1290 2958 1331 2992 C.
1351 2959 1388 3003 (v
1406 2972 1514 2994 manu
1529 2963 1712 2996 recentiori

133 2997 421 3041 suprascriptum.
661 3001 715 3034 28.
741 3015 776 3034 τε
796 3000 836 3035 C.
855 3001 889 3035 δέ
909 3004 926 3035 ὁ
945 3002 1036 3037 Edd.
1101 3006 1117 3037 ὁ
1135 3003 1192 3050 τῇ]
1213 3005 1262 3038 ὅτι
1282 3005 1322 3040 C.

189 3063 280 3091 VOL.
304 3064 353 3091 ΙΙ.
894 3069 918 3110 3
942 3069 964 3095 Ρ
