2060 3387
102 194 156 234 ix.
179 208 214 244 Ι,
240 208 274 235 2.
452 195 525 235 IN
573 194 992 234 ZACUARIAM.
1055 193 1207 233 TUM.
1243 193 1327 233 Ill.
1601 195 1682 231 1105

102 292 128 314 ‘⁶
154 286 418 336 ἀποστάτιν
444 288 517 336 καὶ
552 284 762 350 πονηρὰν
790 287 1129 346 οἰκοδομοῦσιν,
1157 285 1240 337 τοὶς
1265 307 1313 335 τε
1342 282 1517 349 ἀγορὰς
1544 284 1685 346 αὐτῆς

101 373 127 394 “
156 369 229 417 καὶ
271 366 330 417 τὰ
373 368 503 434 τείχη
544 366 854 431 θεραπεύουσι
900 368 974 416 καὶ
1016 365 1127 416 ναὸν
1170 365 1540 425 ὑποβάλλονται.
1607 365 1686 415 ἐὰν

102 461 130 482 “
156 454 236 503 οὖν
274 454 302 517 ἡ
341 453 481 507 πόλις
519 454 636 517 αὕτη
670 455 952 518 οἱκοδομηθῂ
992 454 1066 501 καὶ
1104 451 1162 501 τὰ
1201 453 1330 518 τείχη
1369 454 1684 518 συντελεσθῇ,

101 541 130 563 “
155 535 446 603 φορολογίαν
492 536 546 585 οὐ
597 534 662 598 μὴ
709 535 994 596 ὑπομείνωσι
1037 537 1208 595 δοῦναι,
1252 533 1381 583 ἀλλὰ
1420 536 1494 583 καὶ
1533 539 1682 594 βασι-

59 623 129 669 5“
156 622 320 667 λεῦσιν
361 617 742 679 ἀντιστήσονται,
787 617 863 666 καὶ
904 617 999 666 ἐπεὶ
1049 617 1297 681 ἐνεργεῖται
1338 615 1397 666 τὰ
1440 615 1559 666 κατὰ
1605 613 1728 665 τονιι
1756 626 1842 662 730
1859 625 1908 657 A·

103 706 130 729 ‘⁶
155 696 287 761 ναὸν,
326 703 482 751 καλῶς
524 698 644 765 ε”χειν
683 695 1084 760 ὑπολαμβάνομεν
1121 697 1186 760 μὴ
1229 698 1455 761 ὑπεριδεῖν
1498 697 1552 747 τὸ
1591 719 1685 747 τοι-

103 788 130 810 “
158 779 335 832 οὗτον.”
403 781 570 830 οὐκοῦν
605 778 850 845 ἐπειδήπερ
889 779 1115 829 ἑαλωκότι
1154 778 1239 842 μὲν
1277 782 1342 848 τῷ
1374 778 1574 845 Ἰσραὴλ
1614 781 1688 828 καὶ

101 862 301 914 παθόντι
344 861 430 926 τὴν
467 863 800 928 αἰχμαλωσίαν
840 860 1128 926 ἐπετώθαζον
1169 861 1221 911 οὐ
1260 861 1467 926 μετρίως,
1508 863 1685 911 ἀνασε-

102 966 338 1014 σωσμενω
374 943 422 994 δε
455 943 593 1007 μόλις
632 945 706 993 καὶ
746 946 935 1005 δεσμῶν
971 942 1190 1012 ἀνειμενω
1221 943 1368 994 πάλιν
1393 942 1523 993 οὐδὲν
1549 943 1689 1007 ἧττον

37 1051 84 1076 10
103 1026 424 1092 ε’πέθρωσκον,
459 1047 636 1091 μυριοις
675 1047 723 1075 τε
763 1023 894 1076 ὅσοις
932 1023 1074 1075 αὐτὸν
1113 1025 1295 1074 ἐνίεσαν
1333 1022 1506 1086 πόνοις,
1531 1033 1683 1075 πολυ-

103 1107 288 1174 τρόπως
334 1107 728 1168 ἐπιβουλεύοντες,
773 1107 848 1156 καὶ
885 1107 989 1156 οὕτε
1033 1106 1117 1156 τὸν
1157 1110 1280 1156 θεῖον
1318 1107 1490 1170 ἐγεῖραι
1527 1108 1689 1159 ἐῶντες

105 1189 231 1252 ναὸν,
258 1191 362 1240 οὕτε
396 1189 489 1252 μὴν
527 1187 612 1252 τὴν
651 1188 790 1253 ἁγίαν
814 1188 1024 1255 τειχίζειν
1049 1187 1208 1247 πόλιν,
1237 1188 1539 1255 παρωξύνετο
1567 1187 1688 1242 Θεὸς

103 1273 170 1322 ἐπ’
216 1272 370 1324 αὐτοῖς
414 1271 687 1335 ἀναγκαίως,
734 1271 809 1320 καὶ
852 1270 1179 1335 παραδέδωκεν
1222 1269 1386 1323 αὐτοὺς
1430 1273 1490 1323 εἷς
1532 1275 1687 1337 χεῖρας
1706 1277 1732 1317 b

103 1355 318 1421 Ἰσραήλ.
380 1354 687 1417 πεπαυμένων
721 1354 815 1420 γὰρ
850 1359 944 1404 τῶν
983 1354 1148 1420 ἔργων,
1182 1353 1490 1419 ἐγηγερμένου
1525 1378 1574 1405 τε
1606 1361 1689 1406 τοῦ

38 1453 84 1491 ¹5
106 1443 231 1500 ναοῦ,
257 1437 419 1490 πάσας
457 1438 609 1486 αὐτῶν
647 1435 731 1490 τὰς
764 1434 926 1490 πόλεις
961 1437 1347 1503 καταδῃώσαντες
1384 1436 1566 1487 εἵλοντο
1598 1436 1688 1487 ὑπὸ

104 1525 236 1586 χεῖρα
261 1517 368 1572 τοὺς
403 1519 451 1569 ἐν
485 1519 657 1581 αὐταῖς,
690 1519 765 1568 καὶ
791 1517 1045 1585 χρημάτων
1070 1517 1327 1584 γεγόνασιν
1362 1517 1690 1584 ἀναριθμήτων

104 1599 343 1652 δεσπόται.

178 1682 356 1750 Λῆμμοο
400 1681 555 1733 τοίνυν
602 1682 741 1747 λόγος
785 1682 934 1750 Κυρίου
985 1683 1136 1750 φησιν
1189 1682 1225 1732 ἓν
1271 1687 1328 1755 γῇ
1380 1678 1560 1750 Σεδρέοχ
1612 1685 1690 1732 καὶ

107 1765 380 1832 Δοιμοιο-κοῧ,
407 1763 662 1825 τουτέστιν,
692 1764 716 1813 ὁ
752 1764 800 1812 ἐν
832 1764 997 1829 χερσὶν
1028 1763 1138 1826 ἡμῖν
1171 1762 1317 1827 λόγος
1344 1764 1369 1813 ὁ
1396 1762 1524 1828 παρὰ
1552 1767 1690 1826 Θεοῦ,

37 1869 87 1893 20
107 1845 226 1896 κατά
263 1869 312 1896 τε
349 1849 432 1909 τῆς
466 1848 554 1911 γῆς
589 1847 671 1908 τῆς
701 1841 880 1912 Σεὸροιχ
916 1851 993 1895 καὶ
1030 1847 1112 1907 τῆς
1145 1847 1406 1912 Δαμασκοῦ
1442 1844 1692 1910 γενήσεται

105 1931 181 1978 καὶ
215 1928 373 1991 με’ντοι
405 1929 481 1977 καὶ
512 1925 680 1995 “Ημὲιθ,
715 1926 813 1989 ἥτις
851 1927 981 1976 ἐστὶν
1016 1927 1053 1976 ἐν
1084 1929 1173 1980 τοῖς
1207 1929 1327 1994 ὁρίοις
1363 1927 1509 1989 αὐτῆς,
1545 1930 1691 1990 δῆλον

107 2008 154 2060 δὲ
199 2008 269 2059 ὅτι
312 2011 395 2071 τῆς
438 2012 721 2071 Δαμασκοῦ.
789 2005 848 2072 γῆ
891 2007 937 2057 δέ
978 2004 1157 2077 {dplex
1200 2007 1332 2074 χώρα
1370 2031 1462 2059 που
1503 2008 1691 2063 πάντως

105 2092 208 2141 ἐστὶ
242 2089 360 2140 κατὰ
397 2087 481 2152 τὴν
515 2087 634 2158 ἑῴαν
670 2087 864 2152 κειμένη,
890 2088 944 2153 ἧς
970 2089 1170 2154 γείτονες
1197 2090 1228 2153 ἤ
1252 2112 1301 2140 τε
1327 2089 1507 2150 “Ημοῖθ·
1552 2089 1581 2154 ἢ
1609 2097 1690 2142 νῦν
1709 2107 1730 2133 0

106 2173 237 2221 ἐστιν
261 2170 544 2237 Ἐπιφάνεια
577 2172 659 2233 τῆς
690 2169 969 2237 Ἀντιοχέων
1007 2171 1295 2237 προσωτέρω
1333 2172 1505 2239 βραχὺ·
1548 2174 1624 2223 καὶ
1662 2173 1690 2236 ἡ

40 2279 60 2303 ω

67 2276 88 2314 01

109 2254 395 2318 Δαμασκος,
435 2251 467 2315 ἥ
501 2253 632 2302 ἐστιν
669 2253 742 2302 ἐπὶ
784 2251 1013 2303 Φοινίκων
1051 2275 1099 2302 τε
1129 2255 1204 2303 καὶ
1234 2257 1576 2305 Παλαιστινῶν
1597 2278 1688 2319 μη-

108 2333 351 2399 τρόπολις·
405 2333 731 2383 ὑποκείσονται
770 2332 817 2383 δὲ
857 2332 1078 2397 δηλονότι
1112 2339 1212 2388 ταῖς
1249 2334 1577 2400 μητροπόλεσι
1615 2338 1690 2386 καὶ

108 2413 272 2467 πόλεις
305 2418 352 2465 αἱ
387 2413 461 2466 ὑπ’
490 2414 662 2468 αὐταῖς.
730 2415 855 2465 διατί
884 2416 1038 2466 τοίνυν
1076 2417 1174 2466 κατ’
1210 2417 1362 2466 αὐτῶν
1396 2416 1450 2467 τὸ
1490 2416 1688 2486 λῆμμοις

157 2612 191 2646 3.
218 2600 430 2644 συντελεσθῇ
449 2611 519 2635 om.
539 2599 579 2634 C.
937 2613 969 2642 4.
997 2601 1214 2643 ὑπομείνουσι
1234 2601 1275 2636 C.
1576 2611 1606 2647 7.
1633 2603 1695 2646 μὲν

110 2653 332 2692 assumptum
349 2659 391 2681 ΘΧ
410 2647 451 2681 C.
1018 2647 1050 2680 8.
1076 2647 1581 2691 ἅνασεσωσμενων-ἇνεμενων
1599 2649 1692 2684 Edd.

112 2705 167 2729 11.
194 2694 319 2740 εγεῖραι
337 2693 378 2728 C.
396 2693 537 2740 ἐγείρειν
554 2692 646 2728 Edd.
955 2703 1008 2727 12.
1034 2694 1093 2736 τὴν
1110 2693 1208 2738 ἁγίαν
1224 2695 1379 2740 τειχίζειν
1397 2694 1438 2729 C.
1457 2695 1613 2739 τειχίζειν
1633 2696 1693 2739 τὴν

112 2740 205 2774 Edd.
523 2751 576 2785 13.
602 2738 837 2784 παραδεδωκεν
856 2738 895 2773 C.
913 2754 981 2783 παρ
985 2739 1032 2773 έδ.
1051 2739 1110 2774 iid.
1421 2753 1473 2783 15.
1499 2740 1632 2776 ειλοντο
1652 2742 1692 2776 C.

111 2785 207 2820 εἶλόν
222 2801 259 2820 τε
276 2785 336 2820 iid.
530 2787 582 2820 18.
607 2787 657 2832 φη
661 2801 717 2821 σιν
733 2785 1046 2830 0111.Ο.Σεδρὰχ
1065 2786 1105 2820 C.
1122 2785 1252 2832 Ἀδρὰχ
1271 2786 1365 2822 Edd.
1555 2798 1610 2822 20.
1636 2789 1694 2831 τῆς

112 2833 244 2878 Σεδρὰχ
263 2832 303 2866 C.
320 2832 451 2879 Ἀδρὰχ
471 2832 562 2867 Edd.
842 2843 897 2866 22.
922 2831 1051 2877 Ἀδρὰχ
1069 2832 1128 2866 iid.
1408 2844 1460 2879 23.
1485 2834 1634 2879 γείτονες
1652 2834 1693 2868 C.

112 2880 232 2923 γείτων
249 2879 341 2913 Edd.
405 2882 463 2914 νῦν
482 2879 522 2914 C.
540 2894 590 2915 τις
608 2879 701 2914 Edd.
1012 2889 1067 2921 24.
1093 2879 1301 2924 προσωτέρω
1320 2879 1360 2915 C.
1379 2894 1582 2925 προσωτερα
1600 2880 1692 2915 Edd.

114 2936 170 2966 25.
196 2925 251 2959 ἐπὶ
268 2932 491 2971 assumptum
509 2938 550 2960 ex
569 2926 610 2960 C.
667 2927 897 2961 παλαιστινῶν
916 2924 956 2960 C.
975 2926 1208 2970 Παλαιστίνης
1226 2925 1317 2961 Edd.
1510 2926 1566 2962 26.
1592 2927 1695 2970 δηλο-

113 2970 200 3017 νότι]
226 2976 263 3012 -ἱ-
285 2972 348 3007 σὺν
366 2972 457 3007 Edd.
476 2972 596 3007 invitls
614 2971 723 3007 libris.
