2049 3366
111 657 275 698 QUAE
306 655 772 696 THEOPIIYLACTI
804 655 870 695 IN
904 668 961 695 1¹1⁷.
986 657 1071 695 5114
1093 667 1205 705 sqq„
1228 654 1343 694 PRO
1376 653 1427 695 D.
1452 653 1698 693 CYRILLI

208 763 678 804 COMMENTARHS
712 762 896 803 DEDIT
926 762 1058 803 COD.
1084 762 1133 811 B,
1169 761 1274 801 HIC
1308 760 1600 800 DEDIMUS.

167 930 234 968 Καὶ
262 932 307 968 σὺ
339 929 469 980 καρδία
498 929 696 978 σαλεῦθητι
726 928 786 965 καὶ
815 927 993 976 σείσθητι.
1042 931 1126 975 πρὸς
1154 929 1212 973 τὴν
1235 931 1294 963 τοῦ
1322 926 1538 970 βαβυλωνίου
1567 928 1702 974 καρδίαν

110 998 229 1044 φησὶν,
251 997 303 1032 ὅτι
327 998 453 1033 πολλοὶ
479 997 544 1032 ὑπὸ
568 999 633 1031 σοῦ
652 994 887 1038 ἐσαλεύθησαν
905 996 992 1041 πρὶν,
1014 997 1070 1029 νῦν
1089 994 1147 1028 οὖν
1166 994 1217 1028 καὶ
1238 994 1282 1027 σὺ
1302 993 1320 1037 ἡ
1339 993 1504 1037 μηδέποτε
1525 993 1700 1027 ἐλπίσασα

111 1062 314 1107 σαλευθῆναι
336 1063 388 1096 καὶ
410 1063 611 1107 μεταπεσεῖν
630 1061 696 1095 ἀπὸ
719 1062 777 1104 τῆς
799 1060 984 1106 εὐημερίας,
1005 1058 1081 1093 ἀλλ’
1103 1059 1304 1104 ἀκράδαντος
1324 1058 1416 1092 ἐσαεὶ
1436 1057 1629 1102 στήσεσθαι
1649 1056 1702 1091 καὶ

111 1129 164 1163 διὰ
187 1131 286 1163 τοῦτο
313 1127 575 1174 σκληρυνομένη,
601 1124 794 1169 σαλεῦθητι,
818 1124 984 1165 τουτέστι,
1010 1123 1108 1159 σύνες
1133 1123 1185 1158 ὅτι
1212 1123 1380 1168 μετέπεσέ
1407 1137 1463 1157 σοι
1488 1122 1507 1166 ἡ
1532 1123 1700 1168 εὐημερία,

111 1194 165 1228 καὶ
202 1191 362 1237 α’ίσθησιν
394 1190 554 1234 λαβοῦσα
590 1195 656 1226 τῶν
689 1190 735 1226 εἷς
769 1190 809 1224 σὲ
842 1189 1037 1236 γενομένων,
1071 1189 1138 1223 ἀπὸ
1170 1190 1228 1233 τῆς
1260 1188 1294 1222 ἐν
1326 1188 1500 1233 ἀλαζονείᾳ
1533 1188 1701 1228 στάσεως,

112 1257 296 1302 σαλεὺθητι
316 1258 368 1292 καὶ
392 1257 557 1301 σείσθητι,
577 1258 701 1302 τρόμον
719 1255 791 1290 τινὰ
817 1254 974 1290 παθοῦσα
1000 1255 1053 1288 καὶ
1077 1252 1186 1297 λύπην
1204 1252 1425 1293 ἀναλαβοῦσα
1451 1253 1503 1286 καὶ
1529 1253 1704 1297 μετανοίας

111 1322 229 1370 ἀρχήν.
271 1322 322 1357 ὅτι
351 1323 388 1357 δέ
417 1322 542 1357 πολλοὶ
572 1321 607 1354 ἐν
634 1320 796 1365 εἰιθηνίαις
826 1319 919 1355 ὅντες
946 1318 1069 1353 οἴονται
1098 1317 1264 1363 μηδέποτε
1294 1317 1509 1361 σαλευθῆναι,
1542 1319 1703 1363 μαρτυρεῖ

111 1388 235 1429 δαυεὶδ,
262 1387 373 1435 λέγων
390 1387 479 1433 Ἐγὼ
505 1387 540 1421 δέ
566 1383 643 1421 εἶπα
669 1386 704 1420 ἐν
727 1387 767 1429 τῇ
794 1385 925 1429 εὖθηνίᾳ
949 1399 1014 1429 μου
1037 1384 1086 1418 Οὐ
1111 1383 1155 1428 μὴ
1182 1382 1338 1418 σαλευθῶ
1364 1382 1410 1418 εἷς
1435 1383 1493 1416 τὸν
1518 1382 1631 1422 αἰῶνα,
1655 1383 1701 1425 μὴ

111 1452 273 1497 ἐννοήσας
297 1451 348 1487 ὅτι
374 1451 419 1486 σὺ
444 1451 503 1495 τὴν
529 1449 727 1497 εὐπρέπειάν
750 1464 815 1494 μου
844 1450 896 1484 καὶ
924 1449 1145 1495 περιφάνειαν
1170 1447 1422 1492 ἐνεδυνάμωσας
1450 1447 1503 1481 καὶ
1532 1446 1703 1493 σταθηρὰν

111 1517 194 1554 τέως
221 1514 302 1552 εἶναι
327 1516 519 1560 πεποίηκας·
559 1515 623 1561 οὐχ
651 1513 703 1549 ὅτι
728 1514 795 1561 ἐγὼ
821 1516 906 1559 ἤμην
927 1513 1034 1558 ἄξιος,
1056 1512 1133 1547 ἀλλ’
1154 1511 1205 1547 ὅτι
1232 1512 1277 1546 σὺ
1302 1510 1480 1556 ἠθέλησας·
1521 1510 1610 1557 κύριε
1638 1512 1703 1557 γάρ

112 1584 231 1629 φησιν,
252 1582 287 1616 ἐν
304 1583 351 1630 τῷ
377 1579 538 1626 θελήματί
564 1595 639 1621 σου,
663 1578 842 1626 παρέσχου
868 1581 915 1627 τῷ
942 1580 1059 1613 κάλλει
1083 1593 1148 1622 μου
1174 1576 1321 1622 δύναμιν·
1362 1576 1587 1622 ἀπέστρεψας
1610 1576 1645 1609 δέ
1665 1577 1704 1610 τὸ

111 1647 300 1694 πρόσωπόν
337 1661 402 1681 σου
444 1646 497 1680 καὶ
534 1643 690 1692 ἐγενήθην
725 1643 976 1691 τεταραγμένος.
1034 1645 1154 1677 τοῦτον
1191 1641 1249 1677 οῦν
1286 1642 1344 1676 τὸν
1380 1641 1551 1687 ταραγμὸν
1587 1640 1706 1675 παθεῖν

111 1714 264 1759 παραινεῖ
288 1713 335 1760 τῷ
360 1711 576 1758 βαβυλωνίῳ.
614 1710 667 1744 καὶ
693 1710 852 1756 μακάριος
878 1707 915 1745 ὃς
940 1709 975 1743 ἐν
992 1710 1038 1756 τῷ
1061 1706 1286 1751 μαστίζεσθαι
1308 1707 1373 1741 ὑπὸ
1397 1707 1484 1740 Θεοῦ
1509 1706 1702 1751 ταράττεται

112 1778 165 1812 καὶ
194 1775 373 1812 σαλεύεται
401 1776 467 1811 ἀπὸ
495 1777 554 1819 τῆς
583 1775 704 1820 κακίας,
728 1775 781 1808 καὶ
807 1775 846 1808 οὐ
870 1773 963 1820 λέγει
992 1772 1043 1807 ὅτι
1072 1772 1290 1818 ἀνδρειοῦμαι.
1331 1769 1534 1806 ἐκύκλωσεν
1559 1766 1620 1804 ἐπὶ
1649 1767 1704 1809 σὲ,

112 1840 285 1888 ποτήριον
306 1838 426 1884 δεξίας
456 1837 588 1887 κυρίου.
631 1839 684 1873 διὰ
707 1840 806 1874 τοῦτό
834 1840 923 1885 φησι
950 1841 1100 1884 παραινῶ
1127 1852 1183 1872 σοι
1209 1835 1386 1880 σεισθῆναι
1409 1835 1461 1869 καὶ
1487 1834 1704 1878 σαλευθῆναι,

113 1906 197 1940 διότι
223 1904 325 1950 ἦλθεν
344 1905 399 1940 ἐπὶ
425 1905 466 1939 σὲ
492 1904 512 1949 ἡ
539 1904 646 1939 δικαία
671 1906 731 1938 τοῦ
756 1906 844 1937 Θεοῦ
870 1903 1021 1949 τιμωρία·
1055 1901 1177 1946 ταύτην
1199 1901 1266 1948 γὰρ
1293 1899 1454 1946 ποτήριον
1478 1899 1567 1935 θείας
1596 1898 1708 1942 δεξιᾶς

113 1970 276 2014 ὀνομάζει.
324 1970 376 2003 καὶ
403 1970 582 2013 πολλαχοῦ
611 1968 646 2002 δὲ
675 1967 830 2013 ἀλλαχοῦ
859 1967 877 2011 ἡ
906 1967 1047 2013 τιμωρία
1071 1965 1230 2012 ποτήριον
1253 1964 1400 2011 λέγεται·
1440 1966 1458 1998 ὁ
1485 1964 1519 1998 δέ
1545 1966 1630 1998 πιὼν
1652 1965 1705 1998 καὶ

113 2035 294 2080 μεθυσθεὶς
319 2031 508 2069 σαλεῦεται.
546 2033 580 2067 τί
605 2032 643 2067 δέ
666 2033 741 2067 ἐστι
767 2033 806 2066 τὸ
832 2031 1035 2072 ἐκύκλωσεν,
1056 2030 1075 2076 ἢ
1102 2029 1153 2065 ὅτι
1179 2029 1288 2078 κύκλῳ
1315 2044 1356 2064 σε
1381 2028 1593 2075 περιέλαβεν,
1616 2029 1707 2063 ὥστε

113 2100 158 2145 μὴ
184 2098 347 2134 δύνασθαί
372 2113 412 2134 σε
438 2099 617 2145 διαφυγεῖν
642 2096 774 2141 ταύτην·
814 2096 833 2141 ἦ
859 2096 910 2131 ὅτι
936 2097 1053 2142 ὥσπερ
1080 2096 1115 2131 ἐν
1138 2095 1320 2142 συμποσίῳ
1349 2095 1387 2128 τὸ
1414 2093 1575 2140 ποτήριον
1597 2093 1708 2142 κύκλῳ

113 2163 327 2211 περιέρχεται
349 2164 427 2200 τοὺς
453 2164 639 2208 συμπότας,
660 2161 747 2197 οὕτω
774 2162 826 2197 καὶ
852 2161 871 2205 ἡ
898 2161 933 2195 ἐκ
959 2163 1046 2195 θεοῦ
1071 2160 1222 2207 τιμωρία,
1245 2161 1410 2206 πρότερον
1432 2159 1492 2204 μὲν
1516 2159 1575 2194 τὰς
1599 2159 1710 2194 ἷίλλας

113 2230 294 2272 βασιλείας
312 2228 485 2275 περιῆλθε,
507 2229 560 2262 διὰ
580 2230 645 2263 σοῦ
664 2225 919 2273 τιμωρησαμένη
938 2225 1070 2271 ταύτας,
1091 2225 1143 2260 καὶ
1168 2223 1347 2269 μεθύσασα
1373 2225 1574 2270 συμφορῶν,
1599 2222 1709 2271 κύκλῳ

116 2295 151 2329 δέ
172 2294 366 2341 διερχομένη
391 2296 447 2328 νῦν
465 2293 599 2339 ἔφθασε
625 2293 679 2327 καὶ
704 2292 758 2327 ἐπὶ
784 2291 835 2333 σὲ,
858 2292 946 2326 ὥστε
966 2291 1119 2336 ὀφείλεις
1137 2292 1237 2324 τοῦτο
1255 2290 1356 2325 πιεῖν.
1395 2288 1414 2332 ἡ
1439 2288 1531 2332 δεξιὰ
1557 2289 1623 2334 γὰρ
1649 2290 1710 2322 τοῦ

116 2359 231 2405 κυρίου
262 2358 456 2405 προσφέρει
487 2373 545 2393 σοι
576 2359 688 2398 τοῦτο,
719 2357 772 2391 καὶ
803 2355 965 2391 ἀδύνατον
997 2355 1166 2401 ἐκφυγεῖν,
1198 2353 1257 2398 τὴν
1288 2353 1353 2399 γὰρ
1386 2354 1483 2398 χεῖρα
1515 2352 1616 2386 αὐτοῦ
1649 2352 1710 2396 τὴν

116 2423 267 2470 ὑψηλὴν,
287 2424 337 2460 τίς
361 2422 597 2469 ἀποστρέψει;
631 2419 691 2457 καὶ
719 2419 878 2467 συνήχθη
910 2417 1035 2468 ἀτιμία
1064 2416 1125 2455 ἐπὶ
1149 2417 1213 2464 τὴν
1237 2416 1344 2460 δόξαν
1366 2430 1445 2452 σου.
1486 2417 1603 2463 ὥσπερ
1631 2416 1711 2451 ὅταν

117 2488 295 2535 εὐημέρεις,
323 2488 486 2524 πάντοθεν
514 2487 677 2534 συνήγετό
706 2501 762 2521 σοι
788 2485 806 2530 ἡ
833 2485 925 2529 δόξα,
955 2485 1008 2519 καὶ
1035 2484 1100 2519 ἀπὸ
1127 2481 1278 2518 πλούτου
1307 2482 1359 2516 καὶ
1387 2480 1453 2516 ἀπὸ
1481 2480 1626 2527 ἀνδρίας,
1653 2482 1708 2515 καὶ

117 2554 289 2590 συνέσεως
314 2554 367 2588 καὶ
391 2552 541 2597 πλήθους
567 2553 720 2597 ὑπηκόων
739 2552 791 2586 καὶ
815 2553 882 2585 τῶν
900 2548 1069 2584 τοιούτων·
1104 2546 1191 2582 οὕτω
1211 2549 1267 2581 νῦν
1285 2546 1303 2590 ἡ
1323 2546 1438 2590 ἀτιμία
1458 2545 1711 2591 συναχθήσεταί

118 2634 175 2653 σοι
202 2618 270 2654 ἀπὸ
297 2618 420 2659 πενίας,
447 2617 514 2653 ἀπὸ
543 2616 679 2658 δειλίας,
706 2616 772 2651 ἀπὸ
800 2615 993 2654 ἀσυνεσίας,
1023 2613 1089 2648 ἀπὸ
1117 2614 1175 2647 τοῦ
1203 2611 1325 2656 μηδένα
1354 2612 1443 2656 ἔχειν
1470 2610 1626 2655 ὑπήκοον,
1657 2612 1711 2644 καὶ

117 2685 244 2725 ἁπλῶς,
262 2684 395 2719 πάντων
413 2686 479 2717 τῶν
496 2681 665 2717 τοιούτων,
696 2683 714 2715 ὁ
738 2681 803 2728 γὰρ
823 2679 957 2723 ἔνδοξος
975 2677 1036 2724 ἀφ’
1057 2677 1102 2712 ὧν
1120 2676 1304 2721 δοξάζεται,
1325 2676 1363 2719 ἐξ
1383 2676 1513 2710 ἐκείνων
1532 2675 1708 2720 ἀτιμοῦται

119 2749 271 2783 ἐκπεσὼν
289 2748 406 2783 αὐτῶν.
449 2747 521 2782 ἐπεὶ
549 2747 584 2781 δὲ
611 2748 629 2780 ὁ
657 2744 778 2792 Κύριος
800 2744 835 2778 ἐν
856 2746 896 2788 τῇ
923 2743 1037 2789 καρδίᾳ
1063 2744 1121 2786 τῆς
1145 2742 1206 2787 γῆς
1231 2742 1320 2786 τρεῖς
1345 2740 1466 2786 ἡμέρας
1495 2740 1633 2784 ἐποίησε
1659 2742 1707 2788 τῷ

119 2811 182 2858 ᾄδῃ
210 2810 438 2859 ἐνδιατρίψας,
462 2813 547 2858 πρὸς
574 2809 695 2854 ταύτην
721 2809 780 2854 τὴν
805 2809 940 2855 καρδίαν
963 2808 1052 2854 φησὶ
1081 2806 1132 2841 ὅτι
1160 2805 1325 2849 σείσθητι.
1366 2806 1452 2850 τάχα
1479 2805 1539 2849 μὲν
1564 2805 1617 2839 καὶ
1642 2804 1711 2839 ἀπὸ

1386 2866 1423 2886 μν

120 2902 178 2934 τοῦ
207 2901 352 2944 σεισμοῦ
380 2901 440 2934 τοῦ
467 2897 645 2945 γενομένου
674 2897 708 2931 ἐν
735 2898 782 2944 τῷ
815 2896 993 2930 ἐκπνεῦσαι
1019 2895 1129 2934 αὐτὸν,
1159 2893 1214 2928 ὅτε
1243 2893 1295 2927 καὶ
1323 2892 1363 2926 τὰ
1393 2894 1513 2940 σημεῖα
1541 2891 1705 2939 ἀνεῴχθη·

121 2965 208 3010 τάχα
237 2964 272 2998 δέ
302 2964 353 2998 καὶ
383 2964 426 2999 ὡς
450 2964 562 3007 πάσης
587 2963 644 3006 τῆς
670 2962 776 3008 ἀρχῆς
802 2963 861 2995 τοῦ
886 2958 968 3006 ᾅδου
995 2958 1232 3004 σαλευομένης,
1263 2958 1313 2992 καὶ
1343 2960 1408 2992 τῶν
1436 2958 1570 3002 χαλκῶν
1593 2958 1710 2992 πυλῶν

870 3035 898 3073 4
920 3035 942 3061 L
967 3034 989 3065 2
