2049 3366
125 228 282 252 JUDAM.

669 213 876 249 INDEX

184 338 406 387 rejicientes,
472 338 632 373 fructum
709 337 886 375 tulerunt,

184 403 338 440 exitium
381 405 456 438 466
496 402 581 443 e(l;
632 414 677 437 cx
717 400 890 448 superbia

185 472 434 515 peccaverunt
469 468 545 502 466
580 479 625 511 e3
666 477 730 512 spe
766 477 888 500 rever-

186 531 302 567 sionis
341 537 419 566 tum
460 531 505 566 ab
553 531 633 566 aliis
682 529 891 576 Prophetis,

186 602 265 632 tum
297 608 317 631 a
347 595 499 630 Nahum
528 594 710 631 consolati
742 597 817 630 474
849 607 891 635 c;

188 663 264 696 475
298 672 339 704 a;
380 660 416 694 in
452 659 692 707 Captivitate,
724 658 894 694 mercede

187 725 398 761 serviebant
420 725 624 760 idololatris
646 728 722 760 475
743 724 788 769 b;
811 723 895 758 inde

187 790 436 826 idololatriam
469 790 711 826 addiscebant
744 791 819 824 475
852 800 893 829 c;

189 853 897 903 inAegyptumrefugerenonsinuntur

192 923 268 956 475
300 921 344 965 (ἴς
379 919 486 955 idolis
517 919 692 962 earmina,
719 923 895 965 tanquam

192 985 286 1026 Deo,
319 984 583 1032 praecinebant
618 985 694 1019 476
730 995 771 1023 e;
813 994 894 1017 cum

190 1049 327 1097 captivi
345 1055 462 1090 erant,
479 1053 682 1096 coeperunt
703 1047 898 1095 desperare

193 1116 268 1150 479
289 1114 334 1159 b;
367 1113 536 1161 quamvis
565 1112 750 1148 durissimi
775 1111 898 1154 eorde,

192 1178 245 1213 ira
274 1183 398 1213 tamen
429 1176 567 1213 Divina
595 1177 788 1225 liquefacti
816 1182 897 1212 tan-

192 1256 302 1291 quam
342 1255 427 1279 cera
463 1245 539 1279 484
575 1255 616 1288 e;
659 1243 734 1278 485
771 1254 813 1283 a;
855 1241 899 1276 de

192 1308 274 1344 Deo
304 1308 431 1343 durius
457 1307 670 1356 judicantes
699 1307 898 1354 reprehen-

193 1373 331 1408 duntur
372 1373 448 1408 486
486 1384 528 1417 a;
581 1384 646 1419 spe
689 1371 818 1407 salutis
866 1376 902 1406 et

193 1437 338 1484 gratiae
359 1436 571 1472 relevantur
588 1438 664 1472 486
687 1447 729 1481 c;
751 1436 902 1472 Christo

194 1501 475 1543 maledicentes,
538 1501 658 1549 puniti
721 1503 796 1537 489
859 1513 900 1542 c;

195 1566 421 1614 paucissimi,
467 1566 662 1602 eredentes
710 1572 905 1602 servantur

197 1634 272 1668 489
290 1631 335 1677 d;
359 1631 475 1679 virga,
495 1631 571 1667 sive
588 1632 695 1679 jugo,
714 1631 906 1667 Pharisae-

196 1708 300 1732 orum
340 1696 499 1737 liberati,
540 1696 698 1732 eredunt
745 1698 820 1732 489
861 1709 902 1737 e;

195 1774 217 1796 a
270 1760 371 1808 Cyro
420 1762 574 1796 domum
623 1761 781 1802 remissi,
830 1774 905 1797 non

196 1826 353 1872 amplius
375 1825 472 1872 capti
495 1828 568 1862 491
594 1826 672 1870 ab3
703 1826 907 1874 Redempt-

197 1903 303 1925 orum
325 1902 390 1937 per
412 1889 602 1925 Christum
627 1897 739 1938 typus
765 1893 838 1927 491
863 1891 906 1935 (13

197 1954 316 1990 relicti
349 1954 636 2002 Hierosolymis,
663 1961 748 2002 post
778 1955 905 2003 Capti-

199 2019 350 2054 vitatem
380 2018 541 2059 Israelis,
565 2020 752 2066 quomodo
781 2032 801 2055 a
823 2020 907 2056 Deo

198 2082 404 2118 defecerint
438 2085 510 2118 491
548 2095 589 2127 e;
630 2083 665 2118 in
701 2084 906 2131 Babylone,

199 2160 290 2195 quas
328 2159 413 2194 spes
452 2147 486 2182 in
531 2148 690 2194 patriam
730 2149 908 2184 redeundi

199 2212 361 2247 foverint
393 2214 469 2247 493
500 2212 545 2257 b3
582 2225 601 2247 a
633 2212 734 2260 Cyro
764 2213 908 2249 liberati

202 2279 277 2313 493
300 2277 378 2321 de;
401 2277 437 2311 in
461 2277 703 2324 Captivitate‚
723 2278 909 2325 quomodo

201 2341 367 2376 solennia
414 2352 481 2375 sua
523 2353 628 2376 saera
674 2342 911 2389 negligerent

203 2408 279 2441 494
315 2405 358 2450 b;
393 2404 552 2446 liberati,
585 2407 774 2453 quomodo
808 2419 908 2442 resu-

203 2475 348 2505 merent
384 2471 460 2505 494
496 2470 546 2515 d3
592 2470 814 2518 spirituales,
851 2471 909 2519 qui

202 2535 276 2571 sint
316 2536 393 2570 494
433 2546 478 2579 e3
527 2547 640 2582 quare
675 2541 798 2571 vestes
837 2535 909 2571 dis-

409 2600 573 2635 solerent
635 2602 711 2636 496
769 2613 810 2646 a3
874 2601 910 2636 in

462 2663 680 2709 saevientes,

202 2599 352 2636 cindere

203 2662 399 2698 Christum
742 2664 911 2700 leonibus

203 2727 410 2775 comparati
447 2730 523 2763 504
557 2740 597 2773 ἃς
642 2728 678 2764 in
718 2729 909 2764 Christum

203 2791 555 2839 blasphemizantes,
570 2805 590 2827 a
605 2791 792 2828 Ninevitis
804 2806 910 2840 prae-

204 2856 355 2903 figurati
387 2858 462 2892 504
493 2869 535 2898 e;
575 2856 747 2892 humanis
780 2857 909 2904 opibus

206 2921 457 2962 confidebant,
501 2926 632 2956 contra
683 2921 910 2969 Babylonios

207 2986 281 3020 508
342 2985 387 3027 d;
450 2998 586 3032 nempe
638 2986 908 3033 Aegyptiorum

941 213 966 247 R
989 213 1015 247 Ιῦ
1033 213 1061 247 R
1079 212 1109 248 U
1128 212 1183 247 M.
1643 218 1716 249 7053

1016 338 1090 370 508
1132 348 1162 376 c,
1204 340 1240 371 et
1279 334 1511 383 Aethiopum
1554 339 1629 372 509
1675 350 1719 382 c3

1010 400 1150 447 judicia
1179 412 1417 448 corrumpere
1447 401 1616 436 solebant
1644 404 1720 437 520

1015 477 1056 505 e;
1094 464 1291 514 praecipue
1323 465 1513 501 Christum
1545 466 1720 501 condem-

1018 535 1149 564 nantes
1172 532 1243 564 521
1266 529 1346 575 he3
1369 536 1405 565 et
1425 530 1545 580 legem
1569 530 1722 566 sabbati

1018 593 1222 628 Mosaicam
1264 593 1529 641 detorquentes
1565 597 1637 631 521
1677 595 1722 639 d;

1018 658 1247 693 calamitates
1295 658 1539 694 admiratione
1591 660 1724 707 dignas

1018 723 1251 770 pertulerunt
1289 726 1364 759 522
1401 737 1445 769 ej
1512 725 1723 772 RabyloniiS,

1018 787 1212 835 imperium
1262 801 1367 824 suum
1407 803 1522 837 usque
1570 790 1726 825 dilatan-

1019 853 1131 894 tibus,
1198 860 1460 901 comparantur
1526 856 1602 891 523
1674 855 1725 899 b3

1021 917 1214 952 Christum
1285 919 1429 965 Regem
1504 919 1726 966 rejicientes,

1022 982 1201 1017 Romanis
1256 983 1503 1030 subjiciuntur
1556 985 1631 1019 523
1684 996 1724 1023 e:

1022 1060 1134 1094 quare
1183 1060 1280 1095 equo
1328 1048 1483 1084 incitato
1541 1054 1577 1084 et
1625 1054 1728 1084 rotae

1023 1113 1225 1159 comparati
1262 1115 1337 1148 525
1369 1113 1418 1158 b3
1454 1114 1606 1149 Christo
1639 1126 1728 1149 con-

1022 1177 1213 1219 viciantes,
1275 1178 1453 1214 stultitiae
1514 1178 1731 1215 incusantur

1025 1244 1101 1278 525
1132 1254 1178 1287 ej
1214 1242 1293 1283 sibi,
1315 1248 1353 1278 et
1382 1243 1491 1278 sociis
1521 1244 1596 1279 suis
1620 1243 1730 1279 nimis

1025 1307 1262 1344 confidebant
1281 1310 1357 1343 526
1377 1308 1398 1344 b
1413 1321 1446 1353 c;
1469 1321 1543 1343 non
1562 1309 1731 1344 universe

1026 1372 1180 1419 perituri
1220 1375 1294 1408 527
1335 1372 1424 1417 bd3
1473 1373 1731 1408 interfectores

1028 1437 1182 1480 Christi,
1198 1450 1339 1484 sagena
1360 1438 1519 1473 Satanae
1542 1437 1732 1473 interclusi

1029 1504 1101 1538 531
1154 1513 1198 1547 ej
1253 1501 1469 1549 Babyloniis
1514 1502 1731 1549 comparati,

1026 1571 1179 1614 propter
1198 1566 1457 1602 crudelitatem
1474 1566 1511 1601 in
1527 1566 1734 1614 Prophetas

1027 1637 1064 1666 et
1112 1630 1304 1666 Christum
1358 1633 1430 1666 541
1482 1631 1505 1667 b
1533 1643 1576 1676 03
1635 1632 1734 1678 quod

1030 1694 1276 1729 Chananaeos
1330 1695 1496 1730 moribus
1551 1708 1733 1743 aequave-

1031 1765 1125 1802 rant,
1161 1758 1396 1794 Chananaeis
1435 1760 1548 1796 exitio
1587 1761 1735 1808 aequati

1031 1829 1117 1858 sunt
1137 1825 1210 1858 588
1231 1836 1270 1867 a3
1295 1836 1338 1858 eo
1356 1831 1536 1860 venerunt
1557 1825 1736 1868 insaniae,

1030 1894 1070 1924 ut
1114 1889 1182 1924 Dei
1231 1888 1505 1924 Providentiam
1553 1897 1736 1938 negarent

1031 1955 1106 1989 589
1155 1953 1178 1988 b
1199 1965 1243 1997 c;
1297 1959 1480 2001 quatenus
1529 1957 1736 1992 ‘mansueti

1030 2024 1065 2054 et
1087 2018 1244 2053 humiles
1259 2020 1266 2031 '
1290 2018 1361 2053 diei
1381 2019 1525 2066 possint
1553 2022 1628 2056 619
1651 2021 1735 2065 bd;

1030 2089 1213 2130 quatenus
1242 2083 1320 2130 lupi
1350 2090 1516 2131 raptores
1548 2086 1624 2121 620
1652 2085 1736 2130 bc,

1031 2160 1094 2195 spe
1112 2148 1253 2184 reditus
1269 2154 1304 2184 et
1322 2149 1550 2185 remissionis
1567 2150 1738 2186 levantur

1032 2215 1105 2249 621
1148 2225 1188 2259 c3
1239 2213 1339 2261 Cyro
1373 2214 1543 2261 jubente,
1578 2215 1737 2251 redeunt

1032 2279 1109 2313 627
1132 2290 1173 2322 a;
1205 2278 1250 2313 ab
1270 2278 1429 2314 inimicis
1456 2279 1624 2327 impediti
1650 2287 1739 2316 sunt

1034 2344 1109 2378 627
1141 2343 1185 2383 b:
1222 2343 1335 2379 Dario
1361 2345 1530 2391 juvante,
1555 2346 1737 2393 templum

1032 2413 1214 2443 renovant
1258 2410 1333 2443 627
1376 2421 1422 2451 c3
1472 2409 1557 2444 inde
1600 2410 1637 2444 in
1681 2422 1739 2445 so-

1033 2472 1198 2507 cordiam
1237 2485 1276 2508 se
1311 2480 1463 2509 vertunt
1502 2476 1577 2510 627
1613 2475 1662 2520 ἀς
1702 2476 1738 2510 in

1033 2537 1174 2584 templo
1190 2537 1419 2573 aedificando
1440 2544 1589 2586 torpent
1609 2542 1684 2575 629
1702 2553 1737 2582 c:

1035 2604 1110 2637 632
1134 2614 1176 2640 a;
1204 2604 1280 2637 633
1302 2615 1344 2643 a;
1372 2604 1448 2638 644
1466 2616 1511 2648 a3
1543 2604 1738 2640 conversio

1034 2678 1163 2701 eorum
1193 2666 1229 2701 in
1259 2667 1410 2702 Christo
1440 2668 1476 2702 in
1509 2670 1739 2716 temporibus

1035 2730 1171 2765 ultimis
1187 2732 1260 2766 638
1277 2744 1297 2765 a
1309 2731 1354 2776 b3
1372 2732 1539 2778 quaestui
1555 2734 1738 2769 matutino

1034 2794 1160 2836 dediti,
1194 2801 1231 2829 et
1264 2795 1410 2830 labores
1440 2802 1476 2831 et
1510 2804 1738 2833 correctores

1033 2858 1297 2894 abominantur
1329 2861 1405 2894 646
1434 2872 1512 2904 ae3
1547 2861 1740 2898 sterilitate

1033 2922 1166 2970 puniti,
1183 2935 1252 2958 nee
1271 2928 1397 2958 tamen
1417 2926 1586 2960 conversi
1605 2927 1680 2962 647
1698 2927 1739 2971 d;

1033 3000 1079 3023 ex
1100 2987 1313 3035 captivitate
1330 2989 1467 3024 reversi
1489 2996 1570 3025 aeta
1590 2998 1738 3037 patrum
