1997 3361
80 163 135 203 iii.
161 175 222 217 15.
518 168 588 208 IN
634 170 914 213 ABACUC.
978 173 1124 215 ἿῸΜ.
1160 175 1218 214 II.
1567 178 1647 214 159

76 273 246 336 πίστει,
281 274 398 341 πρὸς
431 278 650 341 εὐθυμίαν
689 276 939 349 ὃιανοιξουσι
980 282 1187 344 χαλινοὺς
1226 283 1375 345 αὐτῶν,
1411 284 1528 335 κατὰ
1567 285 1648 335 τὸν

77 354 164 418 ἤδη
200 358 527 424 προειρημένον
570 361 758 426 τρόπον.
825 362 895 413 ὅτι
931 364 977 414 δὲ
1015 365 1168 432 τροφή
1208 389 1275 419 τις
1314 369 1515 431 ὡσπερεὶ
1552 373 1646 418 τῶν

75 458 148 486 σω
177 438 353 500 ομένων
397 441 425 504 ἡ
468 441 627 496 πίστις
671 446 745 493 καὶ
790 448 897 514 Θεῷ
940 449 1014 496 καὶ
1059 448 1219 511 ἁγίοις,
1263 450 1455 511 ἐμπεδοῖ
1493 449 1645 515 λε’γων

75 517 212 572 αὐτὸς
264 521 288 570 ὁ
333 522 543 587 Χριστὸς
585 527 689 591 περὶ
738 528 819 589 τῆς
869 532 962 577 τῶν
1007 532 1305 595 Σαμαρειτῶν
1354 533 1645 599 ἐπιστροφῆς
1720 603 1725 612 1

34 607 56 644 5
76 605 102 626 “
124 598 253 664 Ἐγὼ
278 606 462 668 βρῶσιν
487 605 578 672 ε”χω
603 610 784 674 φαγεῖν,
810 605 867 671 ἢν
893 610 1017 672 ὑμεῖς
1046 612 1126 661 οὐκ
1153 612 1347 663 οἴδατε.”
1397 615 1470 663 καὶ
1497 613 1643 664 πάλιν
1704 602 1850 686 ngm

75 685 102 708 ‘⁶
127 680 275 744 Ἐμὸν
299 684 470 750 βρῶμά
499 689 628 738 ἐστιν
654 689 728 739 ἵνα
757 689 942 753 ποιήσω
972 691 1025 742 τὸ
1051 693 1236 758 θέλημα
1261 701 1343 746 τοῦ
1367 695 1642 764 πέμψαντός
1705 706 1755 738 lb.
1776 716 1827 747 34-

76 768 102 791 “
126 785 196 825 με,
223 768 295 815 καὶ
322 768 559 819 τελειώσω
582 771 722 821 αὑτοῦ
747 769 801 822 τὸ
827 771 1008 838 ε”ργον.”

1659 980 1685 1020 b

14 1032 15 1035 ’
77 1023 149 1064 Καὶ
196 1025 450 1076 ἐπεβίβασας
498 1027 558 1071 εἰς
606 1032 821 1073 θάλασσαν
869 1032 966 1073 τοὺς
1013 1034 1168 1076 ἵππους
1225 1051 1299 1078 σου
1347 1040 1707 1095 ταράσσοντοεῐό

139 1106 271 1149 ὕδατα
308 1112 458 1155 Πολλά.

6 1253 53 1278 10
145 1238 380 1305 Τετήρηκε
404 1240 549 1292 πάλιν
575 1243 599 1293 ὁ
625 1242 770 1309 λόγος
792 1247 874 1309 τῆς
904 1250 1079 1311 τροπῆς
1104 1248 1157 1299 τὸ
1182 1253 1363 1317 σχῆμα.
1417 1257 1638 1322 χαλινοὺς

70 1316 162 1383 γὰρ
200 1320 450 1386 ὀνομάσας,
478 1323 645 1380 ’ἵππους
675 1325 936 1379 ἀπεκάλεσε
967 1328 1073 1383 τοὺς
1111 1331 1270 1396 ἁγίους
1294 1334 1636 1403 Ἀποστόλους,

69 1398 136 1452 οἷς
173 1403 247 1451 καὶ
286 1403 423 1458 αὐτὸς
459 1407 689 1473 ἐποχεῖται
727 1408 956 1474 Χριστὸς,
986 1411 1198 1478 ἐνιζήσας
1235 1413 1398 1483 ὥσπερ
1433 1422 1494 1473 εἷς
1529 1428 1637 1473 νοῦν

69 1482 144 1531 καὶ
170 1485 376 1549 καρδίαν.
440 1486 511 1538 ὅτι
541 1489 694 1540 τοίνυν
726 1490 924 1554 ἔμελλον
948 1496 1309 1561 παιδαγωγῆσαι
1333 1498 1450 1566 πρὸς
1472 1503 1636 1556 πίστιν

69 1564 155 1631 οὐχ
193 1565 262 1616 ὅτι
297 1566 465 1629 μόνους
496 1569 602 1624 τοὺς
639 1571 696 1640 ἐξ
716 1573 931 1639 Ἰσραὴλ,
961 1575 1090 1627 ἀλλὰ
1127 1580 1202 1629 καὶ
1240 1579 1383 1645 αὐτὴν
1420 1582 1505 1647 τὴν
1541 1590 1635 1638 τῶν

5 1660 50 1698 15
69 1646 235 1713 ἑτέρων
278 1650 423 1701 ἐθνῶν
462 1652 694 1717 πλείστην
743 1677 792 1705 τε
843 1655 963 1720 ὅσην
1006 1660 1080 1709 καὶ
1128 1660 1384 1727 ἀμέτρητον
1429 1667 1633 1731 πληθὺν,

68 1735 279 1796 πειρᾶται
303 1735 550 1788 διδάσκειν.
602 1736 809 1812 θαλάσσῃ
830 1739 914 1803 μὲν
936 1740 1028 1808 γὰρ
1053 1745 1309 1812 παρεικάζει
1334 1748 1416 1799 τὸν
1441 1751 1634 1817 κόσμον,

70 1815 188 1865 κατά
227 1839 282 1881 γε
319 1817 374 1869 τὸ
411 1821 459 1870 ἐν
490 1824 710 1885 Ψαλμοῖς
747 1823 1032 1887 ὑμνούμενον
1066 1835 1092 1857 “
1114 1831 1245 1894 Αὕτη
1278 1832 1305 1895 ἡ
1340 1833 1571 1888 θάλασσα
1605 1839 1633 1902 ἡ
1697 1840 1833 1914 {geist

70 1903 97 1926 “
119 1897 305 1963 μεγάλη
331 1902 406 1951 καὶ
431 1902 700 1970 εὐρύχωρος·
740 1906 833 1956 ἐκεῖ
850 1907 1018 1973 ἑρπετὰ
1043 1907 1108 1960 ῶν
1133 1912 1215 1963 οὐκ
1241 1913 1370 1965 ἔστιν
1396 1918 1630 1982 ἀριθμός·”
1651 1941 1672 1967 c
1719 1902 1747 1923 ὃ·

69 1975 208 2030 ὕδασι
233 1979 281 2031 δὲ
307 1988 506 2037 πολλοῖς
530 1984 612 2038 τὰς
639 1991 731 2037 τῶν
756 1989 900 2039 ἐθνῶν
926 1990 1114 2056 ἀγέλας,
1140 1993 1223 2048 τὰς
1249 1996 1337 2046 ἀνὰ
1362 2003 1525 2051 πᾶσαν
1548 2001 1634 2066 τὴν

3 2080 52 2104 20
70 2063 174 2126 γῆν·
216 2061 373 2116 ἵπποις
409 2064 571 2129 γεμὴν,
605 2069 667 2121 ὡς
703 2068 834 2136 ἔφην,
871 2071 978 2126 τοὺς
1015 2075 1174 2139 ἁγίους
1206 2077 1555 2145 Ἀποστόλους,
1591 2084 1634 2135 οἳ

68 2147 232 2193 πᾶσαν
256 2153 634 2210 περινοστοῦντες
657 2150 742 2213 τὴν
768 2153 840 2202 ὑπ’
863 2153 1070 2219 οὐρανὸν,
1096 2163 1342 2228 μονονουχὶ
1378 2162 1634 2230 ῥέγχοντας

69 2229 143 2277 καὶ
185 2229 514 2294 ε’νηρεμοῦντας
556 2235 613 2300 τῇ
651 2234 811 2303 πλάνῃ
856 2237 962 2291 τοὺς
1004 2242 1348 2309 εἷδωλολάτρας
1390 2251 1633 2314 χρησίμως

69 2308 320 2379 ἐτάραττον·
359 2312 700 2378 τεθορυβήκασι
733 2316 838 2383 γὰρ,
866 2326 1116 2375 καλοῦντες
1148 2328 1211 2377 εἰς
1241 2326 1340 2380 δεός
1372 2330 1434 2381 ὡς
1463 2333 1525 2384 εἷς
1556 2332 1632 2383 κό-

69 2396 214 2442 λασιν
257 2394 597 2458 βαδιουμένους,
641 2399 715 2448 καὶ
757 2398 842 2462 τὴν
885 2400 960 2452 διὰ
999 2403 1145 2470 πυρὸς
1188 2406 1319 2472 δίκην
1359 2410 1632 2477 ὑποστησο-

118 2608 146 2632 1.
171 2598 247 2634 τοὺς
262 2601 420 2645 χαλινοὺς
438 2602 485 2638 D.
766 2617 797 2640 2.
822 2607 933 2652 τροφή
950 2607 1016 2653 τις]
1034 2610 1210 2656 προφήτης
1227 2612 1307 2655 (Sic)
1327 2613 1373 2647 D.
1422 2615 1567 2660 ὡσπερεὶ
1588 2617 1630 2653 Β.

68 2645 183 2688 ὥσπερ
202 2646 277 2680 ἐστὶ
294 2647 386 2682 Edd.
528 2662 561 2695 9.
579 2650 682 2685 ὕδατα
698 2654 813 2687 πολλά
832 2654 920 2688 D.F.
939 2655 1029 2690 Edd.
1045 2656 1095 2700 (a.
1111 2668 1165 2692 22.
1180 2658 1243 2702 al.)
1260 2658 1349 2704 ὕδωρ
1366 2661 1455 2694 πολύ
1473 2662 1579 2704 (A.V.
1594 2666 1630 2708 N)

67 2690 112 2724 cf.
130 2703 147 2724 e
163 2692 262 2727 infra.
468 2707 521 2731 10.
547 2698 585 2732 τὸ
602 2700 661 2742 τῆς
677 2701 801 2743 τροπῆς
818 2700 888 2735 inv.
903 2701 978 2736 ord.
998 2701 1046 2736 D.
1247 2717 1301 2739 11.
1325 2707 1390 2751 γὰρ
1407 2716 1631 2754 assumptum

67 2747 109 2770 ex
128 2737 221 2772 B.D.
284 2739 473 2777 ἀπεκάλεσε
492 2743 571 2778 D.a.
589 2745 683 2779 ἐκάλ.
702 2746 793 2781 Edd.
1153 2761 1206 2784 12.
1232 2752 1284 2785 καὶ
1302 2760 1522 2798 assumptum
1539 2768 1579 2790 ex
1598 2769 1629 2792 a.

70 2793 122 2827 13.
150 2784 245 2819 Haec
261 2788 345 2831 πρὸς
360 2788 477 2823 πίστιν
493 2797 712 2826 accesserunt
728 2804 769 2826 ex
788 2793 881 2827 B.D.
1088 2807 1141 2838 14.
1167 2797 1230 2842 οὐχ
1246 2798 1298 2832 ὅτι
1317 2799 1358 2833 Β.
1378 2800 1469 2835 Edd.
1487 2802 1564 2848 οὐχὶ
1582 2804 1629 2838 D.

71 2839 123 2873 15.
149 2831 267 2875 ἑτέρων
284 2845 352 2868 om.
373 2835 419 2869 D.
437 2835 542 2872 habet
559 2837 601 2873 B.
755 2840 806 2874 18.
835 2840 930 2874 Haec
947 2840 1014 2875 ἐκεῖ
1030 2842 1162 2886 ἑρπετὰ,
1181 2844 1225 2878 ὧν
1241 2845 1300 2879 οὐκ
1317 2846 1411 2881 ἔστιν
1427 2847 1567 2892 ἀριθμός
1587 2850 1629 2885 Β.

68 2876 120 2909 καὶ
136 2877 176 2910 τὰ
193 2879 268 2921 ἑξῆς
286 2879 332 2914 D.
351 2880 444 2916 Edd.
663 2896 718 2919 20.
744 2885 865 2922 ἵππους
881 2887 948 2921 a.b.
968 2887 1069 2923 Pont.
1280 2902 1334 2926 21.
1359 2908 1532 2938 περινοστ.
1550 2903 1631 2941 post

68 2921 206 2965 οὐρανὸν
222 2931 264 2959 tr.
284 2926 331 2959 D.
589 2942 644 2967 22.
669 2932 906 2977 ἐνῳεροῦντας
924 2934 1003 2979 (sic)
1021 2946 1050 2969 a.
1099 2935 1274 2981 χρησίμως
1291 2940 1434 2976 accessit
1449 2953 1491 2977 ex
1509 2942 1630 2978 D.a.b.

70 2977 124 3012 23.
149 2970 213 3014 γὰρ
233 2971 396 3010 B‚D.a.b.
414 2974 449 3009 δὲ
469 2975 559 3012 Edd.
766 2991 820 3022 24.
846 2980 968 3016 ὑποστ.
987 2981 1079 3026 δίκην
1094 2983 1165 3018 inv.
1183 2984 1258 3020 ord.
1277 2985 1324 3020 D.
