2053 3382
315 175 402 217 558
711 178 762 219 B.
800 178 1076 220 CYRILLI
1117 179 1506 220 ALEXANDR.
1748 178 1775 219 i.
1799 178 1838 229 6,
1864 188 1901 229 7.

312 287 506 344 μᾶλλον
533 283 581 336 δὲ
615 286 690 335 καὶ
725 285 881 338 αὐτοῖς
911 289 1054 346 βοᾶτε
1090 283 1388 351 πράγμασιν,
1417 285 1487 336 ὅτι
1513 283 1727 356 Τροίπεζοι
1754 288 1901 355 Κυρίου

88 372 174 407 825
189 372 242 409 A·
271 385 294 409 a
311 362 607 433 ε’ξουὸενωμεὶιη
634 366 725 417 ἐστὶ
756 371 834 417 καὶ
861 365 922 417 r&
947 365 1225 434 ἐπιτιθέμενοι
1250 367 1478 436 βρώματα
1505 363 1827 436 ἑξουὸενωμένοι.

82 776 243 808 Num.xv.

81 830 178 859 4—12.

81 938 160 969 Lev.
174 939 228 971 vii.

82 990 111 1022 3.

80 1104 128 1135 Cf.
147 1105 198 1135 De

79 1148 182 1178 Ador.

78 1191 134 1221 lib.
148 1192 215 1225 xvi.

78 1236 151 1267 init.

81 1511 93 1532 1
112 1502 186 1533 Cor.
197 1512 228 1533 v.

76 1770 127 1802 Ib.
150 1778 178 1811 7.

76 1927 236 1959 S.Matth.

76 1971 142 2001 xvi.
160 1970 191 2003 6.

384 445 576 510 Ἐπειδὴ
622 446 670 497 δὲ
709 447 888 499 ἕκαστα
931 452 1026 499 τῶν
1072 447 1322 514 εἰρημένων
1367 448 1766 514 ἀναμηρύσασθαι
1809 450 1900 515 χρὴ

309 527 385 577 καὶ
424 529 754 592 διερμηνεῦσαι
792 533 979 599 σαφῶς,
1016 531 1127 599 φέρε
1168 530 1395 597 λε’γωμεν,
1429 532 1478 582 τί
1510 553 1624 582 ποτε
1659 530 1750 596 ἄρα
1787 531 1900 589 βού-

307 613 440 658 λεται
477 610 655 673 δηλοῦν
688 611 713 662 ὁ
750 611 889 678 ἄρτος
925 613 950 663 ὁ
985 611 1322 677 ἠλισγημένος.
1375 611 1673 680 ἧλισγημένον
1702 612 1787 675 μὲν
1818 613 1899 662 οὖν

305 688 388 739 τὸν
412 692 774 756 μεμολυσμένον
800 695 875 744 καὶ
901 693 1167 760 ἀκάθαρτον
1192 693 1418 761 ὀνομάζει.
1474 694 1637 745 εἰδέναι
1674 693 1722 745 δὲ
1753 695 1899 759 ἀναγ-

307 776 456 834 καῖον,
488 772 558 823 ὅτι
598 773 719 824 κατά
753 798 806 840 γε
841 774 896 826 τὸ
933 779 998 845 τῷ
1033 775 1262 844 νομοθέτῃ
1300 779 1468 826 δοκοῦν
1493 777 1567 826 ἐπὶ
1602 780 1701 828 ταῖς
1735 783 1898 826 τελου-

304 854 464 917 μέναις
503 855 688 910 θυσίαις
726 860 801 908 καὶ
841 857 972 923 ἄρτοι
1010 858 1424 924 προσεκομίζοντο·
1481 857 1611 921 πλὴν
1649 858 1815 924 ἄζυμοί
1848 881 1897 909 τε

306 937 382 986 καὶ
420 938 632 1004 καθαροί·
675 937 822 1003 μόνην
855 938 902 990 δὲ
941 938 1026 1003 τὴν
1058 942 1140 1003 τῆς
1179 939 1399 994 αἰνέσεως
1435 939 1605 991 θυσίαν
1637 940 1706 991 ἐπ’
1741 940 1898 1005 ἄρτοις

259 1025 286 1066 b
305 1017 512 1085 ζυμίταις
563 1025 806 1072 τελεῖσθαι
848 1022 1163 1089 προστέταχε.
1244 1022 1321 1073 καὶ
1370 1022 1439 1077 τίς
1489 1022 1514 1073 ὁ
1565 1023 1669 1088 περὶ
1718 1021 1897 1072 τούτων

302 1100 534 1165 μυστικὸς
580 1101 637 1152 ἂν
677 1102 860 1168 γε’νοιτο
903 1102 1064 1169 λόγος,
1112 1104 1430 1171 ἀποχρώντως
1474 1105 1522 1154 ἐν
1562 1104 1731 1170 ἑτέροις
1776 1102 1897 1170 εἰρή-

303 1202 467 1246 καμεν·
534 1185 851 1253 ἀφηγήσομαι
901 1187 948 1237 δὲ
1000 1190 1076 1238 καὶ
1122 1191 1204 1237 νῦν
1247 1188 1295 1237 ἐν
1339 1188 1580 1254 ἐπιδρομῇ,
1623 1187 1684 1239 ὡς
1729 1184 1787 1236 ἂν
1830 1185 1896 1250 μὴ

301 1266 488 1331 δοκοίην
521 1267 717 1334 ὀκνηρὸς
751 1266 868 1320 εἶναι’
903 1291 971 1322 τις
1007 1268 1056 1320 ε”ν
1087 1291 1140 1335 γε
1175 1273 1271 1323 τοῖς
1303 1270 1424 1319 οὕτω
1458 1267 1892 1321 λυσιτελεστάτοις.

301 1349 470 1399 οὐκοῦν
509 1350 534 1399 ὁ
579 1350 664 1412 μὲν
703 1349 875 1415 ἄζυμος
916 1351 1057 1417 ἄρτος
1102 1356 1299 1416 σημεῖον
1337 1349 1396 1402 ἂν
1435 1351 1615 1417 γε’νοιτο
1657 1350 1773 1417 ζωῆς
1812 1353 1896 1414 τῆς

302 1430 478 1496 ἀζύμου
512 1434 587 1481 καὶ
619 1436 844 1499 καθαρᾶς.
896 1434 1017 1483 οὕτω
1053 1434 1129 1484 καὶ
1164 1434 1189 1484 ὁ
1225 1433 1480 1487 θεσπέσιος
1508 1436 1704 1486 Παῦλος
1728 1437 1824 1486 τοῖς
1846 1434 1894 1482 ἐν

299 1511 460 1563 πίστει
489 1514 855 1576 δεδικαιωμένοις
891 1515 1163 1565 ἐπιστέλλει
1198 1515 1354 1579 λέγων
1381 1522 1407 1544 “
1426 1514 1581 1565 “Gerre
1607 1512 1894 1580 ἑορτάζωμεν

303 1599 329 1622 “
354 1593 419 1658 μὴ
458 1595 506 1644 ἐν
544 1593 662 1663 ζύμῃ
700 1600 884 1664 παλαιᾷ
926 1596 1043 1660 μηδὲ
1087 1598 1135 1646 ἐν
1174 1596 1290 1664 ζύμῃ
1329 1596 1491 1650 κακίας
1529 1600 1604 1646 καὶ
1642 1598 1890 1661 πονηρίας,

303 1685 329 1709 “
355 1679 465 1729 ἀλλ’
510 1681 558 1729 ἐν
600 1679 787 1747 ἀζύμοις
836 1681 1126 1746 εἱλικρινείας
1171 1682 1248 1731 καὶ
1292 1681 1556 1745 ἀληθείας.”
1627 1683 1702 1731 καὶ
1745 1680 1894 1733 πάλιν

262 1772 283 1798 0
302 1768 329 1790 ‘⁶
355 1760 678 1829 Ἐκκαθάρατε
705 1763 787 1814 οὖν
813 1761 898 1826 τὴν
924 1761 1134 1814 παλαιὰν
1161 1761 1321 1828 ζύμην,
1340 1763 1415 1813 ἵνα
1439 1761 1517 1826 ἦτε
1546 1762 1648 1813 νεόν
1676 1761 1889 1830 φύραμα,

302 1850 329 1872 “
355 1843 511 1897 καθὼς
535 1846 616 1895 καί
636 1846 744 1895 ἐστε
772 1844 980 1911 ἄζυμοι.”
1032 1849 1283 1913 παρεγγυᾷ
1308 1844 1355 1896 δὲ
1383 1842 1597 1910 Χριστὸς
1623 1849 1717 1898 τοῖς
1745 1845 1892 1910 ἁγίοις

301 1924 592 1980 ἀποστόλοις
639 1928 760 1977 οὕτω
806 1928 962 1991 λέγων
1001 1934 1026 1956 “
1046 1929 1318 1994 Προσέχετε
1354 1925 1448 1978 ἀπὸ
1491 1929 1572 1990 τῆς
1616 1926 1757 1993 ζύμης
1797 1932 1892 1978 τῶν

302 2014 327 2035 “
357 2009 633 2074 Φαρισαίων
659 2011 733 2059 καὶ
762 2008 1131 2061 Σαδδουκαίων.”
1187 2009 1354 2059 οὐκοῦν
1382 2012 1588 2074 καθαρᾶς
1620 2012 1693 2060 καὶ
1721 2009 1891 2074 ἡγιασ-

299 2088 440 2152 μένης
466 2094 543 2140 καὶ
568 2090 743 2156 ἀζύμου
770 2089 886 2156 ζωῆς
912 2096 1109 2156 σημεῖον
1130 2092 1154 2142 ὁ
1181 2092 1336 2157 ἄρτος.
1376 2089 1717 2157 προσεκόμιζον
1737 2091 1892 2142 τοίνυν

299 2170 407 2222 ἀνθ’
449 2172 626 2222 ἑαυτῶν
664 2174 726 2226 ὡς
768 2174 817 2223 ἐν
856 2172 1019 2228 τύποις
1058 2172 1124 2223 ε”τι
1167 2175 1242 2223 καὶ
1284 2177 1439 2225 σκιαῖς
1484 2176 1525 2223 οἱ
1566 2172 1890 2239 προσάγοντες

300 2252 469 2318 ἄρτους
511 2277 560 2305 τε
603 2254 801 2321 ἀζύμους
845 2257 919 2306 καὶ
962 2254 1286 2319 λαμβάνοντες
1332 2256 1407 2305 καὶ
1453 2254 1603 2321 ἄζυμα
1648 2253 1766 2305 κατὰ
1807 2253 1889 2305 τὸν

302 2333 465 2397 νόμον.

371 2415 566 2480 Ἐπειδὴ
610 2416 658 2468 δὲ
703 2420 778 2469 καὶ
823 2417 931 2472 τοὺς
976 2419 1042 2469 ἔτι
1085 2419 1470 2486 κατηχουμένους,
1512 2418 1587 2468 καὶ
1631 2418 1760 2468 οὔπω
1803 2416 1889 2480 τὴν

255 2509 281 2549 d
300 2499 532 2564 ἁμαρτίαν
581 2499 927 2564 ἐκνενιμμένους
978 2500 1053 2551 διὰ
1101 2506 1184 2551 τοῦ
1235 2499 1369 2566 ἁγίου
1421 2501 1754 2562 βαπτίσματος
1805 2499 1888 2549 οὐκ

299 2578 591 2644 ἐκπέμπομεν
626 2585 721 2631 τῶν
754 2583 1020 2646 ἐκκλησιῶν
1055 2581 1421 2650 δοξολογοῦντες
1462 2580 1598 2642 Θεὸν,
1631 2579 1888 2642 ποιούμεθα

299 2660 348 2711 δὲ
383 2666 577 2726 μᾶλλον
608 2662 868 2721 κοινωνοὺς,
897 2663 983 2726 τὴν
1008 2665 1090 2726 τῆς
1124 2663 1344 2717 αἰνέσεως
1377 2667 1665 2728 πληροῦντες
1701 2663 1885 2724 θυσίαν,

348 2853 378 2876 2.
407 2842 504 2877 Haec
523 2843 576 2877 καὶ
594 2843 635 2877 τὰ
653 2843 739 2879 ‘'m-r.
755 2845 815 2888 βρ.
835 2842 1083 2886 ἐξουδενωμένα
1101 2848 1324 2876 accesserunt
1341 2853 1381 2876 ex
1403 2841 1444 2875 B.
1633 2839 1666 2873 6.
1692 2838 1762 2885 καὶ]
1783 2843 1886 2885 ἤγουν

300 2889 357 2922 τὸν
376 2889 467 2923 Edd.
749 2901 802 2925 12.
828 2891 881 2924 καὶ
899 2892 956 2924 νῦν
973 2890 1039 2924 hoc
1057 2889 1180 2923 ordine
1200 2889 1241 2923 B.
1528 2896 1580 2930 13.
1607 2900 1645 2930 γε
1663 2888 1732 2921 τοῖς
1750 2899 1819 2921 om.
1841 2888 1881 2922 B.

306 2944 356 2978 17.
384 2936 465 2977 μηῗὲ
485 2935 530 2970 ἐν.
550 2938 576 2978 ζ.
595 2950 623 2971 κ.
644 2938 696 2971 καὶ
713 2936 875 2979 πονηρίης
891 2948 960 2969 om.
983 2936 1024 2970 B.
1388 2945 1442 2968 20.
1469 2933 1521 2966 καί
1539 2938 1760 2977 assumptum
1780 2946 1819 2967 ex
1842 2934 1883 2969 B.

303 2991 357 3022 ²4·
383 2982 426 3016 ὡς
443 2994 513 3017 om.
535 2983 575 3017 B.
769 2995 823 3028 25.
850 2984 902 3017 καὶ
921 2983 1150 3027 λαμβάνοντες
1168 2986 1350 3026 assumpta
1367 2993 1407 3015 ex
1428 2980 1468 3014 Β.

1919 627 1942 664 Ul

1922 1041 1969 1066 10

1914 1872 1963 1898 20

1906 2685 1957 2721 30
