2053 3382
338 164 423 204 366
731 166 776 204 B.
822 163 1105 204 CYRILLI
1158 164 1542 204 ALEXANDR.
1720 166 1773 205 vi.
1799 174 1922 219 9-15.

335 276 419 337 τῆς
457 276 622 337 νοητῆς
661 274 872 326 δουλείας
906 274 1132 342 ἐξείλατο,
1159 275 1234 323 καὶ
1273 272 1437 339 οἷαπερ
1462 273 1519 341 ἐξ
1542 274 1821 336 ἀλλοδαπῆς
1847 274 1922 323 καὶ

335 358 423 421 γῆς
467 348 765 422 ἀλλοφύλων
808 358 890 419 τῆς
932 356 1263 418 δαιμονιώδους
1304 356 1499 420 ἀπάτης,
1541 354 1816 418 ἀνεκόμισεν
1861 359 1923 408 εἷς

335 438 645 502 θεογνωσίαν,
682 439 756 488 καὶ
791 440 853 492 εἷς
891 436 977 501 τὴν
1015 442 1109 488 τῶν
1148 438 1296 503 ἁγίων
1335 439 1637 500 καλλίπολιν,
1664 435 1749 501 τὴν
1784 437 1924 502 ἁγίαν

335 526 524 587 ἀληθῶς
561 523 893 590 Ἰερουσαλὴμ,
935 525 1034 589 ἥτις
1075 526 1206 575 ἐστὶν
1249 525 1277 589 ἡ
1317 525 1599 588 Ἐκκλησία.
1667 523 1743 574 διὰ
1783 529 1923 574 τοῦτο

333 612 651 674 στεφανοῦται
691 605 810 673 πρὸς
848 608 980 671 ἡμῶν
1018 608 1134 674 ὀρθῇ
1176 609 1251 658 καὶ
1289 606 1594 676 ἀνεπιλήπτῳ
1632 607 1805 665 πίστει,
1845 629 1919 656 και

332 694 428 742 τοῖς
455 693 517 743 εἷς
543 690 711 755 ἀρετὴν
737 689 1025 756 αὐχήμασιν,
1057 691 1214 753 ὕμνοις
1245 713 1294 741 τε
1325 694 1420 743 τοῖς
1447 690 1782 757 χαριστηριόις.
1845 691 1920 739 καὶ

292 793 312 819 e
331 775 373 823 οἱ
408 771 494 835 μὲν
529 772 583 822 τὸ
618 770 833 836 τηνικάδε
872 771 1082 842 στὶφανσι
1110 777 1273 840 χρυσοῖ
1297 795 1347 823 τε
1373 770 1500 836 ἦσαν
1526 773 1599 822 καὶ
1627 775 1817 840 ἀργυροῖ,
1845 773 1919 821 καὶ

328 855 386 924 ἐξ
422 856 539 919 ὕλης
577 854 969 922 κατεσκευάζοντο
1007 858 1090 919 τῆς
1126 858 1356 923 φθαρτῆς·
1399 858 1440 906 οἱ
1476 855 1531 905 δέ
1559 877 1614 919 γε
1645 851 1763 920 πρὸς
1789 853 1919 917 ἡμῶν

325 936 643 1003 πεπλεγμένοι
681 961 732 989 τε
777 940 853 988 καὶ
895 938 1164 1002 ἀνημμένοι,
1213 938 1374 1004 γήϊνον
1414 937 1498 1001 μὲν
1539 937 1730 1004 ε”χουσιν
1774 935 1919 998 οὐδὲν,

326 1019 642 1071 συντέθεινται
678 1019 726 1072 δὲ
769 1024 960 1084 μᾶλλον
992 1022 1042 1071 ἐκ
1080 1023 1163 1084 τῆς
1196 1024 1263 1089 τῷ
1295 1021 1404 1089 Θεῷ
1443 1019 1717 1086 πρεπούσης
1756 1018 1913 1087 δόξης.

326 1104 601 1167 ἀνατίθεμεν
637 1103 731 1170 γὰρ
765 1106 828 1158 ὡς
862 1102 1020 1169 xpm-*ov
1058 1102 1143 1167 μὲν
1176 1105 1301 1172 αὐτῷ
1327 1107 1421 1154 τῶν
1444 1103 1548 1169 περὶ
1573 1102 1715 1152 αὐτοῦ
1742 1100 1918 1165 δογμά-

326 1208 421 1237 των
471 1185 557 1250 τὴν
608 1187 800 1250 ἀπλανῆ
846 1185 1060 1251 θεωρίαν·
1122 1188 1183 1239 ὡς
1227 1185 1405 1254 ἄργυρον
1445 1184 1493 1236 δὲ
1544 1184 1628 1248 τὴν
1673 1184 1729 1252 ἐξ
1768 1183 1919 1250 ἔργων

327 1270 520 1335 ἀγαθῶν
565 1269 855 1337 φαιδρότητα
898 1269 1081 1333 νοητήν.
1144 1269 1248 1319 ε”στι
1289 1268 1337 1319 δὲ
1378 1270 1452 1319 καὶ
1494 1266 1658 1333 ἑτέρως
1697 1265 1918 1335 στέφανός

327 1374 377 1402 τε
413 1353 488 1402 καὶ
527 1351 645 1420 δόξα
678 1356 894 1418 Χριστοῦ
933 1356 1027 1402 τῶν
1064 1350 1174 1418 παρ’
1211 1352 1353 1402 αὐτοῦ
1393 1349 1717 1413 σεσωσμένων
1755 1349 1783 1413 ἡ
1819 1371 1915 1398 σω-

284 1444 310 1485 (1
330 1435 479 1500 τηρία.
540 1434 789 1485 σε’σωσται
814 1434 861 1485 δὲ
888 1435 969 1485 οῦκ
996 1434 1127 1488 ε”θνος
1154 1433 1216 1495 ἓν,
1238 1433 1448 1499 καθάπερ
1475 1432 1637 1496 ἀμέλει
1665 1433 1739 1483 καὶ
1765 1430 1916 1483 πάλαι

329 1519 405 1571 διὰ
444 1520 689 1573 Μωυσέως
725 1521 749 1570 ὁ
784 1519 999 1585 Ἰσραὴλ,
1033 1521 1142 1569 ἀλλ’
1183 1519 1272 1583 ὅλη
1308 1517 1478 1570 λοιπὸν
1517 1519 1545 1582 ἡ
1587 1518 1660 1569 ὑπ’
1700 1515 1912 1583 οὐρανόν

328 1625 497 1668 επρεπε
537 1601 630 1668 γὰρ
669 1604 744 1652 καὶ
788 1608 927 1653 τοῦτο
970 1605 1037 1671 τῷ
1080 1606 1295 1670 Χριστῷ.
1363 1601 1493 1667 ἄθρει
1532 1599 1580 1651 δὲ
1624 1599 1749 1653 ὅπως
1787 1597 1916 1664 παρὰ

327 1710 406 1736 των
457 1688 671 1755 ἀρχόντων
728 1710 801 1745 της
848 1688 1184 1752 αἱχμαλωσιας
1238 1708 1314 1735 και
1365 1682 1496 1752 παρὰ
1558 1708 1636 1734 των
1697 1706 1917 1750 χρησιμων

328 1767 462 1827 αὐτης
510 1792 587 1818 κοιι
639 1792 719 1819 των
761 1790 1067 1832 επεγνωκοτων
1110 1790 1236 1826 αυτην
1281 1765 1340 1817 τά
1383 1790 1444 1819 εις
1487 1764 1572 1829 τὴν
1610 1769 1703 1815 τῶν
1742 1764 1916 1831 στεφοί-

329 1876 413 1904 νων
458 1852 751 1917 κατασκευὴν
795 1851 1206 1918 προσκομίζονται.
1275 1855 1317 1902 οἱ
1358 1849 1451 1917 γὰρ
1493 1854 1625 1901 λαῶν
1668 1847 1917 1915 ἡγούμενοι

328 1959 404 1987 και
455 1939 518 1989 εἰς
581 1935 730 2003 ἀρχας
791 1935 1040 1999 τεθειμενοι
1093 1957 1176 1987 τας
1228 1934 1420 1984 τοιασδε
1470 1932 1600 1999 παρὰ
1650 1936 1788 1995 Θεοῦ,
1841 1934 1917 1982 καὶ

329 2022 371 2070 οἱ
422 2018 505 2069 τὸν
558 2043 633 2079 της
687 2019 883 2086 ἀρχαιας
934 2018 1064 2081 ἡμῶν
1118 2019 1455 2084 αἱχμοιλωο-ιεις
1507 2016 1675 2068 εἰδότες
1720 2012 1912 2079 τρόπον,

330 2101 546 2171 χρήσιμοί
588 2124 636 2152 τε
690 2106 785 2154 τοῖς
842 2100 1230 2167 λελυτρωμένοις,
1285 2102 1347 2153 ὡς
1399 2100 1658 2164 καθηγηταὶ
1709 2120 1784 2148 και
1841 2099 1909 2147 δι-

291 2182 566 2234 οδάσκαλοι
617 2186 692 2234 καὶ
735 2187 962 2234 νουθετεῖν
1005 2183 1090 2233 οἵοι
1134 2205 1183 2233 τε
1226 2184 1300 2232 καὶ
1346 2180 1641 2246 ἀποκομίζειν
1684 2180 1733 2231 εὖ
1782 2179 1915 2243 μάλα

1907 607 1917 620 “
1941 614 1962 652 5

1942 1038 1989 1063 10

1939 1869 1987 1894 20

330 2265 447 2332 πρὸς
490 2265 815 2329 ἐννομωτάτην
858 2264 996 2332 ζωὴν,
1052 2266 1180 2315 αὐτοὶ
1223 2263 1282 2314 τὰ
1325 2263 1439 2330 ὑπὲρ
1488 2263 1678 2315 πάντων
1726 2260 1910 2328 προσά-
1936 2279 1983 2316 25

330 2373 472 2416 γουσι
506 2353 648 2416 δῶρα,
684 2348 742 2400 τὰ
777 2353 871 2399 τῶν
906 2348 1148 2399 ἀδυνάτων
1186 2347 1492 2411 ἀσθενήματα
1529 2351 1818 2414 πληροῦντες
1857 2345 1912 2395 δι’

332 2455 524 2484 ΕαυΤωΙΙ.

383 2606 413 2628 1.
440 2593 641 2637 ἐξείλατοΟ
638 2616 653 2628 ι.
672 2593 823 2638 ἐξείλετο
842 2593 934 2628 Edd.
1138 2606 1166 2626 2.
1194 2595 1255 2638 γῆς
1275 2592 1315 2627 C.
1332 2593 1389 2636 τῆς
1408 2591 1450 2626 Β.
1469 2590 1560 2625 Edd.
1609 2590 1806 2634 ἀνεκόμισεν
1824 2588 1864 2622 Β.
1871 2588 1911 2623 C.

331 2641 573 2682 ἆνιικεκόμισεν
596 2642 676 2686 (sic)
698 2641 797 2675 Pont.
817 2641 1052 2684 ἀνακεκόμικεν
1070 2641 1218 2674 correxit
1235 2639 1330 2673 Aub.
1697 2649 1730 2679 4.
1757 2651 1785 2669 ει
1801 2650 1851 2670 τις
1870 2636 1911 2669 C.

333 2688 352 2731 ἡ
370 2700 440 2721 orn.
457 2688 498 2723 C.
780 2699 812 2733 5.
839 2687 1054 2734 ἀνεπιλήπτῳ
1073 2687 1113 2721 C.
1131 2687 1366 2731 ἀνεπιπλήκτῳ
1385 2684 1477 2720 Edd.
1746 2691 1777 2727 7.
1804 2684 1850 2729 τῷ
1870 2682 1912 2716 C.

334 2747 366 2780 9.
393 2735 546 2778 ἀνημὲνοι
565 2734 653 2780 (sic)
673 2734 764 2769 Edd.
783 2741 861 2768 ante
881 2735 1015 2779 Migne.
1488 2742 1540 2765 11.
1565 2730 1738 2773 ἀντίθεμεν
1754 2729 1813 2763 iid.
1833 2737 1913 2763 ante

335 2782 469 2826 Migne.
489 2783 622 2816 correxi
639 2795 680 2816 ex
701 2782 741 2816 Ο.
806 2783 850 2818 ὡς
865 2783 998 2827 χρυσὸν
1014 2782 1075 2825 μὲν
1091 2781 1178 2826 αὐτῷ
1205 2780 1271 2814 hoc
1296 2778 1416 2813 ordine
1436 2777 1475 2812 Ο.
1494 2778 1583 2824 αὐτῷ
1601 2783 1680 2810 ante
1697 2777 1741 2811 ὡς
1758 2783 1799 2810 tr.
1819 2775 1911 2810 Edd.

338 2839 390 2872 13.
417 2828 529 2872 ἕτερος
548 2829 588 2864 Ο.
919 2841 972 2870 14.
997 2843 1031 2862 τε
1050 2840 1119 2862 orn.
1139 2828 1180 2861 Ο.
1544 2835 1596 2870 15.
1621 2824 1657 2858 δέ
1678 2823 1718 2857 Ο.
1736 2824 1801 2869 γὰρ
1820 2822 1912 2857 Edd.

339 2876 390 2908 16.
419 2875 436 2918 ἡ
456 2875 574 2909 deest
568 2888 603 2909 m
624 2876 652 2910 E
657 2875 715 2909 dd.
990 2884 1041 2920 17.
1067 2877 1113 2921 τῷ
1132 2886 1200 2907 orn.
1221 2873 1261 2907 C.
1280 2872 1385 2906 habet
1404 2872 1450 2905 D.
1735 2872 1787 2904 18.
1816 2870 1912 2904 Haec

334 2921 607 2966 ἀρχόντων-καὶ
625 2923 715 2967 παρὰ
732 2927 798 2957 τῶν
815 2934 970 2957 accesse1
973 2929 1035 2956 unt
1053 2934 1093 2955 ex
1095 2910 1154 2955 Ο.
1174 2919 1324 2954 desunt
1318 2931 1354 2952 m
1372 2919 1418 2952 D
1669 2930 1722 2960 24.
1752 2917 1830 2952 Hoc
1849 2914 1912 2950 οἷοι

334 2982 370 3001 τε
388 2970 530 3002 accessit
549 2982 589 3003 ex
610 2970 650 3003 C.
875 2980 927 3014 2·5
952 2970 1085 3003 πάντων
1103 2968 1144 3002 C.
1162 2967 1218 3001 ἁπ.
1238 2965 1329 3001 Edd.
