2007 3366
65 533 188 564 Threni

66 578 108 609 iv.
130 587 142 609 1
149 588 180 610 ο.

292 166 345 205 76
685 168 734 208 B.
773 168 1045 209 CYRILLI
1086 168 1469 211 ALEXANDR.
1774 169 1801 209 i.
1821 170 1861 208 6.

287 276 584 342 προσβολὰς,
612 277 683 331 αἶς
718 279 801 329 οὐκ
834 277 1024 344 ἀπόχρη
1061 283 1152 332 πᾶς
1191 279 1349 346 λόγος,
1376 285 1413 332 εἰ
1447 280 1503 345 δὴ
1536 278 1759 341 βούλοιτό
1793 302 1863 333 τις

288 358 467 410 ἕκαστα
493 361 797 426 διατρανοῦν;
837 361 1111 426 ἐμπρησμοί
1140 384 1188 412 τε
1213 361 1306 429 γὰρ
1332 362 1563 429 γεγόνασι
1589 364 1662 414 καὶ
1688 364 1855 428 ἀνδρο-

289 441 490 504 κτασίαι,
530 441 605 492 καὶ
647 446 877 508 γυναικῶν
925 442 1091 511 ἕλξεις,
1135 446 1210 494 καὶ
1251 446 1425 509 νηπίων
1469 449 1530 500 εἰς
1574 448 1664 511 γῆν
1701 467 1857 511 προσ-

286 522 519 588 ρήγματα,
558 526 634 574 καὶ
675 522 703 591 ᾗ
745 526 896 592 φησὶν
935 526 959 575 ὁ
998 524 1245 594 προφήτης
1282 527 1503 593 Ἱερεμίας
1541 531 1748 594 ((Χεῖρες
1779 550 1862 592 γυ-

287 613 314 634 “
341 610 510 657 ναικῶν
547 604 851 672 οἱκτιρμόνων
885 608 1080 675 ἕψησαν
1114 608 1172 659 τὰ
1207 610 1368 660 παιδία
1405 610 1619 662 ἑαυτῶν.”
1684 609 1859 675 πεπόρ-
1883 623 1905 661 5

287 694 452 752 θηνται
495 687 543 740 δὲ
592 691 668 740 καὶ
716 689 833 740 αὐτὰ
882 689 942 741 τὰ
985 689 1110 757 ἅγια,
1155 693 1230 742 καὶ
1272 696 1366 743 τῶν
1410 696 1472 746 εἰς
1521 692 1662 761 λῆξιν
1710 696 1864 743 κακῶν

241 780 267 820 d
288 772 496 836 ἡκόντων
533 776 628 826 τοῖς·
665 772 858 824 ἑλοῦσιν
896 773 1254 838 ἀνεπιτήδευτον
1285 772 1343 838 ἧν
1381 774 1526 826 οὐδέν.
1592 775 1772 826 ἄπιστα
1807 774 1864 838 δὴ

243 1556 264 1589 6

66 2185 148 2219 523
167 2184 214 2218 A.
245 2195 262 2217 ει

286 855 367 905 οὖν
405 856 480 905 καὶ
518 853 615 905 οἷον
645 856 850 906 ἀπίθανα
882 855 1000 922 πρὸς
1034 856 1261 926 ἐξήγησιν
1293 859 1346 908 δι’
1377 857 1644 924 ὑπερβολὴν
1670 856 1858 922 ὠμότη-

285 960 363 990 τος
397 939 480 1001 τῆς
513 941 608 988 τῶν
645 937 951 1005 δεδρακότων.
1019 939 1240 1008 ταύτῃτοί
1279 944 1430 1009 φησιν
1473 941 1509 992 ἐν
1550 943 1651 996 ταῖς
1687 938 1864 1009 ἡμέραις

286 1021 438 1070 αὐτῶν
463 1019 577 1090 ἔργον
603 1021 898 1088 ἐργάσασθαι
921 1024 940 1074 ’ὂ
970 1026 1013 1074 οὐ
1039 1021 1099 1091 μὴ
1127 1023 1452 1087 πιστεύσωσιν,
1471 1027 1508 1074 εἰ
1534 1021 1590 1087 δή
1618 1047 1684 1078 τις
1710 1023 1864 1076 αὐτοῖς
1889 1042 1935 1067 10

286 1103 555 1172 ἐκδιηγεῖται
581 1105 740 1174 τυχόν.
807 1107 948 1158 εἰπὼν
985 1107 1032 1159 δὲ
1067 1107 1120 1159 τὸ
1152 1108 1189 1159 ἐν
1223 1111 1322 1164 ταῖς
1357 1108 1532 1178 ἡμέραις
1567 1107 1695 1177 ὑμῶν,
1722 1108 1865 1176 ἐφῆκε

286 1193 417 1251 νοεῖν,
458 1190 520 1242 ὡς
565 1189 619 1239 οὐ
656 1188 833 1255 μακρὸς
877 1189 1053 1259 μεταξὺ
1092 1191 1352 1242 διιππεύσει
1391 1190 1575 1258 χρόνος”
1617 1189 1728 1241 ἀλλ’
1768 1189 1866 1241 οἷον

285 1271 537 1339 ἀγχίθυρος
582 1273 658 1322 καὶ
701 1271 834 1326 εὐθὺς
884 1274 958 1323 καὶ
1003 1274 1170 1337 γείτων
1214 1274 1239 1323 ὁ
1283 1273 1502 1337 πόλεμος,
1548 1275 1624 1324 καὶ
1669 1273 1752 1324 οὐκ
1802 1277 1866 1327 εἰς

285 1353 467 1422 μακρὰν
505 1354 533 1418 ἡ
571 1355 687 1417 δίκη.

286 1553 398 1594 Διότι
436 1551 525 1595 ἰδοὺ
563 1555 648 1602 {sch
685 1556 871 1613 ὲΞεῐ-ερώ
908 1557 1005 1598 τοὺς
1044 1557 1281 1598 Χαλδαίους
1319 1558 1416 1598 τοὺς
1450 1556 1641 1613 μαχΗτὰς
1667 1557 1715 1598 τὸ
1741 1557 1862 1598 ἔθνος
1889 1570 1935 1608 15

353 1636 400 1678 τὸ
437 1639 604 1693 ταχινὸν
644 1639 710 1679 καὶ
749 1641 796 1681 τὸ
834 1640 997 1696 Πικρὸν,
1025 1640 1071 1682 τὸ
1110 1641 1400 1697 Πορευόμενον
1426 1641 1494 1682 ἐπὶ
1531 1641 1580 1682 τά
1620 1641 1760 1682 ΠλάτΗ
1787 1643 1863 1682 τῆς

353 1725 439 1773 Γῖιε,
465 1725 537 1763 τοῦ
562 1727 994 1780 κατακλΗρονομΡισαι
1022 1724 1281 1773 σκΗνώματα
1309 1725 1383 1765 οὐκ
1411 1725 1551 1766 αὐτοῦ.

357 1836 422 1885 Τι’
458 1834 512 1886 τὸ
551 1836 910 1900 ἀπιστούμενον,
958 1842 994 1889 εἰ
1045 1838 1102 1902 δὴ
1153 1842 1351 1889 λαλοῖτο
1401 1836 1619 1902 διήγημα,
1666 1836 1865 1904 δέδειχεν

284 1917 429 1972 εὐθύς.
493 1918 722 1983 ἠπείλησε
758 1919 851 1986 γὰρ
883 1921 1147 1988 ἐπαφήσειν
1181 1921 1334 1974 αὐτοῖς
1373 1919 1480 1973 τοὺς
1516 1919 1863 1982 Βαβυλωνίους,

283 1998 337 2049 τὸ
376 1999 581 2068 μάχιμόν
612 2024 662 2052 τε
701 2005 775 2052 καὶ
814 2003 1104 2069 ἀγριώτατον
1141 2003 1285 2069 γένος,
1315 2005 1390 2053 καὶ
1427 2007 1523 2056 τοῖς
1560 2006 1654 2053 τῶν
1693 2001 1864 2068 θηρίων
1885 2026 1934 2051 20

284 2083 525 2147 ἀνημέροις
560 2084 658 2134 κατ’
688 2084 851 2135 οὐδένα
885 2084 1060 2150 τρόπον
1087 2089 1148 2139 εἷς
1185 2084 1404 2149 ὠμότητα
1427 2090 1759 2152 παραχωροῦν,
1789 2086 1865 2135 καὶ

284 2165 350 2215 ἐπ’
398 2165 612 2231 ἀκράτοις
656 2167 724 2216 ἀεὶ
768 2168 951 2230 μανίαις
993 2167 1396 2233 κατεγνωσμένον·
1438 2166 1612 2230 ταχινῦν
1650 2164 1699 2216 δὲ
1739 2165 1861 2217 ὠνό-

284 2270 450 2310 μασεν,
493 2248 684 2299 ἱππόται
726 2247 818 2314 γὰρ
864 2250 925 2302 ὡς
967 2250 1150 2300 ἐπίπαν·
1211 2248 1359 2318 πικρόν
1405 2248 1452 2299 δὲ
1496 2248 1566 2299 ὅτι
1610 2247 1746 2315 δριμὺ
1787 2250 1864 2299 καὶ

283 2330 596 2397 παγχάλεπον
621 2332 696 2381 καὶ
731 2332 812 2381 οὐκ
847 2329 1145 2397 ἀπάνουργον
1171 2335 1233 2385 εἷς
1264 2331 1323 2382 τὰ
1349 2330 1554 2393 τακτικὰ,
1580 2335 1863 2397 στρατηγεῖν

285 2410 331 2461 δὲ
359 2413 531 2477 ἄριστα
556 2411 882 2477 μεμελετηκός.
948 2413 1081 2479 ῥώμη
1112 2413 1160 2465 δὲ
1191 2413 1421 2482 φρονήσει
1453 2412 1722 2464 συνθέουσα
1745 2412 1862 2480 πρὸς
1883 2439 1930 2476 25

334 2577 363 2600 1.
389 2567 591 2611 προσβολας
610 2567 652 2601 Β.
671 2569 854 2612 συμφορας
873 2568 917 2601 D.
938 2568 1031 2602 Edd.
1359 2579 1392 2612 3.
1420 2567 1472 2601 καὶ
1490 2565 1603 2612 prius]
1628 2571 1664 2608 -4-
1684 2568 1750 2613 γὰρ
1769 2568 1862 2604 Edd.

284 2613 427 2657 γιναίων
446 2614 491 2647 Ι).
539 2629 814 2660 προσερειγματα
832 2614 890 2648 iid.
1255 2624 1286 2659 5.
1311 2613 1443 2659 παιδία]
1462 2613 1559 2647 τέκνα
1581 2614 1625 2648 D.
1674 2616 1798 2649 ἑαυτῶν
1818 2615 1861 2650 Β.

285 2661 355 2699 (22.
374 2661 417 2694 al.
424 2662 434 2704 )
453 2661 561 2695 αὐτῶν
579 2662 625 2696 D.
645 2661 736 2696 Edd.
786 2661 994 2706 πεπόρθηται
1015 2662 1060 2697 D.
1250 2662 1282 2696 6.
1308 2665 1414 2695 κακῶν
1432 2660 1574 2704 ἡκόντων
1591 2661 1657 2695 hoc
1675 2661 1796 2696 ordine
1815 2662 1861 2697 D.

286 2705 430 2748 ἡκόντων
446 2720 517 2742 om.
538 2708 579 2742 B.
711 2718 743 2754 7.
768 2710 838 2744 τοῖς
855 2710 994 2743 ἑλοῦσιν
1012 2708 1124 2754 post
1106 2724 1146 2753 ην
1162 2714 1294 2753 transp.
1313 2708 1358 2741 D.
1493 2719 1545 2742 10.
1572 2708 1684 2744 αὐτοῖς
1701 2708 1747 2742 D.
1768 2709 1860 2744 Edd.

285 2753 366 2786 αἰτὸ
385 2754 426 2788 Β.
446 2755 620 2789 Neutrum
637 2755 741 2789 habet
758 2755 792 2790 b.
954 2767 1007 2790 11.
1033 2757 1219 2802 εκδιηγοῖτο
1238 2755 1284 2789 D.
1332 2755 1370 2788 τὸ
1388 2766 1458 2788 om.
1478 2754 1520 2788 B.
1533 2754 1567 2789 b.
1729 2766 1781 2800 13.
1807 2757 1862 2790 καὶ

285 2800 405 2844 γείτων
421 2815 473 2834 και
491 2802 610 2838 εὐθυς
603 2814 673 2837 lnv.
692 2802 767 2836 01·.d
788 2803 834 2837 D.
1136 2812 1189 2847 Ι“’.
1215 2802 1359 2847 ἐξεγερῶ
1379 2801 1419 2836 ss.
1426 2802 1471 2835 D.
1491 2801 1567 2846 (62,
1585 2801 1641 2842 86,
1664 2810 1740 2845 147,
1762 2802 1860 2847 153.)

286 2846 363 2881 τοὺς
379 2848 528 2891 μαχητὰς
545 2856 763 2883 accesserunt
781 2861 822 2883 ex
842 2849 882 2883 B.
889 2849 934 2883 D.
955 2849 1069 2893 (Alex.
1088 2849 1191 2891 XII.)
1463 2849 1515 2882 16.
1542 2850 1579 2883 τὸ
1597 2849 1732 2893 ταχινὸν
1749 2862 1802 2882 και
1820 2851 1859 2882 τὸ

284 2893 404 2936 πικρὸν
423 2893 488 2927 hoc
505 2895 626 2930 ordine
644 2896 685 2930 B.
691 2896 737 2931 D.
757 2897 872 2939 (Alex.
879 2898 890 2939 )
939 2897 977 2930 τὸ
996 2896 1190 2930 secundum
1207 2907 1276 2929 om.
1299 2895 1343 2929 D.
1528 2896 1580 2929 18.
1605 2897 1746 2929 λαλοῐτο
1765 2895 1806 2928 Β.
1812 2895 1859 2930 D.

285 2941 400 2973 λαλῶν
416 2941 454 2973 τὸ
473 2940 563 2974 Edd.
811 2954 864 2977 20.
892 2942 946 2988 τὸ]
972 2947 1006 2983 -Ι-
1028 2943 1122 2978 ἔθνος
1139 2944 1176 2976 τὺ
1196 2943 1240 2977 D.
1478 2952 1531 2986 23.
1559 2942 1609 2976 ὅτι
1629 2942 1675 2977 D.
1693 2956 1745 2976 και
1765 2941 1857 2977 Edd.

288 2997 341 3028 24.
368 2987 405 3019 τὸ
422 2988 573 3021 τακτικὸν
590 2988 648 3023 iid.
