<?xml version="1.0" encoding="UTF-8"?>
<!DOCTYPE html PUBLIC "-//W3C//DTD XHTML 1.0 Transitional//EN"
    "http://www.w3.org/TR/xhtml1/DTD/xhtml1-transitional.dtd">
<html xmlns="http://www.w3.org/1999/xhtml" xml:lang="en" lang="en">
 <head>
  <title>
</title>
<meta http-equiv="Content-Type" content="text/html;charset=utf-8" />
  <meta name='ocr-system' content='tesseract 3.04.00' />
  <meta name='ocr-capabilities' content='ocr_page ocr_carea ocr_par ocr_line ocrx_word'/>
</head>
<body>
  <div class='ocr_page' id='page_1' title='image "./operacyrilli02cyriuoft/operacyrilli02cyriuoft_0144.png"; bbox 0 0 2033 3381; ppageno 0'>
   <div class='ocr_carea' id='block_1_1' title="bbox 90 433 248 472">
    <p class='ocr_par' dir='ltr' id='par_1_1' title="bbox 90 433 248 472">
     <span class='ocr_line' id='line_1_1' title="bbox 90 433 248 472; baseline -0.006 -8"><span class='ocrx_word' id='word_1_1' title='bbox 90 433 162 464; x_wconf 76' lang='lat' dir='ltr'><strong>Jos.</strong></span> <span class='ocrx_word' id='word_1_2' title='bbox 174 443 205 463; x_wconf 91' lang='lat' dir='ltr'>v.</span> <span class='ocrx_word' id='word_1_3' title='bbox 218 441 248 472; x_wconf 86' lang='lat'>3.</span> 
     </span>
    </p>
   </div>
   <div class='ocr_carea' id='block_1_2' title="bbox 118 2060 171 2089">
    <p class='ocr_par' dir='ltr' id='par_1_2' title="bbox 118 2060 171 2089">
     <span class='ocr_line' id='line_1_2' title="bbox 118 2060 171 2089; baseline -0.019 0"><span class='ocrx_word' id='word_1_4' title='bbox 118 2060 171 2089; x_wconf 69' lang='lat' dir='ltr'><strong>l‘s.</strong></span> 
     </span>
    </p>
   </div>
   <div class='ocr_carea' id='block_1_3' title="bbox 118 2103 275 2134">
    <p class='ocr_par' dir='ltr' id='par_1_3' title="bbox 118 2103 275 2134">
     <span class='ocr_line' id='line_1_3' title="bbox 118 2103 275 2134; baseline -0.006 0"><span class='ocrx_word' id='word_1_5' title='bbox 118 2103 226 2134; x_wconf 71' lang='lat' dir='ltr'><strong>xcviii.</strong></span> <span class='ocrx_word' id='word_1_6' title='bbox 251 2112 275 2133; x_wconf 87' lang='grc' dir='ltr'>ι.</span> 
     </span>
    </p>
   </div>
   <div class='ocr_carea' id='block_1_4' title="bbox 313 192 1887 257">
    <p class='ocr_par' dir='ltr' id='par_1_4' title="bbox 313 192 1887 257">
     <span class='ocr_line' id='line_1_4' title="bbox 313 192 1887 257; baseline -0.017 0"><span class='ocrx_word' id='word_1_7' title='bbox 313 217 395 257; x_wconf 89' lang='grc'>136</span> <span class='ocrx_word' id='word_1_8' title='bbox 706 213 754 252; x_wconf 90' lang='lat' dir='ltr'>B.</span> <span class='ocrx_word' id='word_1_9' title='bbox 793 205 1071 251; x_wconf 88' lang='lat' dir='ltr'>CYRILLI</span> <span class='ocrx_word' id='word_1_10' title='bbox 1117 199 1495 245; x_wconf 85' lang='lat' dir='ltr'><strong>ALEXANDR.</strong></span> <span class='ocrx_word' id='word_1_11' title='bbox 1770 192 1826 233; x_wconf 82' lang='lat' dir='ltr'><strong>iii.</strong></span> <span class='ocrx_word' id='word_1_12' title='bbox 1850 192 1887 230; x_wconf 92' lang='lat'>6.</span> 
     </span>
    </p>
   </div>
   <div class='ocr_carea' id='block_1_5' title="bbox 270 304 1940 2375">
    <p class='ocr_par' dir='ltr' id='par_1_5' title="bbox 313 304 1896 560">
     <span class='ocr_line' id='line_1_5' title="bbox 313 304 1892 392; baseline -0.018 -12"><span class='ocrx_word' id='word_1_13' title='bbox 313 330 430 392; x_wconf 83' lang='grc' dir='ltr'>αὕτη</span> <span class='ocrx_word' id='word_1_14' title='bbox 458 326 511 379; x_wconf 91' lang='grc' dir='ltr'>δε</span> <span class='ocrx_word' id='word_1_15' title='bbox 539 327 642 377; x_wconf 87' lang='grc' dir='ltr'>ἐστι</span> <span class='ocrx_word' id='word_1_16' title='bbox 675 322 730 374; x_wconf 81' lang='grc' dir='ltr'>τὸ</span> <span class='ocrx_word' id='word_1_17' title='bbox 769 326 953 383; x_wconf 85' lang='grc' dir='ltr'>πνεῦμα</span> <span class='ocrx_word' id='word_1_18' title='bbox 987 323 1070 369; x_wconf 87' lang='grc' dir='ltr'>τοῦ</span> <span class='ocrx_word' id='word_1_19' title='bbox 1103 319 1335 381; x_wconf 85' lang='grc' dir='ltr'>Χριστοῦ,</span> <span class='ocrx_word' id='word_1_20' title='bbox 1362 310 1573 375; x_wconf 86' lang='grc' dir='ltr'>καθάπερ</span> <span class='ocrx_word' id='word_1_21' title='bbox 1612 304 1776 370; x_wconf 76' lang='grc' dir='ltr'>ἀμέλει</span> <span class='ocrx_word' id='word_1_22' title='bbox 1816 305 1892 354; x_wconf 84' lang='grc' dir='ltr'>καὶ</span> 
     </span>
     <span class='ocr_line' id='line_1_6' title="bbox 313 385 1894 475; baseline -0.016 -11.728"><span class='ocrx_word' id='word_1_23' title='bbox 313 410 538 475; x_wconf 90' lang='grc' dir='ltr'>Ἰησους</span> <span class='ocrx_word' id='word_1_24' title='bbox 520 433 545 460; x_wconf 94' lang='grc' dir='ltr'>ο</span> <span class='ocrx_word' id='word_1_25' title='bbox 571 404 689 472; x_wconf 80' lang='grc' dir='ltr'>μετὰ</span> <span class='ocrx_word' id='word_1_26' title='bbox 715 402 931 455; x_wconf 89' lang='grc' dir='ltr'>Μωυσεα</span> <span class='ocrx_word' id='word_1_27' title='bbox 957 396 1247 461; x_wconf 81' lang='grc' dir='ltr'>διαβιβάσας</span> <span class='ocrx_word' id='word_1_28' title='bbox 1272 395 1354 447; x_wconf 84' lang='grc' dir='ltr'>τὸν</span> <span class='ocrx_word' id='word_1_29' title='bbox 1369 389 1614 460; x_wconf 81' lang='grc' dir='ltr'>Ἰορδάνην</span> <span class='ocrx_word' id='word_1_30' title='bbox 1639 386 1744 441; x_wconf 79' lang='grc' dir='ltr'>τοὺς</span> <span class='ocrx_word' id='word_1_31' title='bbox 1771 385 1894 438; x_wconf 81' lang='grc' dir='ltr'>υιοὺς</span> 
     </span>
     <span class='ocr_line' id='line_1_7' title="bbox 313 469 1896 560; baseline -0.015 -15.724"><span class='ocrx_word' id='word_1_32' title='bbox 313 491 515 560; x_wconf 90' lang='grc' dir='ltr'>Ἰσραὴλ</span> <span class='ocrx_word' id='word_1_33' title='bbox 546 509 795 556; x_wconf 87' lang='grc' dir='ltr'>μαχαιραις</span> <span class='ocrx_word' id='word_1_34' title='bbox 821 485 1054 550; x_wconf 80' lang='grc' dir='ltr'>πετρίναις</span> <span class='ocrx_word' id='word_1_35' title='bbox 1085 478 1381 547; x_wconf 82' lang='grc' dir='ltr'>προστέταχε</span> <span class='ocrx_word' id='word_1_36' title='bbox 1411 473 1785 541; x_wconf 78' lang='grc' dir='ltr'>περιτέμνεσθαι,</span> <span class='ocrx_word' id='word_1_37' title='bbox 1813 469 1896 530; x_wconf 83' lang='grc' dir='ltr'>τῆς</span> 
     </span>
    </p>

    <p class='ocr_par' dir='ltr' id='par_1_6' title="bbox 270 548 1898 887">
     <span class='ocr_line' id='line_1_8' title="bbox 270 548 1898 636; baseline -0.018 -8"><span class='ocrx_word' id='word_1_38' title='bbox 270 578 363 627; x_wconf 77' lang='lat' dir='ltr'>be&#39;v</span> <span class='ocrx_word' id='word_1_39' title='bbox 400 572 627 636; x_wconf 83' lang='grc' dir='ltr'>πνεύματι</span> <span class='ocrx_word' id='word_1_40' title='bbox 664 569 916 636; x_wconf 83' lang='grc' dir='ltr'>περιτομῆς</span> <span class='ocrx_word' id='word_1_41' title='bbox 955 566 1248 628; x_wconf 82' lang='grc' dir='ltr'>ἀποπληρῶν</span> <span class='ocrx_word' id='word_1_42' title='bbox 1285 583 1367 611; x_wconf 93' lang='grc' dir='ltr'>τον</span> <span class='ocrx_word' id='word_1_43' title='bbox 1398 558 1560 609; x_wconf 85' lang='grc' dir='ltr'>τύπον.</span> <span class='ocrx_word' id='word_1_44' title='bbox 1613 552 1775 617; x_wconf 82' lang='grc' dir='ltr'>ὥσπερ</span> <span class='ocrx_word' id='word_1_45' title='bbox 1804 548 1898 615; x_wconf 83' lang='grc' dir='ltr'>γὰρ</span> 
     </span>
     <span class='ocr_line' id='line_1_9' title="bbox 318 629 1940 720; baseline -0.018 -11"><span class='ocrx_word' id='word_1_46' title='bbox 318 656 589 720; x_wconf 87' lang='grc' dir='ltr'>ὠνόμασται</span> <span class='ocrx_word' id='word_1_47' title='bbox 623 652 772 718; x_wconf 87' lang='grc' dir='ltr'>πέτρα</span> <span class='ocrx_word' id='word_1_48' title='bbox 806 651 831 702; x_wconf 87' lang='grc' dir='ltr'><strong>ὁ</strong></span> <span class='ocrx_word' id='word_1_49' title='bbox 865 645 1099 714; x_wconf 83' lang='grc' dir='ltr'>Χριστὸς,</span> <span class='ocrx_word' id='word_1_50' title='bbox 1134 645 1255 695; x_wconf 82' lang='grc' dir='ltr'>οὕτω</span> <span class='ocrx_word' id='word_1_51' title='bbox 1294 665 1369 693; x_wconf 91' lang='grc' dir='ltr'>και</span> <span class='ocrx_word' id='word_1_52' title='bbox 1407 642 1654 708; x_wconf 79' lang='grc' dir='ltr'>ψῆφος,η</span> <span class='ocrx_word' id='word_1_53' title='bbox 1625 636 1772 702; x_wconf 86' lang='grc' dir='ltr'>ἠγουν</span> <span class='ocrx_word' id='word_1_54' title='bbox 1809 629 1940 697; x_wconf 70' lang='grc' dir='ltr'>μοί-5</span> 
     </span>
     <span class='ocr_line' id='line_1_10' title="bbox 319 720 1895 838; baseline -0.017 -46"><span class='ocrx_word' id='word_1_55' title='bbox 319 762 459 838; x_wconf 84' lang='grc' dir='ltr'>χαιρα</span> <span class='ocrx_word' id='word_1_56' title='bbox 481 737 689 803; x_wconf 89' lang='grc' dir='ltr'>πετρίνη,</span> <span class='ocrx_word' id='word_1_57' title='bbox 714 733 768 785; x_wconf 85' lang='grc' dir='ltr'>τὸ</span> <span class='ocrx_word' id='word_1_58' title='bbox 797 736 992 794; x_wconf 87' lang='grc' dir='ltr'>Πνεῦμα</span> <span class='ocrx_word' id='word_1_59' title='bbox 1028 729 1183 780; x_wconf 79' lang='grc' dir='ltr'>αὐτοῦ.</span> <span class='ocrx_word' id='word_1_60' title='bbox 1242 726 1408 776; x_wconf 82' lang='grc' dir='ltr'>οὐκοῦν</span> <span class='ocrx_word' id='word_1_61' title='bbox 1444 745 1498 773; x_wconf 91' lang='grc' dir='ltr'>το</span> <span class='ocrx_word' id='word_1_62' title='bbox 1541 720 1640 780; x_wconf 76' lang='grc' dir='ltr'>ἕσ-τη</span> <span class='ocrx_word' id='word_1_63' title='bbox 1679 737 1895 779; x_wconf 88' lang='grc' dir='ltr'>καταση-</span> 
     </span>
     <span class='ocr_line' id='line_1_11' title="bbox 319 806 1421 887; baseline -0.017 -13"><span class='ocrx_word' id='word_1_64' title='bbox 319 844 469 887; x_wconf 89' lang='grc' dir='ltr'>μαινει</span> <span class='ocrx_word' id='word_1_65' title='bbox 491 817 726 872; x_wconf 78' lang='grc' dir='ltr'>πολλάκις</span> <span class='ocrx_word' id='word_1_66' title='bbox 751 839 826 867; x_wconf 89' lang='grc' dir='ltr'>και</span> <span class='ocrx_word' id='word_1_67' title='bbox 851 814 1128 882; x_wconf 83' lang='grc' dir='ltr'>πράγματος</span> <span class='ocrx_word' id='word_1_68' title='bbox 1153 806 1421 874; x_wconf 87' lang='grc' dir='ltr'>πλήρωσιν.</span> 
     </span>
    </p>

    <p class='ocr_par' dir='ltr' id='par_1_7' title="bbox 322 877 1907 1302">
     <span class='ocr_line' id='line_1_12' title="bbox 385 877 1903 964; baseline -0.018 -8.511"><span class='ocrx_word' id='word_1_69' title='bbox 385 903 528 963; x_wconf 76' lang='grc' dir='ltr'>’Ἔα-τη</span> <span class='ocrx_word' id='word_1_70' title='bbox 556 924 711 953; x_wconf 86' lang='grc' dir='ltr'>τοινυν</span> <span class='ocrx_word' id='word_1_71' title='bbox 739 900 763 949; x_wconf 86' lang='grc' dir='ltr'>ὁ</span> <span class='ocrx_word' id='word_1_72' title='bbox 789 894 1015 964; x_wconf 83' lang='grc' dir='ltr'>Χριστός·</span> <span class='ocrx_word' id='word_1_73' title='bbox 1049 890 1305 952; x_wconf 81' lang='grc' dir='ltr'>τουτέστιν,</span> <span class='ocrx_word' id='word_1_74' title='bbox 1332 892 1393 942; x_wconf 80' lang='grc' dir='ltr'>εἰς</span> <span class='ocrx_word' id='word_1_75' title='bbox 1427 885 1569 951; x_wconf 80' lang='grc' dir='ltr'>πέρας</span> <span class='ocrx_word' id='word_1_76' title='bbox 1597 881 1819 945; x_wconf 83' lang='grc' dir='ltr'>ἐκβεβηκε</span> <span class='ocrx_word' id='word_1_77' title='bbox 1844 877 1903 930; x_wconf 83' lang='grc' dir='ltr'>τὰ</span> 
     </span>
     <span class='ocr_line' id='line_1_13' title="bbox 322 965 1904 1054; baseline -0.018 -15"><span class='ocrx_word' id='word_1_78' title='bbox 322 1011 425 1054; x_wconf 91' lang='grc' dir='ltr'>περι</span> <span class='ocrx_word' id='word_1_79' title='bbox 453 987 609 1047; x_wconf 83' lang='grc' dir='ltr'>αὐτοῦ,</span> <span class='ocrx_word' id='word_1_80' title='bbox 630 1007 702 1034; x_wconf 87' lang='grc' dir='ltr'>και</span> <span class='ocrx_word' id='word_1_81' title='bbox 724 981 863 1051; x_wconf 82' lang='grc' dir='ltr'>ὤφθη</span> <span class='ocrx_word' id='word_1_82' title='bbox 884 983 978 1031; x_wconf 86' lang='grc' dir='ltr'>τοῖς</span> <span class='ocrx_word' id='word_1_83' title='bbox 997 978 1070 1028; x_wconf 87' lang='grc' dir='ltr'>ἐπι</span> <span class='ocrx_word' id='word_1_84' title='bbox 1090 977 1171 1038; x_wconf 84' lang='grc' dir='ltr'>τῆς</span> <span class='ocrx_word' id='word_1_85' title='bbox 1191 975 1291 1039; x_wconf 82' lang='grc' dir='ltr'>γῆς·</span> <span class='ocrx_word' id='word_1_86' title='bbox 1336 995 1412 1023; x_wconf 75' lang='grc' dir='ltr'>και</span> <span class='ocrx_word' id='word_1_87' title='bbox 1442 965 1687 1025; x_wconf 72' lang='grc' dir='ltr'>εσαλεόθη</span> <span class='ocrx_word' id='word_1_88' title='bbox 1669 991 1690 1025; x_wconf 84' lang='grc' dir='ltr'>η</span> <span class='ocrx_word' id='word_1_89' title='bbox 1709 988 1784 1030; x_wconf 76' lang='grc' dir='ltr'>γη.</span> <span class='ocrx_word' id='word_1_90' title='bbox 1826 987 1904 1028; x_wconf 64' lang='lat' dir='ltr'>‘yma</span> 
     </span>
     <span class='ocr_line' id='line_1_14' title="bbox 324 1048 1903 1139; baseline -0.018 -17"><span class='ocrx_word' id='word_1_91' title='bbox 324 1072 377 1122; x_wconf 90' lang='grc' dir='ltr'>δε</span> <span class='ocrx_word' id='word_1_92' title='bbox 401 1075 525 1139; x_wconf 87' lang='grc' dir='ltr'>φησι</span> <span class='ocrx_word' id='word_1_93' title='bbox 550 1067 657 1120; x_wconf 78' lang='grc' dir='ltr'>τοὺς</span> <span class='ocrx_word' id='word_1_94' title='bbox 682 1084 1009 1116; x_wconf 86' lang='grc' dir='ltr'>κατοικουντας</span> <span class='ocrx_word' id='word_1_95' title='bbox 1035 1083 1121 1123; x_wconf 86' lang='grc' dir='ltr'>την</span> <span class='ocrx_word' id='word_1_96' title='bbox 1152 1060 1259 1123; x_wconf 79' lang='grc' dir='ltr'>γῆν,</span> <span class='ocrx_word' id='word_1_97' title='bbox 1288 1079 1329 1106; x_wconf 91' lang='grc' dir='ltr'>οι</span> <span class='ocrx_word' id='word_1_98' title='bbox 1361 1077 1434 1104; x_wconf 90' lang='grc' dir='ltr'>και</span> <span class='ocrx_word' id='word_1_99' title='bbox 1463 1048 1785 1107; x_wconf 75' lang='grc' dir='ltr'>ἐσαλεύθησαν.</span> <span class='ocrx_word' id='word_1_100' title='bbox 1830 1067 1903 1094; x_wconf 87' lang='grc' dir='ltr'>και</span> 
     </span>
     <span class='ocr_line' id='line_1_15' title="bbox 324 1129 1907 1218; baseline -0.019 -13"><span class='ocrx_word' id='word_1_101' title='bbox 324 1177 428 1204; x_wconf 88' lang='grc' dir='ltr'>τινα</span> <span class='ocrx_word' id='word_1_102' title='bbox 454 1151 509 1217; x_wconf 88' lang='grc' dir='ltr'>δὴ</span> <span class='ocrx_word' id='word_1_103' title='bbox 533 1150 724 1218; x_wconf 86' lang='grc' dir='ltr'>τρόπον,</span> <span class='ocrx_word' id='word_1_104' title='bbox 746 1148 857 1215; x_wconf 79' lang='grc' dir='ltr'>φέρε</span> <span class='ocrx_word' id='word_1_105' title='bbox 884 1146 1096 1210; x_wconf 79' lang='grc' dir='ltr'>λέγωμεν</span> <span class='ocrx_word' id='word_1_106' title='bbox 1118 1143 1179 1194; x_wconf 86' lang='grc' dir='ltr'>ὡς</span> <span class='ocrx_word' id='word_1_107' title='bbox 1206 1140 1286 1189; x_wconf 87' lang='grc' dir='ltr'>ἐνι.</span> <span class='ocrx_word' id='word_1_108' title='bbox 1334 1161 1375 1187; x_wconf 88' lang='grc' dir='ltr'>οι</span> <span class='ocrx_word' id='word_1_109' title='bbox 1401 1134 1493 1201; x_wconf 81' lang='grc' dir='ltr'>γὰρ</span> <span class='ocrx_word' id='word_1_110' title='bbox 1518 1130 1670 1184; x_wconf 88' lang='grc' dir='ltr'>πάλαι</span> <span class='ocrx_word' id='word_1_111' title='bbox 1695 1129 1777 1179; x_wconf 85' lang='grc' dir='ltr'>τὸν</span> <span class='ocrx_word' id='word_1_112' title='bbox 1800 1149 1907 1177; x_wconf 86' lang='grc' dir='ltr'>νουν</span> 
     </span>
     <span class='ocr_line' id='line_1_16' title="bbox 328 1208 1904 1302; baseline -0.018 -15"><span class='ocrx_word' id='word_1_113' title='bbox 328 1235 424 1287; x_wconf 80' lang='grc' dir='ltr'>οἱον</span> <span class='ocrx_word' id='word_1_114' title='bbox 451 1233 741 1302; x_wconf 85' lang='grc' dir='ltr'>ἀκράδαντον</span> <span class='ocrx_word' id='word_1_115' title='bbox 767 1231 949 1297; x_wconf 71' lang='grc' dir='ltr'>ἔχοντες</span> <span class='ocrx_word' id='word_1_116' title='bbox 975 1230 1036 1280; x_wconf 80' lang='grc' dir='ltr'>εἰς</span> <span class='ocrx_word' id='word_1_117' title='bbox 1063 1223 1117 1275; x_wconf 83' lang='grc' dir='ltr'>τὸ</span> <span class='ocrx_word' id='word_1_118' title='bbox 1144 1221 1296 1274; x_wconf 87' lang='grc' dir='ltr'>θελειν</span> <span class='ocrx_word' id='word_1_119' title='bbox 1319 1216 1596 1286; x_wconf 76' lang='grc' dir='ltr'>ἐργάζεσθαι</span> <span class='ocrx_word' id='word_1_120' title='bbox 1622 1212 1680 1262; x_wconf 80' lang='grc' dir='ltr'>τὰ</span> <span class='ocrx_word' id='word_1_121' title='bbox 1703 1208 1904 1276; x_wconf 82' lang='grc' dir='ltr'>πονηρὰ,</span> 
     </span>
    </p>

    <p class='ocr_par' dir='ltr' id='par_1_8' title="bbox 290 1294 1920 2375">
     <span class='ocr_line' id='line_1_17' title="bbox 290 1294 1909 1384; baseline -0.018 -14"><span class='ocrx_word' id='word_1_122' title='bbox 290 1338 373 1369; x_wconf 74' lang='lat' dir='ltr'>coc</span> <span class='ocrx_word' id='word_1_123' title='bbox 411 1319 582 1384; x_wconf 82' lang='grc' dir='ltr'>ἑδραῖοι</span> <span class='ocrx_word' id='word_1_124' title='bbox 618 1337 736 1381; x_wconf 87' lang='grc' dir='ltr'>προς</span> <span class='ocrx_word' id='word_1_125' title='bbox 775 1310 1008 1372; x_wconf 78' lang='grc' dir='ltr'>ἀσεβείας,</span> <span class='ocrx_word' id='word_1_126' title='bbox 1040 1332 1080 1359; x_wconf 89' lang='grc' dir='ltr'>οι</span> <span class='ocrx_word' id='word_1_127' title='bbox 1115 1303 1376 1370; x_wconf 86' lang='grc' dir='ltr'>πεπηγότες</span> <span class='ocrx_word' id='word_1_128' title='bbox 1415 1305 1475 1353; x_wconf 83' lang='grc' dir='ltr'>εἷς</span> <span class='ocrx_word' id='word_1_129' title='bbox 1510 1294 1840 1367; x_wconf 87' lang='grc' dir='ltr'>φιλοσαρκιας,</span> <span class='ocrx_word' id='word_1_130' title='bbox 1867 1314 1909 1342; x_wconf 94' lang='grc' dir='ltr'>οι</span> 
     </span>
     <span class='ocr_line' id='line_1_18' title="bbox 330 1377 1905 1467; baseline -0.018 -16"><span class='ocrx_word' id='word_1_131' title='bbox 330 1397 649 1467; x_wconf 88' lang='grc' dir='ltr'>ἐρηρεισμενοι</span> <span class='ocrx_word' id='word_1_132' title='bbox 691 1395 808 1463; x_wconf 84' lang='grc' dir='ltr'>πρὸς</span> <span class='ocrx_word' id='word_1_133' title='bbox 851 1391 1114 1456; x_wconf 83' lang='grc' dir='ltr'>πλάνησιν,</span> <span class='ocrx_word' id='word_1_134' title='bbox 1154 1386 1470 1439; x_wconf 82' lang='grc' dir='ltr'>σεσάλευνται</span> <span class='ocrx_word' id='word_1_135' title='bbox 1514 1382 1589 1432; x_wconf 84' lang='grc' dir='ltr'>καὶ</span> <span class='ocrx_word' id='word_1_136' title='bbox 1630 1377 1905 1440; x_wconf 86' lang='grc' dir='ltr'>κεκίνηνται,</span> 
     </span>
     <span class='ocr_line' id='line_1_19' title="bbox 330 1459 1906 1547; baseline -0.016 -12"><span class='ocrx_word' id='word_1_137' title='bbox 330 1480 697 1547; x_wconf 82' lang='grc' dir='ltr'>μετατεθειμένοι</span> <span class='ocrx_word' id='word_1_138' title='bbox 742 1476 859 1543; x_wconf 82' lang='grc' dir='ltr'>πρὸς</span> <span class='ocrx_word' id='word_1_139' title='bbox 904 1473 1194 1540; x_wconf 84' lang='grc' dir='ltr'>θεογνωσιαν</span> <span class='ocrx_word' id='word_1_140' title='bbox 1236 1471 1310 1520; x_wconf 82' lang='grc' dir='ltr'>καὶ</span> <span class='ocrx_word' id='word_1_141' title='bbox 1354 1489 1472 1533; x_wconf 92' lang='grc' dir='ltr'>προς</span> <span class='ocrx_word' id='word_1_142' title='bbox 1520 1464 1685 1531; x_wconf 84' lang='grc' dir='ltr'>ε”φεσιν</span> <span class='ocrx_word' id='word_1_143' title='bbox 1727 1459 1906 1524; x_wconf 85' lang='grc' dir='ltr'>ἀρετῆς.</span> 
     </span>
     <span class='ocr_line' id='line_1_20' title="bbox 333 1540 1913 1629; baseline -0.019 -12"><span class='ocrx_word' id='word_1_144' title='bbox 333 1587 591 1629; x_wconf 90' lang='grc' dir='ltr'>κεκινηνται</span> <span class='ocrx_word' id='word_1_145' title='bbox 619 1561 665 1614; x_wconf 78' lang='grc' dir='ltr'>δὲ</span> <span class='ocrx_word' id='word_1_146' title='bbox 692 1561 861 1622; x_wconf 86' lang='grc' dir='ltr'>ὁμοίως</span> <span class='ocrx_word' id='word_1_147' title='bbox 886 1581 960 1609; x_wconf 90' lang='grc' dir='ltr'>και</span> <span class='ocrx_word' id='word_1_148' title='bbox 981 1559 1061 1620; x_wconf 84' lang='grc' dir='ltr'>τῆς</span> <span class='ocrx_word' id='word_1_149' title='bbox 1087 1553 1203 1605; x_wconf 80' lang='grc' dir='ltr'>κατὰ</span> <span class='ocrx_word' id='word_1_150' title='bbox 1224 1551 1366 1615; x_wconf 87' lang='grc' dir='ltr'>νόμον</span> <span class='ocrx_word' id='word_1_151' title='bbox 1392 1547 1610 1613; x_wconf 82' lang='grc' dir='ltr'>λατρειας</span> <span class='ocrx_word' id='word_1_152' title='bbox 1635 1566 1677 1593; x_wconf 95' lang='grc' dir='ltr'>οι</span> <span class='ocrx_word' id='word_1_153' title='bbox 1700 1541 1755 1610; x_wconf 75' lang='grc' dir='ltr'>ἐξ</span> <span class='ocrx_word' id='word_1_154' title='bbox 1777 1540 1913 1602; x_wconf 84' lang='grc' dir='ltr'>αι’μα-</span> 
     </span>
     <span class='ocr_line' id='line_1_21' title="bbox 334 1629 1913 1713; baseline -0.019 -13"><span class='ocrx_word' id='word_1_155' title='bbox 334 1672 412 1702; x_wconf 90' lang='grc' dir='ltr'>τος</span> <span class='ocrx_word' id='word_1_156' title='bbox 430 1646 647 1713; x_wconf 88' lang='grc' dir='ltr'>Ἰσραηλ,</span> <span class='ocrx_word' id='word_1_157' title='bbox 674 1667 758 1706; x_wconf 87' lang='grc' dir='ltr'>την</span> <span class='ocrx_word' id='word_1_158' title='bbox 786 1645 848 1695; x_wconf 81' lang='grc' dir='ltr'>εἷς</span> <span class='ocrx_word' id='word_1_159' title='bbox 874 1638 1015 1690; x_wconf 83' lang='grc' dir='ltr'>αὐτὸν</span> <span class='ocrx_word' id='word_1_160' title='bbox 1039 1638 1202 1689; x_wconf 84' lang='grc' dir='ltr'>πίστιν</span> <span class='ocrx_word' id='word_1_161' title='bbox 1227 1629 1610 1699; x_wconf 80' lang='grc' dir='ltr'>παραδεξάμενοι·</span> <span class='ocrx_word' id='word_1_162' title='bbox 1653 1645 1913 1688; x_wconf 81' lang='grc' dir='ltr'>μετακεχω-</span> 
     </span>
     <span class='ocr_line' id='line_1_22' title="bbox 335 1708 1914 1797; baseline -0.016 -16"><span class='ocrx_word' id='word_1_163' title='bbox 335 1753 510 1797; x_wconf 89' lang='grc' dir='ltr'>ρηκασι</span> <span class='ocrx_word' id='word_1_164' title='bbox 547 1728 639 1794; x_wconf 82' lang='grc' dir='ltr'>γὰρ</span> <span class='ocrx_word' id='word_1_165' title='bbox 675 1726 736 1779; x_wconf 76' lang='grc' dir='ltr'>εἵς</span> <span class='ocrx_word' id='word_1_166' title='bbox 771 1747 823 1790; x_wconf 88' lang='grc' dir='ltr'>γε</span> <span class='ocrx_word' id='word_1_167' title='bbox 857 1723 911 1773; x_wconf 84' lang='grc' dir='ltr'>τὸ</span> <span class='ocrx_word' id='word_1_168' title='bbox 950 1720 1144 1771; x_wconf 87' lang='grc' dir='ltr'>ἑλεσθαι</span> <span class='ocrx_word' id='word_1_169' title='bbox 1182 1722 1317 1779; x_wconf 77' lang='grc' dir='ltr'>βιοῦν</span> <span class='ocrx_word' id='word_1_170' title='bbox 1354 1713 1680 1778; x_wconf 80' lang='grc' dir='ltr'>εὐαγγελικῶς,</span> <span class='ocrx_word' id='word_1_171' title='bbox 1708 1709 1781 1757; x_wconf 81' lang='grc' dir='ltr'>καὶ</span> <span class='ocrx_word' id='word_1_172' title='bbox 1819 1708 1914 1756; x_wconf 83' lang='grc' dir='ltr'>τοῖς</span> 
     </span>
     <span class='ocr_line' id='line_1_23' title="bbox 336 1788 1915 1877; baseline -0.018 -12"><span class='ocrx_word' id='word_1_173' title='bbox 336 1819 418 1865; x_wconf 83' lang='grc' dir='ltr'>τοῦ</span> <span class='ocrx_word' id='word_1_174' title='bbox 460 1814 680 1877; x_wconf 82' lang='grc' dir='ltr'>Σωτῆρος</span> <span class='ocrx_word' id='word_1_175' title='bbox 719 1805 1052 1860; x_wconf 85' lang='grc' dir='ltr'>πολιτεύεσθαι</span> <span class='ocrx_word' id='word_1_176' title='bbox 1093 1801 1265 1865; x_wconf 86' lang='grc' dir='ltr'>νόμοις.</span> <span class='ocrx_word' id='word_1_177' title='bbox 1332 1798 1402 1849; x_wconf 82' lang='grc' dir='ltr'>ὅτι</span> <span class='ocrx_word' id='word_1_178' title='bbox 1447 1794 1493 1846; x_wconf 81' lang='grc' dir='ltr'>δὲ</span> <span class='ocrx_word' id='word_1_179' title='bbox 1535 1816 1588 1844; x_wconf 94' lang='grc' dir='ltr'>το</span> <span class='ocrx_word' id='word_1_180' title='bbox 1634 1788 1915 1841; x_wconf 73' lang='grc' dir='ltr'>σαλεύεσθαι</span> 
     </span>
     <span class='ocr_line' id='line_1_24' title="bbox 337 1867 1916 1959; baseline -0.016 -12"><span class='ocrx_word' id='word_1_181' title='bbox 337 1894 423 1959; x_wconf 83' lang='grc' dir='ltr'>τὴν</span> <span class='ocrx_word' id='word_1_182' title='bbox 449 1893 543 1946; x_wconf 82' lang='grc' dir='ltr'>ἀπό</span> <span class='ocrx_word' id='word_1_183' title='bbox 567 1915 689 1946; x_wconf 88' lang='grc' dir='ltr'>τινος</span> <span class='ocrx_word' id='word_1_184' title='bbox 713 1895 774 1944; x_wconf 79' lang='grc' dir='ltr'>εἷς</span> <span class='ocrx_word' id='word_1_185' title='bbox 799 1886 954 1955; x_wconf 87' lang='grc' dir='ltr'>ετερόν</span> <span class='ocrx_word' id='word_1_186' title='bbox 988 1909 1032 1937; x_wconf 94' lang='grc' dir='ltr'>τι</span> <span class='ocrx_word' id='word_1_187' title='bbox 1066 1883 1317 1948; x_wconf 85' lang='grc' dir='ltr'>μετάθεσιν</span> <span class='ocrx_word' id='word_1_188' title='bbox 1343 1877 1447 1931; x_wconf 85' lang='grc' dir='ltr'>ἐσθ’</span> <span class='ocrx_word' id='word_1_189' title='bbox 1477 1876 1552 1928; x_wconf 86' lang='grc' dir='ltr'>ότε</span> <span class='ocrx_word' id='word_1_190' title='bbox 1586 1877 1734 1938; x_wconf 82' lang='grc' dir='ltr'>δηλοῖ,</span> <span class='ocrx_word' id='word_1_191' title='bbox 1762 1867 1916 1937; x_wconf 87' lang='grc' dir='ltr'>σαφες</span> 
     </span>
     <span class='ocr_line' id='line_1_25' title="bbox 294 1953 1918 2043; baseline -0.018 -13"><span class='ocrx_word' id='word_1_192' title='bbox 294 1978 366 2021; x_wconf 75' lang='lat' dir='ltr'>d</span> <span class='ocrx_word' id='word_1_193' title='bbox 341 2002 396 2028; x_wconf 90' lang='grc' dir='ltr'>αν</span> <span class='ocrx_word' id='word_1_194' title='bbox 423 1978 615 2043; x_wconf 76' lang='grc' dir='ltr'>γένοιτο,</span> <span class='ocrx_word' id='word_1_195' title='bbox 643 1979 726 2025; x_wconf 83' lang='grc' dir='ltr'>τοῦ</span> <span class='ocrx_word' id='word_1_196' title='bbox 752 1993 978 2038; x_wconf 89' lang='grc' dir='ltr'>μακαριου</span> <span class='ocrx_word' id='word_1_197' title='bbox 1005 1968 1179 2019; x_wconf 83' lang='grc' dir='ltr'>Δαυειδ</span> <span class='ocrx_word' id='word_1_198' title='bbox 1205 1960 1481 2032; x_wconf 73' lang='grc' dir='ltr'>ψάλλοντος</span> <span class='ocrx_word' id='word_1_199' title='bbox 1516 1981 1564 2009; x_wconf 92' lang='grc' dir='ltr'>τε</span> <span class='ocrx_word' id='word_1_200' title='bbox 1598 1979 1672 2007; x_wconf 89' lang='grc' dir='ltr'>και</span> <span class='ocrx_word' id='word_1_201' title='bbox 1697 1953 1918 2018; x_wconf 85' lang='grc' dir='ltr'>λεγοντος</span> 
     </span>
     <span class='ocr_line' id='line_1_26' title="bbox 342 2034 1919 2122; baseline -0.019 -9"><span class='ocrx_word' id='word_1_202' title='bbox 342 2069 368 2090; x_wconf 76' lang='lat'><strong><em>⁶</em></strong></span> <span class='ocrx_word' id='word_1_203' title='bbox 394 2062 456 2111; x_wconf 92' lang='lat' dir='ltr'>O</span> <span class='ocrx_word' id='word_1_204' title='bbox 497 2058 753 2122; x_wconf 85' lang='grc' dir='ltr'>καθημενος</span> <span class='ocrx_word' id='word_1_205' title='bbox 787 2056 861 2105; x_wconf 85' lang='grc' dir='ltr'>ἐπι</span> <span class='ocrx_word' id='word_1_206' title='bbox 893 2057 987 2104; x_wconf 82' lang='grc' dir='ltr'>τῶν</span> <span class='ocrx_word' id='word_1_207' title='bbox 1020 2050 1276 2115; x_wconf 77' lang='grc' dir='ltr'>Χερουβιμ,</span> <span class='ocrx_word' id='word_1_208' title='bbox 1315 2040 1594 2106; x_wconf 86' lang='grc' dir='ltr'>σαλευθήτω</span> <span class='ocrx_word' id='word_1_209' title='bbox 1633 2039 1659 2102; x_wconf 87' lang='grc' dir='ltr'>ἡ</span> <span class='ocrx_word' id='word_1_210' title='bbox 1698 2034 1919 2102; x_wconf 85' lang='grc' dir='ltr'>γη.οὑ</span> 
     </span>
     <span class='ocr_line' id='line_1_27' title="bbox 342 2119 1920 2211; baseline -0.02 -16"><span class='ocrx_word' id='word_1_211' title='bbox 342 2167 435 2210; x_wconf 85' lang='grc' dir='ltr'>γαρ</span> <span class='ocrx_word' id='word_1_212' title='bbox 469 2165 560 2194; x_wconf 90' lang='grc' dir='ltr'>που</span> <span class='ocrx_word' id='word_1_213' title='bbox 593 2137 748 2209; x_wconf 85' lang='grc' dir='ltr'>φαμεν</span> <span class='ocrx_word' id='word_1_214' title='bbox 778 2136 1133 2187; x_wconf 81' lang='grc' dir='ltr'>καταδονεῖσθαι</span> <span class='ocrx_word' id='word_1_215' title='bbox 1162 2153 1247 2194; x_wconf 88' lang='grc' dir='ltr'>την</span> <span class='ocrx_word' id='word_1_216' title='bbox 1273 2131 1378 2193; x_wconf 76' lang='grc' dir='ltr'>γῆν</span> <span class='ocrx_word' id='word_1_217' title='bbox 1419 2123 1592 2186; x_wconf 84' lang='grc' dir='ltr'>ταύτην</span> <span class='ocrx_word' id='word_1_218' title='bbox 1618 2119 1670 2171; x_wconf 87' lang='grc' dir='ltr'>δε</span> <span class='ocrx_word' id='word_1_219' title='bbox 1690 2124 1810 2184; x_wconf 84' lang='grc' dir='ltr'>φημι</span> <span class='ocrx_word' id='word_1_220' title='bbox 1833 2138 1920 2211; x_wconf 66' lang='grc' dir='ltr'>την</span> 
     </span>
     <span class='ocr_line' id='line_1_28' title="bbox 344 2197 1916 2286; baseline -0.019 -8"><span class='ocrx_word' id='word_1_221' title='bbox 344 2226 433 2278; x_wconf 83' lang='grc' dir='ltr'>ὑπὸ</span> <span class='ocrx_word' id='word_1_222' title='bbox 476 2224 625 2276; x_wconf 85' lang='grc' dir='ltr'>πόδας</span> <span class='ocrx_word' id='word_1_223' title='bbox 675 2219 935 2286; x_wconf 85' lang='grc' dir='ltr'>ἀνθρώπων</span> <span class='ocrx_word' id='word_1_224' title='bbox 985 2217 1059 2266; x_wconf 81' lang='grc' dir='ltr'>καὶ</span> <span class='ocrx_word' id='word_1_225' title='bbox 1111 2210 1359 2276; x_wconf 80' lang='grc' dir='ltr'>αἰσθητήν·</span> <span class='ocrx_word' id='word_1_226' title='bbox 1418 2207 1708 2273; x_wconf 84' lang='grc' dir='ltr'>παρακαλεῖν</span> <span class='ocrx_word' id='word_1_227' title='bbox 1759 2197 1916 2250; x_wconf 79' lang='grc' dir='ltr'>αὐτόν·</span> 
     </span>
     <span class='ocr_line' id='line_1_29' title="bbox 342 2285 1914 2375; baseline -0.019 -15"><span class='ocrx_word' id='word_1_228' title='bbox 342 2309 485 2375; x_wconf 78' lang='grc' dir='ltr'>ε’ζητει</span> <span class='ocrx_word' id='word_1_229' title='bbox 518 2306 566 2358; x_wconf 81' lang='grc' dir='ltr'>δὲ</span> <span class='ocrx_word' id='word_1_230' title='bbox 600 2309 790 2369; x_wconf 84' lang='grc' dir='ltr'>μᾶλλον</span> <span class='ocrx_word' id='word_1_231' title='bbox 827 2323 911 2364; x_wconf 88' lang='grc' dir='ltr'>την</span> <span class='ocrx_word' id='word_1_232' title='bbox 946 2300 994 2349; x_wconf 86' lang='grc' dir='ltr'>ἐκ</span> <span class='ocrx_word' id='word_1_233' title='bbox 1032 2301 1125 2348; x_wconf 83' lang='grc' dir='ltr'>τῶν</span> <span class='ocrx_word' id='word_1_234' title='bbox 1165 2292 1383 2363; x_wconf 85' lang='grc' dir='ltr'>χειρὸιων</span> <span class='ocrx_word' id='word_1_235' title='bbox 1422 2291 1495 2341; x_wconf 86' lang='grc' dir='ltr'>ἐπι</span> <span class='ocrx_word' id='word_1_236' title='bbox 1533 2286 1591 2338; x_wconf 81' lang='grc' dir='ltr'>τὰ</span> <span class='ocrx_word' id='word_1_237' title='bbox 1630 2285 1800 2349; x_wconf 86' lang='grc' dir='ltr'>ἀμείνω</span> <span class='ocrx_word' id='word_1_238' title='bbox 1836 2302 1914 2347; x_wconf 88' lang='grc' dir='ltr'>γε-</span> 
     </span>
    </p>
   </div>
   <div class='ocr_carea' id='block_1_6' title="bbox 345 2386 840 2454">
    <p class='ocr_par' dir='ltr' id='par_1_9' title="bbox 345 2386 840 2454">
     <span class='ocr_line' id='line_1_30' title="bbox 345 2386 840 2454; baseline -0.021 -11"><span class='ocrx_word' id='word_1_239' title='bbox 345 2392 508 2443; x_wconf 77' lang='grc' dir='ltr'>νέσθαι</span> <span class='ocrx_word' id='word_1_240' title='bbox 533 2386 840 2454; x_wconf 81' lang='grc' dir='ltr'>μετάστασιν.</span> 
     </span>
    </p>
   </div>
   <div class='ocr_carea' id='block_1_7' title="bbox 348 2590 1926 3076">
    <p class='ocr_par' dir='ltr' id='par_1_10' title="bbox 348 2590 1926 3076">
     <span class='ocr_line' id='line_1_31' title="bbox 398 2590 1921 2657; baseline -0.017 -8"><span class='ocrx_word' id='word_1_241' title='bbox 398 2627 428 2650; x_wconf 90' lang='lat'>1.</span> <span class='ocrx_word' id='word_1_242' title='bbox 453 2613 550 2648; x_wconf 84' lang='grc' dir='ltr'>δέστι</span> <span class='ocrx_word' id='word_1_243' title='bbox 568 2611 657 2657; x_wconf 83' lang='lat' dir='ltr'>(sic)</span> <span class='ocrx_word' id='word_1_244' title='bbox 674 2620 737 2656; x_wconf 86' lang='lat' dir='ltr'>pro</span> <span class='ocrx_word' id='word_1_245' title='bbox 755 2608 791 2643; x_wconf 83' lang='grc' dir='ltr'>δέ</span> <span class='ocrx_word' id='word_1_246' title='bbox 809 2607 883 2642; x_wconf 83' lang='grc' dir='ltr'>ἐστι</span> <span class='ocrx_word' id='word_1_247' title='bbox 902 2606 948 2640; x_wconf 90' lang='lat' dir='ltr'>D.</span> <span class='ocrx_word' id='word_1_248' title='bbox 998 2606 1057 2639; x_wconf 85' lang='grc' dir='ltr'>τοῦ</span> <span class='ocrx_word' id='word_1_249' title='bbox 1074 2607 1294 2647; x_wconf 86' lang='lat' dir='ltr'>assumptum</span> <span class='ocrx_word' id='word_1_250' title='bbox 1312 2611 1354 2633; x_wconf 85' lang='lat' dir='ltr'>ex</span> <span class='ocrx_word' id='word_1_251' title='bbox 1373 2597 1415 2631; x_wconf 90' lang='lat' dir='ltr'>B.</span> <span class='ocrx_word' id='word_1_252' title='bbox 1648 2603 1679 2627; x_wconf 84' lang='lat'>2.</span> <span class='ocrx_word' id='word_1_253' title='bbox 1705 2591 1741 2626; x_wconf 84' lang='grc' dir='ltr'>ὃς</span> <span class='ocrx_word' id='word_1_254' title='bbox 1757 2602 1820 2636; x_wconf 92' lang='lat' dir='ltr'>pro</span> <span class='ocrx_word' id='word_1_255' title='bbox 1837 2592 1855 2624; x_wconf 91' lang='grc' dir='ltr'>ὁ</span> <span class='ocrx_word' id='word_1_256' title='bbox 1874 2590 1921 2624; x_wconf 93' lang='lat' dir='ltr'>D.</span> 
     </span>
     <span class='ocr_line' id='line_1_32' title="bbox 348 2637 1921 2703; baseline -0.018 -6"><span class='ocrx_word' id='word_1_257' title='bbox 348 2662 555 2703; x_wconf 81' lang='grc' dir='ltr'>διαβιβάσας</span> <span class='ocrx_word' id='word_1_258' title='bbox 574 2659 615 2693; x_wconf 84' lang='grc' dir='ltr'>Β.</span> <span class='ocrx_word' id='word_1_259' title='bbox 634 2657 877 2699; x_wconf 78' lang='grc' dir='ltr'>διαβεβηκότας</span> <span class='ocrx_word' id='word_1_260' title='bbox 896 2653 942 2687; x_wconf 91' lang='lat' dir='ltr'>D.</span> <span class='ocrx_word' id='word_1_261' title='bbox 963 2651 1055 2686; x_wconf 86' lang='lat' dir='ltr'><strong>Edd.</strong></span> <span class='ocrx_word' id='word_1_262' title='bbox 1283 2659 1317 2689; x_wconf 86' lang='lat'>4.</span> <span class='ocrx_word' id='word_1_263' title='bbox 1343 2647 1401 2679; x_wconf 88' lang='grc' dir='ltr'>τὸν</span> <span class='ocrx_word' id='word_1_264' title='bbox 1417 2642 1521 2678; x_wconf 75' lang='grc' dir='ltr'>τύπον</span> <span class='ocrx_word' id='word_1_265' title='bbox 1538 2641 1666 2675; x_wconf 81' lang='grc' dir='ltr'>ἀποπλ.</span> <span class='ocrx_word' id='word_1_266' title='bbox 1684 2640 1757 2673; x_wconf 81' lang='lat' dir='ltr'><strong>inv.</strong></span> <span class='ocrx_word' id='word_1_267' title='bbox 1776 2637 1853 2671; x_wconf 73' lang='lat' dir='ltr'><strong>oxd.</strong></span> <span class='ocrx_word' id='word_1_268' title='bbox 1874 2637 1921 2671; x_wconf 94' lang='lat' dir='ltr'>D.</span> 
     </span>
     <span class='ocr_line' id='line_1_33' title="bbox 349 2684 1923 2755; baseline -0.018 -11"><span class='ocrx_word' id='word_1_269' title='bbox 349 2720 383 2755; x_wconf 85' lang='lat'>5.</span> <span class='ocrx_word' id='word_1_270' title='bbox 410 2711 427 2743; x_wconf 88' lang='grc' dir='ltr'>ὁ</span> <span class='ocrx_word' id='word_1_271' title='bbox 445 2710 669 2751; x_wconf 79' lang='lat' dir='ltr'>assumptum</span> <span class='ocrx_word' id='word_1_272' title='bbox 687 2716 728 2738; x_wconf 87' lang='lat' dir='ltr'>ex</span> <span class='ocrx_word' id='word_1_273' title='bbox 748 2703 789 2736; x_wconf 85' lang='lat' dir='ltr'>B.</span> <span class='ocrx_word' id='word_1_274' title='bbox 965 2708 996 2744; x_wconf 93' lang='lat'>7.</span> <span class='ocrx_word' id='word_1_275' title='bbox 1023 2698 1075 2732; x_wconf 83' lang='grc' dir='ltr'>καὶ</span> <span class='ocrx_word' id='word_1_276' title='bbox 1093 2708 1162 2731; x_wconf 90' lang='lat' dir='ltr'>om.</span> <span class='ocrx_word' id='word_1_277' title='bbox 1183 2695 1229 2729; x_wconf 89' lang='lat' dir='ltr'><strong>D.</strong></span> <span class='ocrx_word' id='word_1_278' title='bbox 1398 2704 1430 2735; x_wconf 89' lang='lat'>9.</span> <span class='ocrx_word' id='word_1_279' title='bbox 1457 2690 1540 2732; x_wconf 82' lang='grc' dir='ltr'>τῆς</span> <span class='ocrx_word' id='word_1_280' title='bbox 1531 2692 1752 2730; x_wconf 80' lang='lat' dir='ltr'>assumptum</span> <span class='ocrx_word' id='word_1_281' title='bbox 1770 2696 1811 2718; x_wconf 86' lang='lat' dir='ltr'>ex</span> <span class='ocrx_word' id='word_1_282' title='bbox 1832 2684 1872 2718; x_wconf 90' lang='grc' dir='ltr'>Β.</span> <span class='ocrx_word' id='word_1_283' title='bbox 1878 2684 1923 2718; x_wconf 91' lang='lat' dir='ltr'>D.</span> 
     </span>
     <span class='ocr_line' id='line_1_34' title="bbox 350 2730 1922 2790; baseline -0.018 1"><span class='ocrx_word' id='word_1_284' title='bbox 350 2756 470 2790; x_wconf 87' lang='lat' dir='ltr'>deest</span> <span class='ocrx_word' id='word_1_285' title='bbox 462 2767 499 2789; x_wconf 85' lang='lat' dir='ltr'>m</span> <span class='ocrx_word' id='word_1_286' title='bbox 517 2755 551 2788; x_wconf 90' lang='lat' dir='ltr'>b.</span> <span class='ocrx_word' id='word_1_287' title='bbox 673 2762 727 2785; x_wconf 91' lang='lat'>10</span> <span class='ocrx_word' id='word_1_288' title='bbox 753 2749 789 2783; x_wconf 88' lang='grc' dir='ltr'>δέ</span> <span class='ocrx_word' id='word_1_289' title='bbox 806 2760 877 2787; x_wconf 82' lang='lat' dir='ltr'>om.</span> <span class='ocrx_word' id='word_1_290' title='bbox 896 2747 943 2781; x_wconf 83' lang='lat' dir='ltr'>l).</span> <span class='ocrx_word' id='word_1_291' title='bbox 992 2746 1052 2789; x_wconf 83' lang='grc' dir='ltr'>τὴν</span> <span class='ocrx_word' id='word_1_292' title='bbox 1067 2745 1110 2789; x_wconf 84' lang='grc' dir='ltr'>γῆ</span> <span class='ocrx_word' id='word_1_293' title='bbox 1092 2759 1130 2787; x_wconf 89' lang='grc' dir='ltr'>ην</span> <span class='ocrx_word' id='word_1_294' title='bbox 1147 2754 1271 2777; x_wconf 86' lang='grc' dir='ltr'>κατοικ.</span> <span class='ocrx_word' id='word_1_295' title='bbox 1290 2740 1361 2774; x_wconf 86' lang='lat' dir='ltr'><strong>inv.</strong></span> <span class='ocrx_word' id='word_1_296' title='bbox 1379 2737 1454 2771; x_wconf 90' lang='lat' dir='ltr'><strong>ord.</strong></span> <span class='ocrx_word' id='word_1_297' title='bbox 1474 2736 1520 2770; x_wconf 92' lang='lat' dir='ltr'>D.</span> <span class='ocrx_word' id='word_1_298' title='bbox 1647 2744 1699 2766; x_wconf 89' lang='lat'>11.</span> <span class='ocrx_word' id='word_1_299' title='bbox 1727 2732 1766 2775; x_wconf 87' lang='grc' dir='ltr'>δὴ</span> <span class='ocrx_word' id='word_1_300' title='bbox 1785 2743 1853 2765; x_wconf 92' lang='lat' dir='ltr'>om.</span> <span class='ocrx_word' id='word_1_301' title='bbox 1874 2730 1922 2765; x_wconf 95' lang='lat' dir='ltr'>D.</span> 
     </span>
     <span class='ocr_line' id='line_1_35' title="bbox 355 2778 1925 2854; baseline -0.019 -16"><span class='ocrx_word' id='word_1_302' title='bbox 355 2814 406 2836; x_wconf 85' lang='lat'>12.</span> <span class='ocrx_word' id='word_1_303' title='bbox 434 2798 663 2847; x_wconf 84' lang='grc' dir='ltr'>ἀκράδαντον</span> <span class='ocrx_word' id='word_1_304' title='bbox 654 2797 793 2854; x_wconf 75' lang='grc' dir='ltr'>ἔχοντες</span> <span class='ocrx_word' id='word_1_305' title='bbox 808 2796 849 2829; x_wconf 87' lang='grc' dir='ltr'>Β.</span> <span class='ocrx_word' id='word_1_306' title='bbox 855 2795 901 2828; x_wconf 89' lang='lat' dir='ltr'>D.</span> <span class='ocrx_word' id='word_1_307' title='bbox 905 2794 939 2828; x_wconf 90' lang='lat' dir='ltr'>b.</span> <span class='ocrx_word' id='word_1_308' title='bbox 957 2792 1155 2836; x_wconf 82' lang='grc' dir='ltr'>ἀκράδιιντοι</span> <span class='ocrx_word' id='word_1_309' title='bbox 1174 2787 1265 2823; x_wconf 87' lang='lat' dir='ltr'><strong>Edd.</strong></span> <span class='ocrx_word' id='word_1_310' title='bbox 1447 2794 1497 2825; x_wconf 91' lang='grc'>13.</span> <span class='ocrx_word' id='word_1_311' title='bbox 1523 2779 1682 2820; x_wconf 79' lang='grc' dir='ltr'>ἀσεβείας</span> <span class='ocrx_word' id='word_1_312' title='bbox 1700 2779 1746 2812; x_wconf 92' lang='lat' dir='ltr'>D.</span> <span class='ocrx_word' id='word_1_313' title='bbox 1763 2778 1925 2818; x_wconf 82' lang='grc' dir='ltr'>ἀσέβειαν</span> 
     </span>
     <span class='ocr_line' id='line_1_36' title="bbox 352 2826 1924 2891; baseline -0.018 -7"><span class='ocrx_word' id='word_1_314' title='bbox 352 2849 539 2882; x_wconf 73' lang='grc' dir='ltr'>Ε(Ῑ(1.οἱ</span> <span class='ocrx_word' id='word_1_315' title='bbox 556 2848 743 2891; x_wconf 81' lang='grc' dir='ltr'>πεπηγότες</span> <span class='ocrx_word' id='word_1_316' title='bbox 765 2843 811 2878; x_wconf 85' lang='grc' dir='ltr'>εἷς</span> <span class='ocrx_word' id='word_1_317' title='bbox 835 2843 960 2886; x_wconf 87' lang='grc' dir='ltr'>φιλοσ.</span> <span class='ocrx_word' id='word_1_318' title='bbox 979 2840 1010 2873; x_wconf 83' lang='grc' dir='ltr'>οἱ</span> <span class='ocrx_word' id='word_1_319' title='bbox 1032 2849 1261 2884; x_wconf 83' lang='grc' dir='ltr'>ερηρεισμενοι</span> <span class='ocrx_word' id='word_1_320' title='bbox 1283 2833 1367 2877; x_wconf 87' lang='grc' dir='ltr'>πρὸς</span> <span class='ocrx_word' id='word_1_321' title='bbox 1391 2831 1560 2873; x_wconf 85' lang='grc' dir='ltr'>πλάνησιν</span> <span class='ocrx_word' id='word_1_322' title='bbox 1586 2839 1654 2861; x_wconf 87' lang='grc'>0111.</span> <span class='ocrx_word' id='word_1_323' title='bbox 1676 2826 1717 2860; x_wconf 89' lang='grc' dir='ltr'>Β.</span> <span class='ocrx_word' id='word_1_324' title='bbox 1721 2826 1756 2860; x_wconf 84' lang='lat' dir='ltr'>b.</span> <span class='ocrx_word' id='word_1_325' title='bbox 1820 2826 1924 2870; x_wconf 89' lang='grc' dir='ltr'>φιλο-</span> 
     </span>
     <span class='ocr_line' id='line_1_37' title="bbox 353 2870 1923 2938; baseline -0.017 -9"><span class='ocrx_word' id='word_1_326' title='bbox 353 2896 494 2938; x_wconf 81' lang='grc' dir='ltr'>σαρκίας</span> <span class='ocrx_word' id='word_1_327' title='bbox 512 2895 558 2928; x_wconf 91' lang='lat' dir='ltr'>D.</span> <span class='ocrx_word' id='word_1_328' title='bbox 577 2891 807 2938; x_wconf 84' lang='grc' dir='ltr'>φιλοσαρκίαν</span> <span class='ocrx_word' id='word_1_329' title='bbox 824 2888 917 2924; x_wconf 87' lang='lat' dir='ltr'><strong>Edd.</strong></span> <span class='ocrx_word' id='word_1_330' title='bbox 1210 2891 1262 2925; x_wconf 92' lang='lat'>15.</span> <span class='ocrx_word' id='word_1_331' title='bbox 1289 2880 1341 2913; x_wconf 80' lang='grc' dir='ltr'>καὶ</span> <span class='ocrx_word' id='word_1_332' title='bbox 1358 2883 1579 2922; x_wconf 82' lang='lat' dir='ltr'>assumptum</span> <span class='ocrx_word' id='word_1_333' title='bbox 1596 2886 1637 2908; x_wconf 87' lang='lat' dir='ltr'>ex</span> <span class='ocrx_word' id='word_1_334' title='bbox 1655 2873 1690 2908; x_wconf 94' lang='lat' dir='ltr'>b.</span> <span class='ocrx_word' id='word_1_335' title='bbox 1709 2872 1828 2906; x_wconf 84' lang='lat' dir='ltr'><strong>deest</strong></span> <span class='ocrx_word' id='word_1_336' title='bbox 1821 2883 1856 2905; x_wconf 88' lang='lat' dir='ltr'>m</span> <span class='ocrx_word' id='word_1_337' title='bbox 1876 2870 1923 2904; x_wconf 94' lang='lat' dir='ltr'>D.</span> 
     </span>
     <span class='ocr_line' id='line_1_38' title="bbox 357 2917 1924 2985; baseline -0.017 -8"><span class='ocrx_word' id='word_1_338' title='bbox 357 2951 410 2985; x_wconf 88' lang='lat'>17.</span> <span class='ocrx_word' id='word_1_339' title='bbox 435 2941 703 2985; x_wconf 82' lang='grc' dir='ltr'>παραδεχόμενοι</span> <span class='ocrx_word' id='word_1_340' title='bbox 720 2938 768 2972; x_wconf 91' lang='lat' dir='ltr'>D.</span> <span class='ocrx_word' id='word_1_341' title='bbox 1065 2931 1117 2965; x_wconf 84' lang='lat'>18.</span> <span class='ocrx_word' id='word_1_342' title='bbox 1142 2944 1181 2976; x_wconf 85' lang='grc' dir='ltr'>γε</span> <span class='ocrx_word' id='word_1_343' title='bbox 1198 2939 1268 2962; x_wconf 92' lang='grc'>0111.</span> <span class='ocrx_word' id='word_1_344' title='bbox 1288 2926 1334 2960; x_wconf 91' lang='lat' dir='ltr'>D.</span> <span class='ocrx_word' id='word_1_345' title='bbox 1571 2932 1626 2955; x_wconf 88' lang='lat'>20.</span> <span class='ocrx_word' id='word_1_346' title='bbox 1651 2921 1859 2963; x_wconf 80' lang='grc' dir='ltr'>μετάστασιν</span> <span class='ocrx_word' id='word_1_347' title='bbox 1878 2917 1924 2951; x_wconf 94' lang='lat' dir='ltr'>D.</span> 
     </span>
     <span class='ocr_line' id='line_1_39' title="bbox 354 2966 1926 3022; baseline -0.017 1"><span class='ocrx_word' id='word_1_348' title='bbox 354 2987 432 3022; x_wconf 82' lang='grc' dir='ltr'>εσθ’</span> <span class='ocrx_word' id='word_1_349' title='bbox 451 2987 506 3020; x_wconf 78' lang='grc' dir='ltr'>ὅτε</span> <span class='ocrx_word' id='word_1_350' title='bbox 523 2999 592 3021; x_wconf 89' lang='lat' dir='ltr'>om.</span> <span class='ocrx_word' id='word_1_351' title='bbox 611 2987 658 3019; x_wconf 91' lang='lat' dir='ltr'>D.</span> <span class='ocrx_word' id='word_1_352' title='bbox 873 2992 927 3016; x_wconf 89' lang='lat'>21.</span> <span class='ocrx_word' id='word_1_353' title='bbox 953 2994 989 3014; x_wconf 85' lang='grc' dir='ltr'>τε</span> <span class='ocrx_word' id='word_1_354' title='bbox 1007 2978 1060 3012; x_wconf 83' lang='grc' dir='ltr'>καὶ</span> <span class='ocrx_word' id='word_1_355' title='bbox 1076 2977 1151 3022; x_wconf 82' lang='grc' dir='ltr'>λε’-γ.</span> <span class='ocrx_word' id='word_1_356' title='bbox 1169 2987 1239 3011; x_wconf 84' lang='grc'>0111.</span> <span class='ocrx_word' id='word_1_357' title='bbox 1257 2974 1304 3008; x_wconf 91' lang='lat' dir='ltr'>D.</span> <span class='ocrx_word' id='word_1_358' title='bbox 1520 2980 1574 3014; x_wconf 87' lang='grc'>23.</span> <span class='ocrx_word' id='word_1_359' title='bbox 1601 2982 1721 3011; x_wconf 84' lang='grc' dir='ltr'>ταυτην</span> <span class='ocrx_word' id='word_1_360' title='bbox 1737 2966 1775 3000; x_wconf 87' lang='grc' dir='ltr'>δε</span> <span class='ocrx_word' id='word_1_361' title='bbox 1791 2967 1926 3011; x_wconf 85' lang='grc' dir='ltr'>φημι-</span> 
     </span>
     <span class='ocr_line' id='line_1_40' title="bbox 355 3024 1129 3076; baseline -0.014 -7"><span class='ocrx_word' id='word_1_362' title='bbox 355 3035 409 3069; x_wconf 83' lang='grc' dir='ltr'>καὶ</span> <span class='ocrx_word' id='word_1_363' title='bbox 425 3033 587 3076; x_wconf 75' lang='grc' dir='ltr'>αἰσθητήν</span> <span class='ocrx_word' id='word_1_364' title='bbox 604 3044 673 3067; x_wconf 90' lang='lat' dir='ltr'>om.</span> <span class='ocrx_word' id='word_1_365' title='bbox 694 3031 736 3066; x_wconf 86' lang='lat' dir='ltr'>B.</span> <span class='ocrx_word' id='word_1_366' title='bbox 786 3030 826 3073; x_wconf 88' lang='grc' dir='ltr'>δὴ</span> <span class='ocrx_word' id='word_1_367' title='bbox 844 3040 906 3074; x_wconf 90' lang='lat' dir='ltr'>pro</span> <span class='ocrx_word' id='word_1_368' title='bbox 924 3027 962 3062; x_wconf 86' lang='grc' dir='ltr'>δέ</span> <span class='ocrx_word' id='word_1_369' title='bbox 976 3027 1064 3072; x_wconf 85' lang='grc' dir='ltr'>φημι</span> <span class='ocrx_word' id='word_1_370' title='bbox 1083 3024 1129 3059; x_wconf 93' lang='lat' dir='ltr'>D.</span> 
     </span>
    </p>
   </div>
   <div class='ocr_carea' id='block_1_8' title="bbox 1928 1063 1975 1087">
    <p class='ocr_par' dir='ltr' id='par_1_11' title="bbox 1928 1063 1975 1087">
     <span class='ocr_line' id='line_1_41' title="bbox 1928 1063 1975 1087; baseline -0.021 0"><span class='ocrx_word' id='word_1_371' title='bbox 1928 1063 1975 1087; x_wconf 87' lang='lat'>10</span> 
     </span>
    </p>
   </div>
   <div class='ocr_carea' id='block_1_9' title="bbox 1938 1889 1986 1914">
    <p class='ocr_par' dir='ltr' id='par_1_12' title="bbox 1938 1889 1986 1914">
     <span class='ocr_line' id='line_1_42' title="bbox 1938 1889 1986 1914; baseline 0 0"><span class='ocrx_word' id='word_1_372' title='bbox 1938 1889 1986 1914; x_wconf 88' lang='lat'>20</span> 
     </span>
    </p>
   </div>
  </div>
 </body>
</html>
