2053 3382
322 204 405 244 602
707 204 758 243 Β.
802 202 1080 243 CYRILLI
1131 203 1516 245 ALEXANDR.
1716 205 1772 246 iii.
1798 219 1837 261 3,
1859 219 1900 257 4.

322 314 397 362 καὶ
431 311 574 362 αὑτὸν
599 311 847 377 προθέντες
882 315 945 365 εἰς
979 311 1231 378 ἁγιασμὸν,
1266 314 1341 363 καὶ
1376 312 1532 376 μέντοι
1562 314 1637 364 καὶ
1663 316 1725 366 εἰς
1755 313 1898 376 μετά-

322 397 476 460 ληψιν
508 395 590 455 τῆς
628 397 690 445 εὶς
728 396 872 443 αἰῶνα
911 392 1039 458 ζωῆς,
1081 393 1291 460 καθάπερ
1328 393 1564 463 ἐξαίρετόν
1598 417 1642 445 τι
1681 394 1903 457 θυμίαμα,

321 474 405 527 τὰς
443 474 499 541 ἐξ
535 474 685 539 ἔργων
722 475 914 539 ἀγαθῶν
944 474 1322 540 προσκομίζομεν
1361 476 1563 538 εὐωδίας,
1603 477 1678 526 καὶ
1718 475 1905 528 θύοντες

322 557 447 623 αὐτῷ
473 554 557 618 τὴν
583 552 878 619 δικαιοσύνην,
905 555 976 606 ὅτι
1009 559 1084 607 καὶ
1120 556 1324 619 ἐσόμεθα
1359 559 1507 608 δεκτοῖ
1534 556 1902 623 τεθαρσήκαμεν.

97 649 194 680 Prov·
215 648 259 678 iii.
321 636 585 702 γέγραπται
626 635 719 702 γὰρ
763 635 833 686 ὅτι
872 643 899 665 ‘⁶
917 638 1046 700 Τίμα
1092 636 1176 688 τὸν
1217 637 1394 704 Κύριον
1435 637 1529 690 ἀπὸ
1572 643 1675 689 σῶν
1717 637 1905 688 δικαίων

122 716 128 723 ’
276 732 302 773 b
321 725 348 747 ‘⁶
373 716 543 779 πόνων,
579 719 654 768 καὶ
689 716 905 785 ἀπάρχου
932 719 1058 787 αὐτῷ
1083 717 1177 770 ἀπὸ
1212 723 1315 769 σῶν
1342 724 1535 786 καρπῶν
1561 718 1903 783 δικαιοσύνης.”

96 819 185 869 ῌει).
320 800 632 865 εὐαρεστεῖται
680 798 773 865 γὰρ
830 801 916 867 οὐχ
982 799 1154 867 ἑτέραις
1215 798 1341 865 οἶμαι
1399 802 1602 864 θυσίαις,
1655 798 1785 864 πλὴν
1835 799 1906 851 ὅτι

97 861 233 893 xm.16.
319 880 552 934 τοιαύταις
579 881 603 930 ὁ
629 885 722 931 τῶν
749 880 876 932 ὅλων
904 881 1042 935 Θεός.

385 961 524 1030 ’Έφη
554 964 710 1013 τοίνυν
735 964 839 1028 περὶ
874 967 968 1013 τῶν
994 964 1043 1014 ἐν
1068 966 1269 1032 Χριστῷ
1303 964 1600 1028 κεκλημένων
1633 967 1695 1017 εἰς
1731 966 1905 1029 ἱερουρ-

319 1045 440 1109 γιάν,
477 1045 539 1097 ὡς
572 1045 786 1106 ἀμείνους
818 1044 1006 1095 ε”σονται
1032 1049 1127 1095 τῶν
1152 1046 1364 1112 πρώτων,
1391 1047 1445 1096 οὐ
1476 1049 1904 1113 μηλοσφαγοῦντες

320 1129 418 1176 κατ’
459 1125 670 1188 ἐκείνους,
714 1127 818 1177 οὔτε
861 1126 954 1190 μὴν
993 1131 1311 1191 βεβηλοῦντες
1351 1127 1406 1178 τὸ
1450 1127 1790 1192 θυσιαστήριον
1830 1125 1906 1177 διὰ

100 1226 206 1285 §uhpra
320 1213 404 1258 τοῦ
449 1207 712 1273 προσάγειν
762 1208 929 1274 ἄρτους
981 1209 1341 1273 ἠλισγημένους·
1408 1208 1520 1259 ἀλλ’
1567 1211 1629 1262 ὡς
1680 1210 1728 1259 ἐν
1775 1206 1906 1276 τάξει

99 1279 164 1308 Μ’
323 1288 627 1352 θυμιαμάτων
667 1290 1062 1356 προσκομίζοντες
1104 1295 1170 1360 τῷ
1208 1295 1316 1360 Θεῷ
1362 1290 1446 1354 τὴν
1488 1288 1783 1354 δικαιοσύνην,
1831 1293 1906 1340 καὶ

321 1373 404 1434 τῆς
443 1372 750 1436 εὐαγγελικῆς
789 1373 1027 1426 πολιτείας
1065 1371 1150 1436 τὴν
1189 1372 1359 1436 νοητὴν
1397 1372 1637 1435 εὐοσμίαν.
1697 1371 1900 1437 εὐπαρά-

324 1454 485 1502 δεκτον
512 1452 559 1502 δὲ
586 1454 732 1506 οὕτως
764 1453 1093 1504 ἐπιτελέσουσι
1120 1453 1205 1518 τὴν
1232 1455 1465 1520 λατρείαν,
1491 1456 1553 1507 ὡς
1579 1453 1697 1504 κατὰ
1731 1453 1906 1517 μηδένα

286 1533 501 1599 οτρόπον
536 1536 725 1585 ἀποδεῖν
759 1534 903 1599 αὐτὴν
937 1540 1031 1586 τῶν
1065 1541 1350 1601 πρεπουσῶν
1385 1540 1562 1586 θυσιῶν
1592 1540 1692 1588 ταῖς
1731 1534 1905 1603 ἡμέραις

324 1617 394 1666 τσῧ
453 1615 615 1678 αἰῶνος,
674 1616 905 1678 τουτέστι,
967 1621 1025 1684 τῇ
1087 1616 1178 1684 ζωῇ
1237 1622 1332 1667 τῶν
1387 1618 1435 1667 ἐν
1490 1617 1701 1682 οὐρανοῖς
1760 1616 1906 1681 ἁγίων

324 1696 614 1760 πνευμάτων,
655 1697 696 1747 οἳ
735 1700 950 1761 διηνεκεῖς
995 1701 1069 1749 καὶ
1115 1699 1296 1765 μακρὰς
1337 1699 1555 1764 τρίβουσι
1594 1697 1765 1766 ἡμέρας,
1805 1696 1907 1759 ἤτοι

322 1777 534 1845 χρόνους·
602 1782 826 1829 ἰσοῦσθαι
884 1779 931 1830 δὲ
992 1782 1067 1830 καὶ
1118 1785 1213 1833 τοῖς
1272 1779 1456 1847 χρόνοις
1506 1784 1601 1833 τοῖς
1651 1777 1902 1848 ἔμπροσθεν,

323 1859 540 1910 τουτέστι
590 1863 648 1927 τῇ
698 1865 792 1911 τῶν
843 1862 991 1926 ἁγίων
1037 1862 1244 1930 λατρεία,
1294 1860 1336 1912 οἳ
1387 1860 1505 1911 κατὰ
1556 1860 1662 1913 τοὺς
1712 1858 1906 1927 χρόνους

324 1941 552 2007 γεγόνασι
586 1941 693 1996 τοὺς
728 1942 971 2012 ἔμπροσθεν.
1022 1943 1182 2009 γέγονε
1208 1943 1302 2009 γὰρ
1333 1945 1381 1994 ἐν
1408 1944 1589 2010 ὑπακοῇ
1614 1947 1711 1995 τοῖς
1744 1943 1907 2009 ἀρχαι-

102 2025 185 2075 (ἕπερ.

101 2079 181 2099 XXII.

102 2111 125 2141 ς
151 2112 173 2142 J
357 2103 387 2119 r*
489 2109 508 2118 Α
625 2108 644 2118 fl
688 2113 714 2135 (ς
791 2108 805 2124 x
842 2107 852 2121 ⁵
956 2106 967 2124 Ι
1130 2107 1140 2121 ›
1189 2110 1208 2119 Α
1263 2109 1272 2122 ’
1528 2106 1539 2121 r
1722 2107 1736 2123 x
1815 2105 1826 2122 Ι

102 2128 137 2184 'ii
155 2122 226 2193 ἐῢ·
326 2127 424 2155 υιον
444 2127 510 2174 τῳ
538 2108 660 2174 Θεῳ,
731 2128 807 2156 και
830 2110 1059 2171 ελογισθη
1086 2129 1211 2175 αυτῳ
1237 2129 1299 2160 εις
1325 2109 1637 2169 δικαιοσυνην,
1663 2128 1737 2155 και
1765 2109 1907 2173 φιλος

103 2198 252 2229 Heb-xi·
281 2208 307 2249 d
326 2193 353 2215 ‘⁶
378 2185 554 2251 ἐκλήθη
581 2187 751 2238 Θεοῦ.”
803 2189 924 2238 οὕτω
960 2190 1034 2238 καὶ
1072 2191 1181 2238 Νῶε
1209 2194 1235 2217 “
1252 2187 1568 2238 κατεσκεύασε
1595 2186 1679 2250 τὴν
1706 2184 1908 2247 κιβωτὸν

325 2022 500 2089 οτέροις
549 2024 576 2087 ἡ
622 2023 933 2088 εὐδοκίμησις·
996 2026 1142 2078 οὕτως
1185 2024 1411 2091 “Αβραὰμ
1455 2023 1774 2089 προσεκόμισε
1825 2022 1908 2074 τὸν

327 2275 353 2298 “
379 2272 442 2322 εἰς
479 2267 719 2335 σωτήριαν
748 2275 831 2320 τοῦ
870 2269 995 2320 οἴκου
1034 2270 1213 2332 αὐτοῦ,”
1249 2269 1370 2320 καθὰ
1409 2269 1686 2334 γέγραπται.
1741 2268 1905 2318 οὐκοῦν

327 2347 465 2420 ἱερέα-ει
508 2353 659 2419 φησὶν
699 2354 720 2411 ἦ
765 2350 893 2402 θυσία
936 2357 1019 2402 τοῦ
1059 2348 1219 2413 Ἰούδα,
1263 2351 1492 2412 τουτέστι,
1536 2355 1618 2400 τοῦ
1661 2354 1780 2400 λαοῦ
1823 2354 1907 2399 τοῦ

105 2447 201 2480 Rom.
222 2447 254 2479 ii.
326 2431 412 2495 τὴν
453 2434 501 2482 ἐν
543 2434 708 2501 καρδίᾳ
752 2435 827 2483 καὶ
873 2434 1102 2497 πνεύματι
1145 2430 1399 2497 περιτομὴν
1439 2430 1786 2500 περιφέροντος,
1832 2431 1907 2481 καὶ

107 2500 157 2532 29‘
327 2513 480 2577 μέντοι
520 2517 602 2577 τῆς
637 2513 937 2583 Ἰερουσαλὴμ,
977 2517 1059 2577 τῆς
1099 2517 1266 2578 νοητῆς
1303 2511 1536 2577 δηλονότι,
1574 2511 1788 2563 τουτέστι
1825 2513 1907 2574 τῆς

375 2731 408 2764 3.
434 2720 679 2764 προκομίζομεν
697 2718 789 2753 Edd.
808 2724 887 2753 ante
907 2718 1042 2764 Migne.
1185 2726 1218 2762 5.
1245 2717 1295 2751 ὅτι
1314 2729 1384 2752 om.
1405 2717 1447 2751 B.
1584 2726 1636 2750 12.
1661 2713 1737 2759 τοῦ]
1756 2715 1793 2748 τὸ
1814 2713 1905 2748 Edd.

332 2778 384 2807 14.
411 2766 591 2809 εὐκοσμίαν
608 2765 667 2800 iid.
900 2765 952 2799 16.
979 2764 1133 2810 ἀποδεῖν]
1152 2764 1298 2798 ἀπωθεῖν
1314 2763 1373 2798 iid.
1612 2773 1664 2806 19.
1690 2761 1852 2795 ἰσοῦσθαι
1870 2761 1906 2794 δέ

330 2814 382 2845 καὶ
399 2814 469 2847 τοῖς
485 2814 620 2856 χρόνοις
637 2811 724 2857 τοῖς]
742 2812 995 2856 περισσοῦσθαι
1013 2812 1049 2845 δέ
1068 2812 1121 2845 καὶ
1138 2811 1215 2846 τοὺς
1232 2812 1374 2856 χρόνους
1391 2809 1468 2845 τοὺς
1485 2808 1544 2843 iid.
1767 2818 1821 2841 20.
1848 2807 1907 2843 τὰς

329 2873 359 2891 τ.
378 2858 409 2892 ἁ.
428 2859 596 2903 λατρείας,
613 2858 646 2892 αἳ
664 2858 723 2892 iid.
788 2858 865 2893 τοὺς
881 2864 1103 2902 assumptum
1121 2869 1161 2891 ex
1182 2857 1224 2891 B.
1445 2867 1499 2889 22.
1527 2854 1544 2898 ἡ
1563 2859 1784 2898 assumptum
1802 2865 1843 2887 ex
1866 2853 1906 2887 Β.

329 2907 551 2947 προσεκόμιζε
571 2905 662 2939 Edd.
906 2916 960 2950 23.
987 2903 1094 2950 αὐτῷ]
1117 2908 1152 2943 -†-
1175 2903 1193 2946 ἡ
1211 2904 1325 2938 πίστις
1343 2902 1403 2937 iid.
1640 2910 1695 2943 25.
1723 2900 1830 2935 καθὼς
1846 2899 1905 2934 ild.

332 2950 386 2983 26.
412 2954 471 2984 τοῦ
490 2952 551 2985 ult.
569 2957 791 2996 assumptum
809 2963 850 2985 ex
870 2951 911 2986 B.
1043 2960 1097 2995 27.
1125 2950 1178 2984 καὶ
1195 2948 1308 2996 prius]
1333 2953 1368 2990 -Ρ
1391 2949 1425 2984 ἐν
1443 2947 1535 2983 Edd.
1669 2947 1724 2981 28.
1751 2947 1906 2990 δηλονότι

331 3002 551 3041 assumptum
570 3009 611 3031 ex
632 2997 673 3031 B.

1926 652 1947 690 5

1929 1069 1976 1094 10
