2053 3382
78 490 131 520 Ps.
149 500 218 520 cxv.

298 201 383 240 550
693 203 740 241 B.
787 201 1064 242 CYRILLI
1116 201 1498 243 ALEXANDR.
1734 204 1759 243 i.
1787 216 1823 253 2,
1847 217 1884 258 3.

298 307 430 358 λοιτό
468 331 537 361 τις
576 310 700 376 αὐτῷ
736 312 830 358 τῶν
867 309 1197 374 δεδωρημένων
1235 310 1511 360 ἀντεκτίνειν
1546 309 1630 363 τὰς
1668 309 1884 370 ἀμοιβάς·

300 393 336 439 εἰ
374 388 449 439 καί
487 389 558 439 ὅτι
592 389 809 452 μάλιστα
843 391 1011 455 πρέποι
1047 390 1103 441 ἂν
1130 393 1274 441 ἐκεῖνο
1309 392 1463 456 λε’γειν
1489 396 1584 444 τοῖς
1611 413 1664 456 γε
1699 393 1890 454 ἀληθῶς

301 470 556 535 ἀρτίφροσι
591 477 618 498 “
637 472 703 521 Τι’
735 473 1135 535 ἀνταποδώσομεν
1167 477 1233 542 τῷ
1271 474 1430 542 Κυρίῳ
1464 475 1569 537 περὶ
1604 472 1795 524 πάντων
1825 471 1891 523 ῶν

303 558 329 579 “
357 551 680 602 ἀνταπέδωκεν
708 553 815 616 ἡμῖν
839 576 850 614 ;

261 778 373 819 οΚαὶ
418 776 569 821 εἴπατε
604 779 679 821 Ἐν
724 781 803 822 τίνι
847 781 1072 828 ιἰΓὰΠΗοαε
1118 783 1257 834 ἡμᾶς,
1310 783 1386 823 οὐκ
1430 782 1621 838 ἀδελφὸς
1666 779 1716 822 ἦν
1748 782 1932 829 “Ησοιῡ5

259 877 279 911 3
367 865 441 902 τοῦ
474 861 644 913 Ἰακὼβ,
688 864 799 911 λέγει
847 863 1008 920 Κύριος,
1054 865 1123 905 καὶ
1167 864 1366 911 νἰΓάΠΗσοι
1410 864 1484 905 τὸν
1516 864 1686 915 Ἰακὼβ,
1729 865 1802 907 τὸν
1843 864 1888 906 δὲ

361 944 501 985 “Ησαῡ
541 945 736 997 ἐμίσΗσα,
776 946 843 987 καὶ
869 946 1001 988 ἔταξα
1039 946 1088 987 τὰ
1128 947 1225 1002 ὅριοι
1265 946 1394 987 αὐτοῦ
1433 944 1493 987 εἰς
1538 946 1782 1002 ἀφανισμὸν
1822 947 1890 987 καὶ

367 1027 443 1068 τήν
484 1029 771 1085 κλΗρονομίαν
811 1031 941 1071 αὐτοῦ
981 1029 1040 1071 εἰς
1079 1030 1259 1079 δώματα
1298 1031 1491 1087 ὲρήμου;

378 1166 679 1230 Πλήττονται
732 1168 816 1230 μὲν
860 1169 1073 1219 Ἰουδαῖοι
1123 1168 1242 1219 κατὰ
1292 1169 1477 1235 καιροὺς
1525 1173 1620 1223 τοῖς
1669 1170 1719 1220 ἐκ
1768 1171 1892 1224 θείας

303 1249 448 1313 ὀργῆς
498 1249 834 1312 συμβαίνουσι,
887 1250 1200 1316 πολυτρόπως
1258 1249 1674 1315 δεδυσσεβηκότες.
1755 1251 1888 1321 ἀπῴ-
1916 1276 1962 1302 10

302 1352 444 1396 χοντο
497 1329 590 1395 γὰρ
650 1336 712 1385 εἰς
772 1332 1122 1399 αἰχμαλωσίαν,
1175 1333 1555 1400 καταδῃωθείσης
1606 1334 1759 1387 αὐτοῖς·
1809 1336 1891 1397 τῆς

303 1411 472 1477 χώρας,
503 1412 640 1462 οἴκων
667 1436 715 1464 τε
745 1414 1071 1479 ἠρημωμένων,
1100 1416 1174 1465 καί
1208 1415 1324 1478 ὁμοῦ
1350 1418 1416 1483 τῷ
1452 1414 1558 1484 θείῳ
1594 1418 1690 1483 ναῷ
1723 1437 1891 1478 κατεμ-

80 1515 169 1549 820
186 1514 238 1549 A,
263 1523 283 1547 a
302 1493 613 1559 πρησθέντων
639 1499 733 1545 τῶν
758 1496 1120 1561 Ἰεροσολύμων.
1174 1496 1419 1563 πρόφασις
1455 1496 1502 1546 δὲ
1536 1503 1619 1547 τοῦ
1649 1496 1707 1547 τὰ
1739 1496 1890 1548 τοιάδε

302 1579 466 1626 παθεῖν
503 1576 682 1638 αὐτοὺς,
722 1575 776 1627 τὸ
816 1579 1082 1644 ἀποφοιτᾶν
1120 1578 1312 1628 ἑλέσθαι
1351 1580 1426 1628 καί
1464 1578 1772 1643 γνησιότητος
1809 1582 1892 1642 τῆς

302 1656 419 1722 πρὸς
466 1656 603 1718 Θεὸν,
649 1660 724 1708 καί
770 1658 936 1724 ὀλίγου
981 1664 1225 1713 παντελῶς
1270 1660 1473 1728 ἀξιῶσαι
1515 1658 1663 1725 λόγου
1705 1659 1791 1723 τὴν
1829 1665 1961 1721 εἰς-15

302 1738 384 1788 τὸν
419 1737 562 1800 νόμον
598 1741 727 1789 αἰδῶ.
792 1740 948 1804 ἐπειδὴ
984 1742 1138 1791 τοίνυν
1175 1743 1422 1806 ἀγαπῆσαι
1462 1741 1686 1807 λέγοντος
1724 1741 1891 1796 αὐτοὺς

302 1825 385 1870 τοῦ
412 1823 550 1882 Θεοῦ,
583 1823 656 1871 καί
693 1820 887 1890 σφόδρα
913 1845 982 1887 γε,
1014 1822 1071 1886 ἦν
1098 1821 1217 1876 εἰκὸς
1242 1827 1336 1873 τῶν
1362 1825 1411 1873 ἐκ
1445 1826 1527 1886 τῆς
1563 1823 1891 1890 αἰχμαλωσίας

303 1905 647 1965 διαμεμνῆσθαι
683 1908 850 1955 κακῶν.
888 1903 1033 1973 φάναι
1068 1928 1116 1955 τε
1152 1906 1273 1955 οὕτω
1308 1903 1451 1972 τυχὸν
1477 1905 1531 1955 τό
1557 1908 1628 1955 Ἐν
1663 1907 1738 1955 τίνι
1775 1905 1891 1970 ἡγοί-

303 2007 459 2043 πησοις
487 1987 636 2051 ἦμᾶςς
678 1986 1072 2049 οἰκονομικώτατα
1109 1988 1217 2036 λίαν
1245 1987 1269 2036 ὁ
1296 1991 1389 2036 τῶν
1418 1986 1545 2037 ὅλων
1572 1984 1694 2039 Θεὸς·
1717 2008 1892 2052 παριπ-

302 2064 427 2115 πεύει
467 2066 552 2128 μὲν
590 2065 648 2116 τὰ
688 2066 763 2116 διὰ
805 2068 954 2131 με’σου
994 2068 1349 2132 συμβεβηκότα,
1391 2070 1466 2119 καὶ
1504 2066 1590 2132 τὴν
1627 2068 1696 2119 ἐπ’
1737 2069 1891 2122 αὐτοῖς·
1913 2090 1961 2115 20

259 2148 584 2215 ῑ)παρατρε’χει
643 2147 876 2214 διήγησιν,
930 2150 1190 2216 ἀνακομίζει
1239 2149 1387 2215 γεμὴν
1436 2149 1521 2213 τὴν
1572 2152 1654 2212 τῆς
1703 2148 1891 2214 ἀγάπης

303 2228 544 2296 ἀπόδειξιν
582 2231 655 2279 ε’πί
694 2229 779 2293 τὴν
817 2237 899 2281 τοῦ
938 2231 1100 2296 γένους
1140 2231 1304 2298 ἀρχὴν,
1347 2235 1467 2299 φημὶ
1507 2231 1563 2294 δὴ
1602 2231 1668 2282 τὶν
1701 2229 1890 2293 Ἰακὼβ,

304 2307 358 2359 ὃν
384 2309 637 2375 ἀγαπῆσαι
665 2311 748 2373 μὲν
777 2311 1070 2379 ἰσχυρίζεται,
1098 2313 1505 2379 κατεστυγημένον
1532 2312 1579 2362 δὲ
1605 2315 1891 2376 πεποιῆσθαι

305 2392 371 2442 τὸν
409 2392 570 2453 ‘Ha-0413,
615 2393 763 2443 καίτοι
809 2398 905 2447 τοῖς
943 2397 1023 2457 τῆς
1064 2394 1254 2462 φύσεως
1294 2393 1451 2455 νόμοις
1490 2398 1551 2447 εἰς
1590 2391 1891 2460 ἀδελφότητα

358 2558 385 2580 1.
411 2546 499 2592 αὐτῷ
518 2549 583 2580 τῶν
601 2546 838 2590 δεδωρημένων
854 2548 1054 2582 ἀντεκτὶνειν
1069 2548 1109 2582 Β.
1127 2547 1302 2582 ἀντιτίνειν
1318 2547 1499 2593 [detritum
1518 2547 1585 2581 hoc
1603 2546 1749 2581 verbum
1766 2547 1802 2580 in
1822 2547 1887 2592 D.]

306 2593 395 2638 αὐτῷ
415 2595 480 2626 τῶν
498 2593 567 2627 δεδ.
590 2593 634 2627 D.
656 2593 747 2627 Edd.
1114 2606 1147 2639 3.
1174 2593 1736 2638 ἀνταποδὼσομεν-ἅνταπὲδωκεν
1753 2592 1829 2637 ἡμῖν
1847 2594 1889 2628 Β.

305 2639 797 2674 ἀνταποδώσω-ἀνταπέδωκέ
812 2655 869 2683 μοι
890 2641 923 2674 D
942 2647 982 2674 ut
999 2640 1070 2675 vid.
1090 2640 1181 2675 Edd.
1558 2652 1591 2684 9.
1616 2639 1827 2682 Πλήττονται
1846 2640 1888 2674 Β.

305 2684 535 2728 Ἐπλὴττοντο
550 2685 610 2719 iid.
646 2686 679 2719 D
699 2687 811 2731 legere
828 2698 899 2721 non
918 2699 1075 2731 possum.
1224 2698 1273 2721 10.
1300 2686 1478 2733 ἀπῴχοντο
1493 2686 1585 2721 B.D.
1604 2685 1778 2720 ἀπώθοντο
1798 2686 1889 2721 Edd.

311 2743 323 2765 Ι
335 2743 362 2765 Ι.
389 2731 625 2775 αἰχμαλωσίας
642 2732 701 2766 iid.
912 2744 964 2767 12.
990 2737 1055 2767 τῶν
1073 2733 1170 2767 θείων
1188 2738 1274 2768 ναῶν
1291 2733 1350 2767 iid.
1557 2743 1610 2777 13.
1635 2732 1811 2776 προφάσει
1829 2733 1887 2767 iid.

311 2789 364 2819 14.
391 2779 443 2811 καὶ
464 2778 556 2812 B.D.
575 2780 632 2821 τῆς
651 2778 743 2813 Edd.
986 2780 1038 2813 16.
1065 2781 1122 2814 τὸν
1139 2786 1361 2824 assumptum
1379 2792 1420 2814 ex
1441 2779 1533 2812 B.D.
1773 2787 1826 2823 17.
1854 2779 1889 2813 ἐκ

307 2831 529 2868 assumptum
547 2837 589 2858 ex
608 2825 655 2859 D.
975 2837 1026 2871 19.
1054 2825 1213 2872 ἠγάπησα
1230 2827 1315 2871 ὑμᾶς
1334 2826 1375 2860 Β.
1441 2825 1720 2867 οἷκονομικὼτατα
1740 2824 1781 2858 Β.
1800 2825 1889 2859 οἷκο-

413 2880 439 2901 ⁷⁷

308 2917 429 2945 νομικω
450 2903 495 2937 D.
514 2903 809 2948 οἷκονομικώτατος
828 2905 919 2939 Edd.
1065 2916 1120 2940 20.
1148 2904 1407 2950 συμβεβηκότα]
1424 2902 1670 2947 συμβεβὴματα
1689 2903 1770 2946 (Sic)
1787 2904 1888 2939 Pont.

307 2948 512 2991 συμβὴμητα
531 2950 623 2984 Aub.
833 2962 886 2995 23.
913 2953 1117 2995 πεποιῆσθαι
1139 2953 1181 2986 D.
1204 2952 1294 2986 Edd.
1312 2950 1481 2986 ποιεῖσθαι
1503 2949 1543 2983 Β.
1751 2960 1805 2992 24.
1831 2952 1889 2994 τῆς

307 3001 529 3038 assumptum
548 3008 588 3030 ex
610 2997 701 3031 B.D.
