2007 3366
82 365 171 401 507
188 363 239 399 A·
268 375 290 399 a
307 358 401 404 τῶν
446 353 613 405 ἄλλων
650 350 918 420 παραδείξω
965 371 1058 401 σοι.
1123 348 1177 399 τὸ
1214 347 1308 414 γὰρ
1353 350 1414 401 εἰς
1453 343 1683 415 πρόσωπόν
1722 365 1813 402 σου,
1851 339 1901 390 τί

92 1953 170 1984 Hos.
190 1952 221 1982 ii.

91 2006 121 2038 9,
141 2007 186 2027 10.

265 1025 290 1065 b

308 164 365 202 54
714 163 763 203 B.
801 158 1078 202 CYRILLI
1123 154 1509 199 ALEXANDR.
1710 150 1768 190 iii.
1792 160 1832 203 5,
1855 147 1894 188 6.

308 295 401 334 σου,
432 271 659 334 τουτέστι,
690 275 785 322 πᾶν
821 269 938 320 ὅσον
976 268 1107 318 ἐστὶν
1144 266 1366 333 ἄσχημον
1409 266 1456 315 ἐν
1494 263 1590 324 σοὶ,
1621 262 1696 311 καὶ
1721 257 1814 324 πρό
1840 279 1895 322 γε

306 434 465 501 ’ἕτερον
503 436 612 499 ἡμῖν
650 434 679 500 ἦ
719 436 845 485 τουτὶ
887 431 943 496 δὴ
985 431 1174 484 πάντως
1219 428 1530 498 ὑπεμφήνειεν
1565 426 1657 486 ἅνς
1708 427 1893 474 ἀποκα-

306 514 486 588 λύψειν
513 517 561 569 δὲ
598 516 729 568 οὐδὲν
763 516 903 580 ἧττον
943 513 1071 566 ἔθνεα-ί
1109 537 1159 564 τε
1197 515 1274 563 καὶ
1311 514 1579 572 βασιλείαις
1616 507 1685 567 τῆν
1714 507 1898 574 ἀτιμίαν

307 602 448 664 αὐτῆς
483 598 733 667 διαῤῥήδην
773 597 878 667 ἔφη.
943 594 1088 648 ἐδόκει
1125 595 1208 659 μὲν
1245 592 1338 660 γὰρ
1381 593 1528 659 ὡραία
1565 613 1634 644 τις
1671 586 1783 639 εἶναι
1821 587 1896 637 καὶ

308 683 589 751 ἀξιέραστος
628 681 655 744 ἡ
701 679 861 732 Νινευῒ
898 683 998 732 ταῖς
1036 683 1130 729 τῶν
1168 675 1334 743 μάγων
1372 675 1554 742 τέχναις
1592 668 1897 740 ὠφρυωμένη,

307 767 382 814 καὶ
427 762 512 828 τὴν
553 762 673 814 κατὰ
714 762 905 814 πάντων
946 760 1096 829 ἀρχὴν
1148 762 1223 811 καὶ
1277 758 1555 810 δυναστείαν
1606 751 1897 821 ἁρπάζουσα,

308 845 530 911 εὐσθενής
571 868 621 896 τε
666 845 790 911 ἄγαν
834 846 909 896 καὶ
949 845 1117 911 ἀμαχεὶ
1161 840 1291 908 παρὰ
1335 839 1526 892 πάντων
1574 841 1798 897 λαβοῦσα
1842 832 1897 883 τὸ

310 934 454 980 νικᾶν.
520 928 675 993 ἐπειδὴ
712 928 760 979 δὲ
797 928 900 992 ἥλω
940 929 1014 978 καὶ
1051 926 1308 986 πέπτωκεν,
1334 921 1568 990 ἀσχήμων
1595 922 1668 969 καὶ
1695 914 1899 983 ἀτερπὴς

309 1011 437 1078 παρά
475 1035 528 1078 γε
570 1016 666 1066 τοῖς
708 1010 853 1074 αὐτὴν
894 1008 1042 1060 εἰδόσι
1086 1006 1403 1076 κατεφαίνετο,
1447 1003 1489 1055 οἳ
1541 1003 1616 1053 καὶ
1658 996 1898 1065 βδελυρὰν

312 1095 512 1159 ἡγοῦντο
555 1092 738 1157 λοιπὸν,
778 1090 1119 1159 κατεγνωκότες
1160 1113 1252 1142 που
1302 1088 1503 1149 πάντως,
1547 1087 1608 1138 ὡς
1658 1089 1899 1148 μεγαλαυ-

310 1177 537 1246 χήσασαν
567 1176 652 1240 μὲν
686 1178 760 1228 ἐπὶ
799 1177 972 1241 μηδενὶ,
1001 1172 1400 1239 ἐπιθαρσήσασαν
1439 1169 1486 1220 δὲ
1524 1166 1677 1232 μάτην
1711 1169 1812 1218 ταῖς
1849 1165 1899 1215 ἐκ

310 1260 477 1327 μάγων
525 1260 816 1326 ἐπικουρίαις,
867 1262 1056 1321 μᾶλλον
1101 1256 1149 1307 δὲ
1198 1257 1506 1324 φενακισμοῖς
1559 1251 1634 1300 καὶ
1683 1246 1897 1300 ἀπάταις.

311 1346 630 1404 διεβεβαιοῦτο
668 1341 715 1393 δὲ
751 1341 821 1392 ὅτι
859 1342 933 1391 καὶ
957 1338 1183 1400 τεθήσεται
1216 1343 1275 1392 εἰς
1308 1331 1624 1405 παράδειγμα,
1652 1333 1713 1384 ὡς
1745 1329 1900 1396 ἐρούν-

310 1448 405 1476 των
441 1424 545 1476 ἔσθ’
575 1424 650 1476 ὅτε
688 1428 841 1482 τινῶν,
880 1426 916 1473 εἰ
959 1421 1014 1486 δὴ
1056 1419 1260 1471 διόλοιτο
1293 1417 1433 1472 πόλις
1471 1415 1499 1481 ὴ
1540 1415 1684 1482 χώρα,
1723 1411 1899 1479 πεπόρ-

312 1509 454 1572 θηταί
476 1531 524 1558 τε
553 1509 628 1558 καὶ
655 1507 882 1568 πέπτωκε,
911 1503 1032 1555 καθὰ
1058 1505 1134 1554 καὶ
1160 1503 1187 1566 ἠ
1213 1501 1511 1565 ταλαίπωρος
1538 1495 1715 1548 Νινευΐ.

390 1590 702 1654 Πεπολέμηκε
730 1588 792 1651 δὲ,
820 1590 881 1641 ὡς
907 1587 1038 1655 ἔφην,
1065 1589 1139 1637 καὶ
1172 1589 1229 1653 τῇ
1256 1588 1350 1635 τῶν
1373 1582 1610 1633 Ἰουδαίων
1637 1579 1900 1645 Συναγωγῇ

312 1672 429 1725 κατὰ
456 1670 640 1739 καιροὺς
668 1673 692 1723 ὁ
720 1676 813 1723 τῶν
837 1671 963 1722 ὅλων
986 1668 1120 1731 Θεὸς,
1142 1670 1216 1719 καὶ
1242 1670 1324 1731 τῆς
1351 1669 1413 1719 εἷς
1439 1661 1656 1730 Χριστὸν
1680 1660 1901 1721 ἀσεβείας

311 1755 565 1823 ἐπράττετο
601 1755 745 1813 δίκας,
775 1751 956 1819 γυμνὴν
983 1755 1057 1803 καὶ
1090 1749 1342 1818 ἀσχήμονα
1373 1745 1682 1798 ἀναδεικνύων
1709 1745 1784 1794 καὶ
1816 1744 1900 1806 τῆς

312 1839 491 1890 ἄνωθεν
516 1839 804 1904 περιστολῆς
838 1838 1129 1901 ἀμοιροῦσαν
1166 1835 1426 1884 παντελῶς.
1493 1832 1569 1879 καὶ
1598 1832 1736 1878 τοῦτο
1774 1848 1894 1892 προ·-

313 1920 540 1990 ανεφώνει
579 1919 654 1970 διὰ
686 1921 847 1987 φωνῆς
872 1916 1041 1982 Ὠσηὲ,
1084 1915 1238 1981 λέγων
1276 1911 1410 1964 “Aca
1447 1916 1585 1962 τοῦτο
1623 1907 1900 1976 ἐπιστρέψω

313 2010 340 2034 “
367 2005 443 2054 καὶ
486 2007 733 2066 κομιοῦμαι
770 2000 852 2052 τὸν
891 1998 1027 2051 σῖτόν
1068 2021 1158 2062 μου
1198 1997 1303 2048 καθ’
1348 1995 1476 2061 ὤραν
1518 1993 1661 2044 αὐτοῦ
1703 1993 1779 2041 καὶ
1818 1990 1901 2041 τὸν

314 2094 341 2115 “
368 2084 492 2136 οἶνόν
530 2108 621 2149 μου
657 2086 705 2135 ἐν
737 2086 882 2152 καιρῷ
918 2083 1072 2143 αὑτοῦ,
1100 2083 1176 2131 καὶ
1211 2082 1476 2147 ἀφελοῦμαι
1514 2074 1573 2126 τὰ
1612 2072 1772 2137 ἱμάτιά
1810 2095 1901 2135 μου

315 2176 341 2198 “
368 2171 443 2219 καὶ
477 2167 537 2219 τὰ
571 2165 732 2219 ὀθόνιά
765 2189 856 2230 μου
888 2170 970 2216 τοῦ
999 2163 1063 2228 μὴ
1095 2162 1349 2213 καλύπτειν
1373 2159 1458 2224 τὴν
1485 2156 1716 2224 αἰσχύνην
1740 2156 1897 2218 αὐτῆς·

316 2259 342 2280 “
370 2254 445 2302 καὶ
482 2257 564 2302 νῦν
603 2248 905 2318 ἀποκαλύψω
931 2246 1016 2311 τὴν
1043 2245 1338 2311 ἀκαθαρσίαν
1377 2243 1517 2304 αὐτῆς
1556 2237 1762 2290 ἐναντίον
1804 2241 1899 2288 τῶν

272 2346 299 2386 d
318 2341 344 2363 ‘⁴
369 2335 583 2399 ἐραστῶν
611 2333 764 2395 αὐτῆς,
790 2332 865 2381 καὶ
900 2330 1044 2382 οὐδεὶς
1070 2329 1123 2378 οὐ
1158 2327 1223 2391 μὴ
1249 2325 1466 2395 ἐξέληται
1495 2321 1639 2385 αὐτὴν
1664 2321 1713 2370 ἐκ
1748 2318 1901 2387 χειρός

318 2424 344 2445 ίί

369 2415 507 2479 μου.”
562 2415 590 2480 ἡ
616 2413 700 2478 μὲν
725 2412 817 2480 γὰρ
843 2412 899 2482 ἐξ
920 2413 1065 2462 ἐθνῶν
1091 2410 1321 2474 ἐκκλησία
1347 2402 1662 2475 δοξολογήσει
1688 2403 1901 2468 λε’γουσα

367 2582 399 2604 2.
426 2584 491 2604 σου
509 2574 731 2613 assumptum
749 2579 790 2601 ex
810 2566 903 2601 B.D.
917 2565 951 2600 b.
1110 2576 1142 2610 3.
1175 2564 1214 2607 δὴ
1232 2566 1453 2607 assumptum
1470 2571 1511 2594 ex
1530 2558 1577 2592 D.
1739 2570 1772 2600 4.
1797 2558 1901 2597 βασι-

315 2618 422 2652 λείαις
442 2617 470 2650 Β
490 2616 546 2661 (ex
565 2617 684 2658 corn).
705 2615 749 2649 D.
767 2615 955 2655 βασιλεῦσι
974 2611 1065 2646 Edd.
1499 2616 1532 2651 5.
1558 2605 1668 2650 φησίν
1685 2616 1748 2649 pro
1765 2605 1832 2648 ἔφη
1852 2603 1899 2638 D.

317 2664 349 2697 6.
376 2663 576 2708 ι’)φρυωμένη
596 2662 688 2696 Edd.
913 2662 946 2694 8.
974 2658 1133 2703 εἰισθενὴς
1151 2658 1197 2692 D.
1217 2655 1372 2691 εὐσθενές
1391 2654 1433 2688 Β.
1452 2653 1617 2687 εὐσθενῶς
1635 2651 1694 2685 iid.
1744 2652 1828 2696 ἄγαν
1845 2651 1899 2684 καὶ

317 2710 384 2744 hoc
403 2710 521 2744 ordine
542 2710 588 2744 D.
637 2709 719 2743 κατὰ
736 2720 799 2754 pro
816 2708 907 2752 παρὰ
924 2706 984 2741 iid.
1214 2715 1266 2738 10.
1292 2703 1420 2736 εἰδόσιν
1437 2700 1538 2743 αὐτὴν
1554 2699 1693 2733 inverso
1711 2697 1832 2731 ordine
1851 2697 1899 2732 D.

322 2768 375 2790 12.
401 2755 523 2801 μάτην]
543 2758 676 2800 μᾶλλον
694 2755 753 2790 iid.
1041 2764 1093 2794 14.
1120 2752 1173 2786 καὶ
1190 2750 1367 2793 τεθήσεται
1385 2747 1451 2781 hoc
1469 2746 1590 2780 Ordine
1609 2745 1655 2778 D.
1707 2744 1833 2779 Statim
1851 2744 1900 2780 εἷς

318 2810 539 2846 assumptum
557 2815 597 2836 ex
622 2803 664 2837 D.
835 2810 887 2845 15'.
913 2798 1138 2845 πεπόρθηταί]
1158 2795 1347 2841 πεπόρθηκὲ
1367 2793 1457 2828 Edd.
1636 2803 1688 2835 19.
1715 2791 1899 2834 ἐπράττετο

319 2850 411 2884 δίκας
431 2850 476 2883 D.
492 2850 550 2884 τὰς
568 2850 597 2883 δ.
617 2850 799 2894 ἐπράττετο
820 2848 911 2882 Edd.
960 2846 1116 2882 δεικνύων
1136 2846 1182 2880 D.
1325 2853 1379 2875 21.
1407 2841 1461 2874 διὰ
1478 2837 1596 2884 τοῦτο]
1617 2838 1734 2882 Pergit
1751 2837 1770 2880 ἡ
1789 2852 1898 2870 κατοι-

319 2898 426 2930 xoium
445 2897 526 2940 (508
544 2895 578 2929 b.
598 2896 680 2929 folio
699 2896 843 2939 amisso)
862 2895 908 2928 D.
1070 2904 1123 2938 23·
1150 2906 1213 2937 μου
1231 2888 1344 2937 prius]
1369 2892 1404 2928 -1-
1427 2887 1479 2921 καὶ
1497 2885 1556 2920 iid.
1723 2894 1778 2929 25.
1805 2884 1898 2917 ἐναν-

318 2943 391 2976 τίον
410 2942 451 2976 Β.
470 2942 590 2986 (Alex.
610 2942 716 2987 XII.)
734 2943 874 2978 ἐνώπιον
893 2941 984 2976 Edd.
1004 2939 1126 2985 (vat.)
1342 2934 1398 2969 26.
1424 2931 1598 2979 ἐξέληται]
1616 2931 1786 2977 ἀφέληται
1807 2930 1898 2965 Edd.

320 2989 356 3024 ἐκ
374 2995 596 3034 assumptum
613 3000 654 3023 ex
674 2989 716 3023 B.

1917 602 1940 640 01

1922 1017 1969 1043 10

1920 1847 1971 1873 20
