1997 3361
86 168 111 208 i.
135 183 175 224 3.
536 173 611 213 IN
654 174 933 214 ABACUC.
994 173 1145 214 TOM.
1181 173 1215 213 l.
1605 173 1654 212 71

85 303 227 342 ωπον,
263 282 338 331 καὶ
374 282 679 346 ὑπομένοντος
718 283 974 333 δύσοιστον
1011 281 1095 346 τὴν
1133 283 1182 332 ἐκ
1219 284 1313 331 τῶν
1351 281 1521 330 ἀδικεῖν
1559 282 1658 329 εἰω-

85 361 235 413 θότων
263 365 396 429 ὕβριν
422 387 468 414 τε
504 367 577 414 καὶ
603 366 863 430 παροινίαν·
905 365 1126 431 εὐτέχνως
1154 362 1201 413 δὲ
1229 363 1337 412 λίαν
1363 364 1662 426 ἐπιμαρτυρεῖ

85 448 151 512 τῷ
178 448 285 513 Θεῷ
311 445 396 509 τὴν
431 445 635 496 ἐπέκεινα
674 446 821 511 λόγου
859 447 1232 515 φιλανθρωπίαν.
1303 445 1549 512 ἀποφαίνει
1575 442 1660 506 μὲν

85 525 178 592 γὰρ
197 527 557 595 ἀνεξικακοῦντα
581 529 701 590 λίαν,
724 529 870 579 καίτοι
896 532 1050 592 μισεῖν
1070 526 1263 578 εἰωθότα
1288 525 1393 579 τοὺς
1413 526 1657 591 πονηρούς.

44 621 67 659 5
88 607 156 658 ὅτι
195 609 243 659 δὲ
281 610 364 660 οὐκ
402 609 533 663 εὐθὺς
562 615 656 664 τοῖς
687 610 937 661 πταίουσιν
973 608 1132 674 ἐπάγει
1170 608 1253 663 τὰς
1292 609 1434 670 δίκας,
1462 608 1660 674 δέδειχεν

85 691 304 756 ἐναργῶς,
331 695 393 745 εἷς
426 697 563 742 τοῦτο
598 695 780 755 σιωπῆς
818 694 893 742 καὶ
930 692 1249 757 μακροθυμίας
1286 691 1539 758 ἀφικέσθαι
1573 689 1657 740 λε’-

86 794 198 837 γων,
244 775 304 826 ὡς
350 775 530 824 δεῖσθαι
580 772 749 824 λοιπὸν
800 776 873 824 καὶ
923 776 1170 836 καταβοῆς,
1216 775 1277 826 ὡς
1323 770 1532 841 φορητὴν
1577 770 1660 833 μὲν

87 854 234 905 οὐκέτι
264 855 549 917 ποιουμένων
583 860 719 906 τινῶν
750 855 834 918 τὴν
873 856 979 905 καθ’
1014 855 1180 920 ἑτερων
1217 854 1508 922 πλεονεξίαν,
1535 852 1653 920 ἁχοὶ-
1678 874 1700 900 ο

88 942 219 986 λινον
254 936 301 987 δὲ
341 936 503 1003 ὥσπερ
540 936 829 1005 ἐπαφιέντων
866 941 960 990 τοῖς
998 936 1348 1001 ἀσθενεστέροις
1386 935 1471 1000 τὴν
1506 936 1656 1001 ὕβριν.

23 1037 69 1062 10
89 1019 143 1068 δι’
172 1017 237 1068 ὧν
270 1018 363 1085 γὰρ
400 1024 612 1086 καταβοᾷ
638 1019 1017 1087 ἀνεξικακοῦντος
1043 1022 1180 1080 Θεοῦ,
1208 1017 1283 1067 διὰ
1307 1018 1484 1068 τούτων
1510 1018 1661 1067 αὐτῶν

87 1101 386 1165 ἐπιμαρτυρεῖ
418 1105 483 1168 τῷ
519 1104 626 1170 Θεῷ
661 1100 714 1151 τὸ
745 1101 864 1166 πέρα
901 1100 1070 1165 μέτρου
1105 1099 1459 1166 φιλάνθρωπον.
1526 1099 1662 1166 μέχρι

87 1180 180 1247 γὰρ
205 1184 311 1236 τίνος
335 1183 462 1249 φησί
486 1181 607 1252 Κύριε
634 1181 906 1251 κεκράξομαι
936 1188 1012 1234 καὶ
1040 1186 1113 1233 οὐκ
1142 1181 1400 1255 εἰσ-ακούσῃς
1440 1182 1662 1248 βοήσομαι

88 1265 193 1332 προς
227 1262 277 1314 σὲ
314 1260 592 1332 ἀδικούμενος
629 1267 704 1315 noa)
743 1267 785 1316 οὐ
819 1265 1005 1325 &do-2153
1046 1265 1192 1314 καίτοι
1217 1264 1447 1315 πλείστας
1471 1285 1520 1312 τε
1545 1261 1663 1316 ὅσας

89 1347 166 1396 καὶ
191 1345 359 1412 πικρὰς
381 1351 475 1400 τοῖς
500 1345 717 1397 ἐθέλουσι
741 1350 1026 1414 παρανομεῖν
1052 1347 1258 1398 ἀπειλῶν
1284 1344 1368 1399 τὰς
1394 1345 1538 1398 δίκας.

26 1561 174 1611 ῐ5Ἷνα
212 1561 248 1602 τί
285 1576 354 1610 μοι
391 1561 558 1605 ἔδειξας
594 1563 750 1603 κόπους
781 1562 847 1602 καί
883 1562 1040 1603 πόνους
1079 1562 1336 1612 ἐπιβλέπειν,
1362 1559 1659 1617 ταλαιπωρίαν
1682 1581 1704 1616 3

156 1645 224 1686 καὶ
249 1646 472 1698 ἀσέβειαν,
1679 1645 1706 1686 d

163 1773 274 1820 Τῶν
305 1770 450 1836 ἁγίων
482 1768 535 1821 τὸ
570 1768 891 1836 μισοπόνηρον
926 1770 1169 1821 κάντεῦθεν
1207 1767 1265 1820 ἂν
1301 1768 1479 1832 μα’θοις·
1520 1769 1661 1822 ἰδίους·

90 1849 180 1917 γὰρ
206 1849 311 1905 τοῦς
343 1851 508 1917 ἑτέρων
537 1851 815 1917 ὀνομάζουσι
847 1851 1014 1906 πόνους.
1077 1851 1294 1919 ταύτῃτοι
1325 1853 1399 1902 καὶ
1433 1852 1458 1901 ὁ
1487 1851 1658 1920 σοφώ-

90 1931 226 1986 τατός
271 1939 392 2001 φησι
436 1937 628 1987 Παῦλος
670 1940 697 1962 “
716 1933 800 1987 Τίς
842 1935 1034 1984 ἀσθενεῖ
1072 1936 1147 1984 καὶ
1195 1934 1278 1984 οὐκ
1321 1935 1544 1994 ἀσθενῶ;
1593 1933 1662 1986 τίς
1722 1937 1833 2023 ἓξὲξ·

23 2021 117 2055 20“
143 2013 499 2080 σκανδαλίζεται
540 2018 614 2065 καὶ
665 2016 747 2066 οὐκ
796 2013 888 2081 ἐγὼ
937 2021 1171 2081 πυροῦμαι
1190 2016 1227 2074 ;”
1280 2015 1573 2082 προστέταχε
1614 2014 1662 2065 δὲ

90 2099 165 2147 καὶ
192 2097 300 2160 ἡμῖν
326 2098 479 2149 αὐτοῖς
505 2103 533 2125 “
551 2098 727 2148 κλαίειν
759 2097 874 2160 μετὰ
908 2096 1206 2158 κλαίοντων,”
1233 2096 1287 2147 τὸ
1317 2095 1561 2157 συμπαθὲς
1587 2098 1663 2147 καὶ
1723 2112 1819 2162 ann.

1722 2166 1778 2188 xu.
1802 2164 1850 2195 15.

91 2178 400 2246 φιλάλληλον
420 2177 698 2244 ἁγιοπρεπὲς
724 2178 793 2229 ὅτι
818 2178 1032 2243 μάλιστα
1056 2179 1247 2232 δεικνύς·
1289 2176 1413 2229 Θεὸν
1440 2176 1493 2228 δέ
1513 2185 1664 2244 φησιν

91 2261 215 2329 αὐτῷ
241 2261 386 2329 δεῖξαι
415 2260 574 2314 κόπους
599 2282 648 2310 τε
686 2264 760 2311 noa)
793 2260 963 2315 πίνους’
1004 2264 1149 2325 δῆλον
1188 2259 1236 2311 δὲ
1275 2259 1344 2310 ὅτι
1382 2264 1475 2309 τῶν
1512 2281 1664 2325 παρα-

93 2341 399 2406 νομουμένων·
442 2342 652 2402 ἀσέβειαν
686 2342 734 2393 δὲ
763 2346 856 2392 τῶν
893 2344 1064 2393 ἀδικεῖν
1096 2340 1338 2404 εἰωθότων,
1365 2342 1451 2408 οὐχ
1484 2342 1546 2394 ὡς
1583 2342 1703 2391 cuj-e

25 2440 74 2479 25
93 2425 175 2476 τὸν
199 2425 324 2495 αὐτῷ
349 2423 719 2476 κατεσκευακότα
752 2423 806 2475 τὸ
842 2428 1019 2487 παθεῖν,
1045 2425 1154 2475 ἀλλ’
1185 2426 1247 2478 ὡς
1284 2427 1380 2477 τοῖς
1417 2421 1664 2488 δεδρακόσι

144 2609 174 2633 1.
200 2596 413 2632 δυσοιστον(
400 2596 622 2642 υπομὲνοντος
641 2595 686 2630 D.
890 2605 922 2628 2.
947 2608 982 2628 τε
999 2600 1220 2639 assumptum
1237 2605 1278 2628 ex
1297 2593 1344 2627 D.
1547 2604 1580 2637 3.
1605 2594 1667 2637 μὲν

94 2650 316 2688 assumptum
333 2656 374 2678 ex
393 2644 438 2678 D.
629 2651 660 2688 7.
691 2642 734 2677 ὡς
750 2641 902 2686 φορητὴν
921 2641 966 2674 D.
985 2641 1102 2684 οἷστὴν
1120 2640 1210 2675 Edd.
1405 2650 1457 2674 10.
1482 2639 1564 2685 γὰρ]
1588 2644 1625 2680 -ξ-
1646 2642 1665 2674 ὁ

94 2690 271 2746 προφήτης
288 2691 335 2725 D.
398 2690 667 2735 ἁνεξικακοῦντος
684 2690 831 2732 καταβοᾷ
850 2688 987 2722 inverso
1003 2687 1123 2722 ordine
1142 2688 1187 2721 D.
1252 2688 1339 2720 Θεοῦ
1356 2691 1389 2720 et
1405 2687 1511 2720 αὐτῶν
1527 2698 1597 2720 0111.
1617 2687 1665 2722 D.

100 2749 152 2772 11.
178 2752 300 2781 μετρου
319 2737 364 2771 D.
383 2738 488 2782 λόγου
508 2737 549 2771 Β.
567 2737 688 2781 μέτρον
706 2734 797 2769 Edd.
1146 2745 1198 2768 12.
1223 2734 1314 2778 φησὶ
1331 2733 1418 2768 τίνος
1434 2733 1506 2767 inv.
1525 2733 1600 2767 ord.
1621 2734 1664 2768 Β.

97 2783 198 2827 Κύριε
216 2790 435 2828 assumptum
452 2796 492 2818 ex
511 2784 558 2817 D.
778 2792 831 2823 14.
856 2782 1059 2839 παρανομεῖν
1075 2779 1232 2814 ἐθέλουσι
1251 2780 1665 2814 Β.18.ὀνο-

94 2832 238 2884 μάζουσι
262 2831 382 2865 πόνους
406 2830 472 2864 hoc
497 2829 616 2864 ordine
642 2829 688 2863 D.
751 2828 840 2879 φησι
860 2827 912 2860 καὶ
934 2841 969 2861 π.
996 2828 1015 2861 ὁ
1039 2828 1241 2872 σοφώτατος
1265 2826 1403 2859 inverso
1426 2825 1546 2860 ordine
1571 2825 1667 2861 Edd.

95 2877 205 2911 invito
224 2877 270 2911 D.
560 2887 614 2910 21.
641 2875 693 2909 καὶ
711 2886 807 2919 ρῑιιιε
826 2885 893 2908 om.
914 2873 960 2908 D.
1243 2883 1297 2916 23.
1323 2886 1359 2905 τε
1376 2884 1445 2906 om.
1464 2873 1510 2907 D.
1569 2872 1596 2906 δ’
1618 2873 1666 2908 D.

94 2922 393 2968 παρανομουμένων
411 2923 457 2956 D.
477 2922 568 2956 Edd.
586 2921 808 2965 ἀδικουμένων
828 2920 869 2956 Β.
1151 2928 1206 2964 25.
1231 2919 1319 2965 αὐτῷ
1338 2933 1473 2956 κατεσκ.
1493 2919 1538 2955 D.
1557 2920 1669 2955 αὐτοῖς

97 2984 232 3005 κατεσκ.
253 2970 295 3004 Β.
313 2984 383 3004 κατ.
402 2969 490 3015 αὐτῷ
510 2968 602 3004 Edd.
