2001 3361
291 174 366 210 726

342 299 419 328 tum
447 294 522 329 252
545 304 585 337 e3
623 291 826 333 Samariae,
856 292 1051 340 negligen-

339 357 413 392 tiae
443 356 682 392 condemnati
705 358 781 393 316
807 356 854 402 d3
894 356 1047 405 Assyri-

340 433 446 456 orum
461 420 732 456 somnolentiae
747 421 907 458 convicti
919 424 995 458 514
1010 422 1048 467 d;

338 485 581 526 Judaeorum,
601 498 711 532 quam
734 486 871 522 fuerint
888 493 924 522 et
945 499 1051 535 rapa-

339 562 412 590 ceS,
441 555 479 585 et
505 549 630 598 ignavi
663 552 740 586 620
762 563 781 586 c
802 551 853 595 d3
890 551 1048 594 Israelis,

339 614 554 650 seductores
604 620 642 650 et
685 615 1050 663 Pseudoprophetae,

338 679 570 715 devoventur
586 679 701 715 exitio
720 682 796 716 746
810 680 832 715 d
847 692 888 725 e;
919 683 994 716 747
1010 693 1049 726 c;

337 743 579 786 Judaeorum,
632 744 758 792 iniqui,
812 745 1051 781 condemnati

340 811 416 845 756
439 809 461 844 (1
483 821 526 853 e;
570 810 644 846 758
668 809 732 845 ab
753 809 799 855 d;

337 873 520 922 germani,
539 874 718 921 praedicti
737 877 811 911 757
827 888 847 910 a
860 875 883 911 b
900 890 907 916 ;
938 875 1049 911 trium

847 810 1049 851 Ecclesiae,

339 950 520 986 generum
544 939 697 975 Judaeis
726 946 843 981 erant,
866 939 1048 976 Sacerdo-

338 1008 407 1043 tes,
430 1002 598 1044 Judices,
624 1004 854 1052 Interpretes
877 1007 951 1041 762
969 1005 992 1040 (1
1008 1017 1048 1051 e,

340 1080 470 1103 omnes
510 1068 619 1104 simul
654 1069 688 1104 in
725 1069 878 1105 Christo
916 1071 1050 1106 remoti

342 1134 417 1168 763
435 1145 475 1177 e;
517 1133 634 1168 instar
662 1134 867 1169 belluarum
897 1135 1050 1170 Christo

340 1197 590 1233 infremebant
613 1200 688 1234 764
707 1211 746 1243 c;
783 1199 916 1246 quibus
937 1200 1049 1235 armis

339 1262 425 1297 boni
454 1268 617 1304 utantur,
640 1264 773 1311 quibus
803 1264 886 1300 mali
914 1266 989 1301 769
1007 1277 1047 1310 e;

339 1327 439 1370 mali,
471 1327 599 1375 quales
632 1328 745 1363 futuri
781 1335 919 1373 essent,
945 1342 1049 1377 prae-

339 1391 479 1427 dictum
512 1395 588 1429 770
610 1406 630 1428 a
651 1393 697 1434 b;
741 1396 811 1430 771
838 1407 883 1439 a;
923 1394 1048 1442 gladio

338 1455 570 1492 devoventur
588 1460 659 1493 771
679 1457 724 1503 b;
754 1458 960 1498 domestici,
985 1460 1046 1494 i.e.

339 1521 520 1567 Apostoli,
548 1534 613 1569 pcr
638 1521 782 1558 Gentes
810 1523 1047 1572 dispergendi

341 1587 416 1621 792
436 1586 480 1630 (1;
511 1585 606 1628 falsi,
635 1599 769 1635 ncmpc
796 1587 944 1629 Judaei,
969 1601 1048 1637 per-

339 1650 449 1685 dendi
474 1653 550 1686 793
570 1651 591 1686 b
609 1663 640 1686 c.

284 1714 480 1750 Pastorum
526 1716 709 1751 bonorum
746 1717 940 1764 vigilantia
987 1718 1049 1753 ad—

333 1780 455 1826 juvat,
487 1780 671 1816 malorum
704 1781 937 1829 negligentia
966 1795 1043 1818 cor-

337 1845 478 1892 rumpit
498 1858 654 1893 gregem
679 1848 753 1882 793
772 1859 804 1883 e.

284 1909 406 1952 Pater,
447 1909 483 1945 in
523 1910 663 1946 Sancta
699 1911 894 1952 Trinitate,
936 1925 1049 1960 quare

338 1974 478 2021 primus
509 1975 758 2011 nominandus
788 1977 835 2012 sit
864 1979 940 2013 549
963 1977 985 2012 d
1007 1990 1047 2023 e;

339 2051 359 2073 a
378 2037 464 2074 filiis
479 2039 564 2086 jure
584 2040 852 2087 glorificandus
875 2044 950 2078 823
973 2055 991 2077 c
1012 2042 1046 2078 d.

285 2102 460 2144 Pathurc,
497 2117 633 2140 nomen
673 2106 865 2153 cujusdam
900 2107 938 2142 in
973 2108 1047 2143 Ae-

338 2174 456 2216 gypto
478 2169 602 2216 populi
628 2171 702 2205 149
721 2183 753 2207 c,

284 2232 479 2274 Patientia,
526 2234 609 2274 Dei,
654 2234 834 2270 imitanda
879 2249 898 2271 a
941 2236 1048 2272 nobis

340 2299 415 2333 273
433 2310 472 2342 e;
505 2298 550 2333 ad
572 2299 687 2334 vitam
708 2300 786 2347 agit
808 2302 884 2336 832
907 2313 938 2336 c.

285 2361 426 2403 Patres,
457 2362 618 2399 illustres
648 2364 859 2406 virtutibus,
890 2365 1049 2412 posteris

337 2426 502 2474 indignis
536 2433 623 2463 sunt
661 2429 862 2476 opprobrio
896 2432 964 2466 171
1003 2442 1048 2475 e3

339 2491 491 2538 antiqui,
509 2492 681 2528 omnibus
697 2493 902 2530 fidentibus
922 2500 1048 2542 patres

338 2562 444 2591 erant
466 2559 542 2592 473
564 2569 596 2592 a.

287 2618 439 2661 Paulus,
484 2621 609 2657 omnia
961 2623 1049 2660 facit

657 2635 696 2657 se
739 2622 913 2658 omnibus

342 2686 388 2719 16
413 2697 453 2729 e;
499 2685 746 2723 ministerium
777 2700 883 2723 suum
915 2689 1045 2736 ampli-

339 2749 437 2791 ficat,
469 2752 541 2786 138
565 2751 610 2795 d;
655 2752 702 2787 ab
734 2751 856 2799 impiis
885 2753 1048 2800 separari

334 2813 442 2859 jubet
473 2817 546 2851 139
572 2828 615 2857 a;
651 2822 804 2864 propter
832 2816 1047 2864 disciplinae

339 2879 703 2916 commendationem
763 2882 1047 2918 commendatus

341 2942 414 2976 201
453 2956 473 2978 e
490 2956 500 2988 ,-
549 2945 648 2991 quod
686 2945 830 2993 lapsum
870 2946 1045 2983 Israelem

828 173 1042 208 INDEX
1102 173 1348 210 RERUM.

1678 188 1883 212 PASTOREs.

1175 292 1378 334 defleverit,
1412 293 1583 330 laudatus
1618 296 1694 331 207
1730 307 1774 340 c;
1819 309 1883 344 per

1174 358 1360 394 somnium
1386 358 1423 393 in
1444 358 1708 395 Macedoniam
1728 367 1884 396 vocatus

1177 424 1252 459 229
1276 435 1316 464 c;
1349 423 1430 458 visu
1451 423 1617 471 privatus
1637 437 1659 460 a
1678 424 1842 465 Christo,
1864 437 1886 460 a

1175 486 1328 523 Christo
1367 494 1518 523 curatur
1552 491 1628 525 229
1663 489 1710 534 d;

1173 564 1290 588 senex
1330 555 1406 589 229
1442 565 1461 588 e
1480 566 1489 597 3

1175 615 1336 652 Satanae
1353 617 1612 665 castigandum
1627 618 1741 654 tradit
1755 621 1830 656 268
1846 631 1882 665 c;

1174 681 1469 728 sapientissimus
1486 682 1621 718 dicitur
1634 685 1711 719 275
1725 695 1766 728 c;
1791 696 1882 732 gen-

1759 494 1884 526 mente

1538 553 1658 589 virum
1696 553 1882 590 incestum

1174 745 1273 781 tibus
1302 746 1461 793 lapsuris
1492 746 1747 783 infirmitatem
1777 760 1881 784 suam

1173 811 1378 858 exprobrat
1414 813 1490 848 275
1519 811 1564 856 d;
1612 811 1683 847 Dei
1715 812 1881 861 legatum

1174 888 1212 911 se
1229 888 1310 912 esse
1331 876 1490 911 affirmat
1507 878 1584 912 276
1601 888 1641 921 e;
1671 889 1781 912 omne
1797 890 1881 925 pro-

1174 941 1375 988 pemodum
1403 941 1551 976 virtutis
1578 953 1699 988 genus
1725 942 1762 976 in
1783 940 1883 977 Cha-

1174 1005 1283 1041 ritate
1297 1005 1454 1041 collocat
1471 1007 1542 1041 331
1563 1017 1582 1041 e
1598 1020 1605 1046 ;
1631 1018 1715 1041 cum
1730 1005 1882 1042 Christo

1174 1070 1373 1106 crucifixus
1414 1072 1490 1106 429
1521 1070 1578 1114 b;
1629 1070 1761 1118 quibus
1799 1071 1883 1107 telis

1174 1135 1329 1170 militem
1377 1135 1632 1170 Christianum
1684 1136 1884 1172 armaverit

1175 1202 1251 1235 440
1266 1212 1307 1243 a;
1334 1199 1482 1234 discidit
1502 1200 1739 1243 vestimenta,
1758 1201 1885 1236 audita

1173 1263 1405 1311 blasphemia
1439 1266 1516 1300 496
1542 1264 1590 1309 b;
1636 1265 1732 1300 mala
1765 1265 1884 1301 aliena

1172 1341 1239 1376 pro
1261 1328 1338 1364 suis
1358 1329 1491 1365 habuit
1512 1331 1588 1365 519
1606 1342 1647 1374 e;
1679 1330 1785 1365 malis
1806 1330 1884 1366 suis

1173 1393 1320 1429 liberari
1342 1406 1408 1441 per
1428 1400 1588 1430 mortem
1608 1394 1726 1430 voluit
1743 1397 1820 1432 520
1837 1407 1869 1431 a.

1122 1458 1337 1506 Paupertas,
1370 1458 1585 1494 hominibus
1618 1459 1769 1501 invisos,
1802 1460 1883 1495 Deo

1173 1535 1290 1567 caros
1312 1523 1435 1559 reddit
1455 1525 1531 1559 267
1549 1536 1570 1559 a
1586 1524 1622 1559 d.

1119 1588 1208 1632 Pax,
1249 1588 1478 1635 temporalis,
1522 1588 1705 1636 promissa
1743 1591 1793 1625 50
1833 1601 1851 1625 e
1873 1602 1882 1635 ;

1172 1652 1322 1699 quando
1361 1653 1447 1688 data
1491 1655 1536 1689 51
1577 1666 1596 1689 a
1617 1666 1626 1699 ;
1676 1654 1883 1703 spiritualis

1171 1717 1414 1764 intelligenda
1443 1719 1489 1754 51
1507 1718 1558 1762 d3
1594 1730 1660 1765 per
1688 1718 1881 1754 Christum

1171 1781 1269 1817 facta
1290 1784 1338 1817 52
1357 1795 1397 1825 c;
1434 1782 1624 1829 praedicta
1650 1783 1687 1818 in
1713 1789 1882 1831 tempore

1172 1847 1370 1894 Evangelii
1396 1846 1524 1882 futura
1544 1850 1620 1884 427
1639 1847 1683 1893 d;
1718 1861 1784 1896 per
1805 1849 1880 1884 Ro-

1173 1924 1324 1947 manum
1362 1912 1560 1959 imperium
1590 1912 1676 1948 data
1705 1913 1882 1961 gentibus

1173 1978 1248 2013 428
1291 1976 1341 2021 b;

1172 2041 1373 2077 fidentibus
1399 2041 1510 2077 datur
1538 2043 1613 2077 428
1636 2054 1677 2087 c;
1712 2055 1788 2078 non
1815 2043 1883 2078 irn-

1170 2106 1240 2154 piis
1280 2118 1459 2142 concessa
1497 2108 1573 2142 455
1609 2118 1628 2141 c
1663 2106 1714 2151 d;
1763 2120 1882 2155 neque

1175 2184 1249 2207 non
1271 2171 1514 2218 diligentibus
1530 2169 1720 2207 Christum
1740 2174 1814 2208 458
1831 2172 1855 2208 b
1871 2185 1881 2218 ;

1169 2236 1310 2283 templo
1346 2235 1523 2277 secundo,
1558 2236 1580 2272 i.
1611 2249 1644 2273 e.
1680 2236 1881 2282 Ecclesiae,

1399 1977 1612 2024 spiritualis,
1652 1977 1688 2012 in
1730 1976 1882 2014 Christo

1170 2300 1399 2348 promittitur
1439 2302 1515 2337 642
1554 2314 1602 2347 e,
1652 2301 1689 2337 in
1729 2302 1881 2337 Christo

1172 2365 1252 2413 ipso
1283 2365 1512 2412 exquirenda
1540 2367 1616 2402 643
1639 2379 1682 2411 a;
1731 2368 1806 2402 716
1827 2366 1879 2411 d3

1173 2431 1245 2465 721
1270 2441 1314 2471 c;
1356 2431 1431 2465 722
1454 2442 1500 2471 a;
1536 2431 1763 2478 temporalis,
1795 2431 1880 2467 des-

1170 2494 1326 2530 cribitur
1356 2506 1421 2541 per
1450 2507 1646 2531 numerum
1678 2507 1878 2543 puerorum

1171 2559 1378 2594 ludentium
1412 2561 1488 2595 716
1510 2572 1555 2603 a;
1600 2559 1690 2595 item
1724 2572 1790 2607 per
1822 2559 1877 2594 in-

1170 2623 1421 2672 gredientium
1448 2629 1486 2659 et
1505 2624 1781 2672 egredientium
1809 2635 1879 2659 nu-

1171 2700 1313 2724 merum
1346 2691 1422 2725 720
1445 2701 1464 2724 e
1480 2702 1490 2735 3
1530 2694 1616 2724 ante
1646 2688 1877 2724 Incarnatio-

1169 2766 1255 2789 nem
1281 2753 1384 2789 nulla
1403 2759 1483 2789 erat
1506 2754 1579 2789 721
1604 2765 1625 2789 a
1641 2752 1686 2797 b;
1722 2752 1759 2787 in
1779 2752 1878 2788 arbi-

1169 2817 1241 2853 trio
1271 2816 1345 2853 Dei
1374 2817 1588 2865 peragendo
1618 2816 1688 2852 sita
1720 2817 1795 2853 838
1827 2829 1878 2863 a3

1168 2881 1214 2917 ab
1236 2882 1328 2923 Elia,
1350 2881 1572 2929 praenuntio
1593 2880 1746 2923 Christi,
1769 2881 1876 2917 resti-

1167 2946 1307 2983 tuenda
1327 2947 1405 2983 869
1423 2958 1452 2981 c.
