2053 3382
288 216 372 255 546
675 214 723 251 Β,
769 208 1051 250 CYRILLI
1103 206 1488 247 ALEXANDR.

293 324 567 389 Μαλαχίας,
603 320 651 373 ὃς
688 319 744 383 δὴ
782 322 991 369 καλεῖται
1025 318 1099 367 καὶ
1119 314 1377 381 ”Αγγελος,
1409 311 1749 379 διερμηνεύεται
1782 309 1874 374 γὰρ

291 402 379 455 ὧδε
421 402 695 468 Μαλαχίας.

367 486 443 536 Οὐ
489 480 805 549 παραδεκτέον
848 480 895 532 δὲ
939 480 1047 534 τούς
1092 502 1230 530 τινων
1269 479 1375 544 περὶ
1420 477 1562 527 αὑτοῦ
1605 473 1793 539 λόγους,
1836 471 1878 521 οἳ

74 587 150 622 817
166 586 216 619 A.
253 567 445 632 αμάτην
480 563 891 633 ἐῤῥαψῳδήκασιν,
932 561 1142 627 ἄγγελον
1180 558 1265 623 μὲν
1295 558 1380 623 τὴν
1415 557 1564 626 φύσιν
1594 555 1796 619 οἰόμενοί
1831 576 1879 603 τε

295 650 367 699 καὶ
396 647 628 711 λέγοντες,
656 647 1042 708 σεσωματῶσθαι
1069 641 1219 708 γεμὴν
1246 640 1364 692 κατὰ
1392 644 1516 691 Θεοῦ
1543 637 1779 699 βούλησιν
1805 636 1877 685 καὶ
1901 653 1921 687 5

294 731 343 781 ἐν
380 727 630 796 προφήτου
665 727 794 796 τάξει
829 726 1050 792 γενέσθαι
1088 729 1184 777 τοῖς
1219 724 1275 791 ἐξ
1304 720 1525 788 Ἰσραήλ.
1580 719 1753 785 ε’ίρηται
1788 715 1881 782 γὰρ

295 811 514 876 ἅγγελος,
554 812 615 863 ὡς
661 809 792 877 ἔφην,
833 807 1048 869 μάλιστα
1087 804 1171 865 μὲν
1210 807 1284 855 καὶ
1323 809 1406 854 τοῦ
1445 802 1672 865 ὀνόματος
1709 799 1883 861 ταύτην

297 892 486 959 ἔχοντος
519 893 590 959 ἐφ’
623 893 769 959 ἑαυτῷ
800 890 886 953 τὴν
912 889 1172 955 ἑρμηνείαν·
1217 884 1316 937 εἶτα
1350 885 1420 936 ὅτι
1455 884 1561 937 τοὺς
1596 883 1773 933 ἄνωθεν
1809 882 1883 930 καὶ

296 973 426 1040 παρὰ
454 977 579 1024 Θεοῦ
616 971 787 1038 λόγους
822 970 1141 1037 ἀπαγγέλλων
1167 973 1262 1022 τοῖς
1297 969 1353 1036 ἐξ
1387 965 1589 1032 Ἰσραὴλ
1623 963 1799 1014 καλοῖτ’
1829 961 1885 1011 ἂν

300 1057 382 1106 οὐκ
426 1054 665 1108 ἀπιθάνως
710 1056 783 1104 καὶ
829 1054 1047 1118 ἄγγελος.
1104 1054 1179 1102 καὶ
1224 1056 1339 1116 γοῦν
1378 1048 1516 1101 αὐτὸς
1561 1047 1586 1097 ὃ
1626 1043 1886 1112 Προφήτης·
1912 1066 1957 1089 10

81 1139 222 1222 {1⁶³³st
256 1139 283 1178 b
305 1138 565 1205 Μαλαχίας
601 1139 647 1187 ἐν
673 1140 769 1189 τοῖς
804 1135 975 1203 ἐφεξῆς
1009 1137 1113 1199 περὶ
1149 1132 1324 1185 παντὸς
1360 1131 1512 1197 ἱερέως
1548 1129 1699 1196 φησίν
1729 1126 1887 1176 ιετιΟτι

302 1228 329 1249 “
354 1221 490 1287 χείλη
531 1220 682 1285 ἱερέως
722 1216 986 1285 φυλάξεται
1030 1219 1210 1280 γνῶσιν
1249 1215 1323 1264 καὶ
1369 1212 1512 1276 νόμον
1550 1207 1889 1274 ἐκζητήσουσιν

302 1309 330 1331 “
356 1303 406 1352 ἐκ
443 1299 683 1364 στόματος
718 1300 881 1360 αὐτοῦ,
913 1298 1028 1348 διότι
1063 1297 1267 1363 ἄγγελος
1303 1294 1479 1362 Κυρίου
1513 1288 1890 1355 παντοκράτορός

305 1390 333 1413 “
360 1383 507 1434 ἐστι.”
561 1384 667 1448 περὶ
705 1381 759 1432 δέ
792 1403 843 1447 γε
881 1386 963 1431 τοῦ
997 1377 1307 1442 Ἐμμανουὴλ
1345 1378 1369 1427 ὁ
1403 1374 1652 1443 προφήτης
1683 1371 1891 1424 Ἠσαίας

85 1482 139 1554 {22³-
158 1481 246 1518 ix-5¹
309 1473 337 1495 ‘⁶
360 1467 453 1516 Καὶ
480 1464 758 1528 θελήσουσι,
779 1464 944 1530 φησὶν,
965 1466 999 1512 εἰ
1027 1460 1320 1525 ἐγενήθησαν
1345 1459 1668 1524 πυρίκαυστοι,
1689 1455 1759 1505 ὅτι
1785 1476 1888 1504 παι-
1917 1469 1962 1506 15

93 1536 115 1556 >.
310 1554 337 1577 ‘⁵
363 1548 462 1598 δίον
493 1546 730 1613 ἐγεννήθη,
759 1543 852 1598 υἱὸς
885 1546 959 1594 καὶ
991 1541 1127 1606 ἐδόθη
1159 1542 1280 1605 ἡμῖν,
1309 1542 1383 1592 καὶ
1418 1544 1625 1590 καλεῖται
1658 1536 1712 1587 τὸ
1746 1535 1894 1597 ὄνομα

309 1637 336 1660 “
363 1630 504 1679 αὑτοῦ
532 1627 766 1693 Μεγάλης
791 1628 971 1688 βουλῆς
999 1624 1250 1689 ἄγγελος.”
1303 1623 1414 1690 ὁρᾷς
1451 1620 1521 1671 ὅτι
1554 1618 1608 1670 τὸ
1644 1619 1893 1682 ἀπαγγέλ-

310 1719 410 1762 λειν
435 1710 603 1776 ἕτεροις
631 1708 715 1772 τὴν
741 1711 823 1771 τῆς
855 1706 1076 1757 ἀνωτάτω
1107 1706 1297 1773 φύσεως
1323 1703 1559 1766 βούλησιν
1586 1698 1895 1764 ὀνομάζεσθαι

311 1795 387 1844 καὶ
431 1792 664 1858 ἀγγέλους
710 1787 1048 1854 παρεσκεύασέ
1083 1810 1229 1848 τινας,
1273 1787 1420 1836 καίτοι
1465 1782 1583 1834 κατὰ
1624 1781 1772 1850 φύσιν
1813 1781 1895 1830 οὐκ

313 1875 451 1929 ὄντας
485 1874 747 1940 ἀγγέλουςς
792 1873 1030 1936 ἄνθρωποι
1057 1869 1140 1932 μὲν
1171 1868 1264 1933 γὰρ
1300 1871 1341 1918 οἱ
1377 1866 1458 1917 τὸν
1483 1870 1606 1916 θεῖον
1637 1865 1745 1927 ἡμῖν
1779 1866 1896 1927 διερ-
1919 1882 1967 1905 20

276 1978 296 2003 C
315 1956 588 2023 μηνεύοντες
627 1954 783 2017 νόμον,
808 1952 1049 2004 τουτέστιν
1084 1954 1126 2002 οἱ
1166 1955 1306 2016 ἱερεῖς·
1348 1948 1469 2002 Θεὸς
1503 1948 1549 1998 δὲ
1585 1948 1659 1997 καὶ
1693 1947 1743 1996 ἐκ
1775 1949 1899 1995 Θεοῦ

315 2039 434 2090 κατὰ
461 2039 610 2107 φύσιν
637 2039 660 2088 ὁ
688 2036 814 2090 Υἱός.

383 2119 669 2188 ’Ἄνθρωπος
712 2119 767 2182 δὴ
813 2118 893 2168 οὖν
933 2116 1038 2167 καθ’
1080 2116 1201 2179 ἡμᾶς
1246 2115 1270 2164 ὁ
1318 2111 1577 2180 Προφήτης
1621 2109 1897 2175 Μαλαχίας·

317 2203 512 2268 σύμπας
547 2201 596 2253 δὲ
632 2200 795 2266 ὥσπερ
831 2201 955 2268 αὐτῷ
996 2200 1077 2261 τῆς
1114 2196 1401 2264 προφητείας
1440 2195 1465 2243 ὁ
1501 2191 1681 2245 σκοπὸς
1719 2195 1780 2244 εἷς
1820 2190 1901 2239 δύο

317 2291 464 2338 ταῦτα
490 2284 789 2335 συντείνεται.
847 2279 1156 2347 ἐγηγερμένου
1190 2278 1283 2344 γὰρ
1316 2282 1399 2327 τοῦ
1433 2276 1556 2327 θείου
1588 2280 1714 2336 ναοῦ,
1742 2278 1901 2339 καιροῦ
1924 2291 1971 2327 25

319 2373 576 2420 καλοῦντος
603 2369 668 2419 εἶς
695 2364 955 2430 ἱερουργίαν
981 2361 1088 2414 τοὺς
1120 2357 1473 2426 προεστηκότας
1500 2361 1643 2416 λαῶν,
1669 2355 1770 2419 ἤτοι
1798 2354 1903 2408 τοῦς

319 2450 376 2519 ἐξ
408 2449 602 2512 αἵματος
636 2453 719 2498 τοῦ
747 2447 871 2507 Λευὶ,
900 2444 1106 2512 ἐφιέντος
1143 2441 1192 2493 δὲ
1225 2439 1388 2506 ὥσπερ
1425 2441 1498 2490 καὶ
1537 2439 1690 2491 αὐτοῖς
1723 2442 1819 2490 τοῖς
1852 2437 1908 2504 ἐξ

320 2530 523 2598 Ἰσραὴλ
572 2533 801 2594 πληροῦν,
857 2531 893 2577 εὶ
945 2524 1210 2587 βούλοιντο,
1261 2521 1344 2575 τὰς
1393 2520 1512 2571 κατὰ
1561 2519 1704 2582 νόμον
1752 2517 1903 2585 εὐχὰς,

322 2614 569 2681 ἐκέχρηντο
604 2609 690 2675 μὲν
728 2614 826 2662 ταῖς
868 2606 943 2658 διὰ
987 2605 1231 2658 Μωυσέως
1275 2605 1497 2663 ἐντολαῖς,
1543 2602 1596 2651 οὐ
1639 2599 1731 2663 μὴν
1769 2601 1898 2660 ἀμω-

377 2787 406 2810 1.
434 2775 470 2809 δέ
488 2786 550 2819 pro
567 2774 633 2819 γὰρ
652 2773 699 2807 D.
901 2782 934 2815 3.
960 2770 995 2804 δὲ
1014 2774 1236 2812 assumptum
1253 2779 1293 2801 ex
1315 2766 1356 2800 B.
1376 2765 1471 2799 deest
1488 2764 1524 2797 in
1544 2763 1589 2797 D.
1788 2775 1820 2804 4.
1847 2763 1907 2805 μὲν

327 2834 397 2857 om.
418 2822 460 2856 B.
478 2821 583 2855 habet
604 2821 648 2853 D.
885 2828 918 2862 5.
944 2819 1031 2850 Θεοῦ
1048 2815 1218 2858 βούλησιν
1234 2814 1301 2848 hoc
1318 2812 1438 2846 ordine
1458 2811 1499 2844 Β.
1518 2810 1589 2843 inv.
1607 2808 1728 2842 ordine
1747 2808 1793 2842 D.
1814 2809 1905 2843 Edd.

333 2878 385 2912 15.
412 2867 635 2913 ἐγενήθησαν]
657 2865 811 2910 ἐγένοντο
829 2864 920 2898 Edd.
1067 2862 1119 2896 18.
1146 2861 1205 2904 τὴν
1222 2862 1279 2904 τῆς
1296 2859 1451 2893 ἀνωτάτω
1469 2856 1607 2901 φύσεως
1623 2855 1793 2897 βούλησιν
1814 2855 1905 2889 B.D.

329 2915 370 2948 τὰ
387 2917 444 2957 τῆς
460 2915 628 2956 ἀνωτάτης
645 2912 784 2957 φύσεως
802 2911 860 2945 iid.
1106 2919 1158 2952 19.
1184 2905 1419 2950 παρεσκεύασε
1439 2903 1531 2936 B.D.
1548 2903 1795 2946 παρασκευάζει
1815 2901 1905 2935 Edd.

333 2971 388 2994 20.
414 2960 491 3004 ἡμῖν
507 2965 729 3003 assumptum
748 2970 789 2992 ex
810 2957 900 2991 B.D.
1070 2954 1124 2988 26.
1151 2952 1259 2998 λαῶν]
1279 2953 1364 2985 λαοῦ
1383 2949 1474 2984 Edd.
1643 2959 1697 2993 27.
1724 2947 1907 2992 αἵματος-

331 3006 442 3040 αὐτοῖς
459 3008 529 3040 τοῖς
546 3017 615 3039 om.
636 3005 770 3048 Migne.
964 3003 1019 3036 28.
1044 2998 1243 3043 βούλοιντο]
1262 2998 1397 3032 ἕλοιντο
1415 2995 1473 3029 iid.
