1997 3361
126 163 284 214 ii.1,2.
584 168 656 208 IN
699 170 970 210 NAlll'M.
1033 169 1172 209 ΤΟΜ.
1212 169 1240 207 1.
1647 169 1698 206 535

121 298 270 337 μασιν
321 281 381 331 εἷς
432 277 516 342 τὴν
565 280 786 339 ἄβυσσον
835 283 1074 341 ἀπελθεῖν,
1129 283 1203 329 καὶ
1250 278 1354 329 δοὺς
1412 283 1505 329 τοῖς
1561 276 1700 326 αὑτὸν

120 359 344 422 ἀγαπῶσι
390 365 483 411 τῶν
527 363 706 428 ἐχθρῶν
754 363 1198 431 κατεξανίστασθαι,
1243 363 1316 411 καὶ
1369 359 1486 409 κατὰ
1534 362 1700 409 παθῶν

118 441 412 507 ἀνδρίζεσθαι
465 446 538 493 καὶ
586 446 812 510 ἁμαρτίας
859 450 1108 495 καταθλεῖν
1158 446 1231 493 καὶ
1285 450 1311 471 ‘⁶
1328 447 1491 492 πατεῖν
1543 440 1698 491 ε’πάνω
1761 455 1792 483 s.
1812 455 1886 484 1,=1‹·.

118 523 324 590 αὄφεων
375 527 449 576 καὶ
496 527 739 591 σκορπίων
789 530 863 578 καὶ
908 529 982 578 ἐπὶ
1032 531 1196 578 πᾶσαν
1240 525 1324 588 τὴν
1369 524 1563 587 δύναμιν
1614 527 1696 573 τοῦ
1760 520 1765 526 ’
1852 523 1857 528 ’

76 622 97 658 5
118 611 143 634 “
170 607 384 673 ἐχθροῦ.”

1629 811 1637 823 2
1656 818 1667 822 -
1716 784 1813 832 Κεφ.
1837 781 1889 830 β’.

117 810 462 863 Συντετελεοται,
497 815 683 872 ἐξῆρται·
726 816 854 863 ἀνέβη
893 814 1096 869 ἐμφυσῶν
1133 812 1192 854 εἰς
1228 813 1461 869 Πρύῆωηόν
1501 828 1587 862 σου,
1625 823 1693 853 εἰ-
1716 852 1734 867 0
1784 854 1803 875 L

182 897 434 952 οιιρούμενοο
471 898 517 938 ἐκ
557 898 758 948 θλίψεως.

185 1028 270 1079 Ὠς
305 1027 543 1094 ἀραρότως
579 1028 680 1092 ἤδη,
716 1030 791 1078 καὶ
823 1027 976 1091 πάντη
1015 1050 1063 1077 τε
1101 1030 1174 1077 καὶ
1207 1027 1393 1079 πάντως
1433 1031 1687 1088 συμβησο-

112 1109 250 1168 μένου
288 1114 371 1159 τοῦ
402 1113 494 1160 δεῖν
533 1111 801 1161 ἀπολέσθαι
839 1110 924 1174 τὴν
960 1110 1134 1171 Νινευῒ,
1174 1108 1501 1160 συντετελέσθαι
1541 1109 1693 1176 φησὶν

47 1224 92 1248 10
112 1189 268 1254 αὐτὴν,
295 1189 349 1241 τὸ
377 1190 473 1241 οῖον
498 1194 650 1243 ἐλθεῖν
680 1195 742 1245 εἷς
775 1191 1049 1243 συντέλειαν
1076 1191 1150 1242 διὰ
1189 1191 1354 1242 τούτου
1387 1193 1558 1254 δηλῶν.
1617 1191 1691 1239 καὶ

111 1272 203 1336 μὴν
234 1275 308 1324 καὶ
345 1273 521 1348 έξῇρθαι,
547 1276 791 1326 τουτέστιν
830 1275 1108 1342 ἐκκεκόφθαι
1146 1297 1195 1324 τε
1234 1272 1436 1324 εἷσοῖπαν
1470 1275 1545 1322 καὶ
1582 1275 1691 1339 ἀνῃ-

110 1359 286 1421 ρῆσθαι
321 1361 582 1410 παντελῶς.
650 1358 698 1407 εὖ
739 1356 787 1407 δὲ
827 1357 883 1420 δὴ
923 1356 1117 1424 σφόδρα
1162 1359 1236 1407 καὶ
1273 1356 1326 1406 τὸ
1365 1356 1499 1415 ἀνέβη
1539 1357 1690 1423 φησὶν

109 1441 182 1489 ἐπὶ
214 1439 386 1505 Κύρου,
411 1439 508 1502 μετ’
535 1438 786 1507 ἐμφάσεως
822 1437 952 1503 οἶμαί
984 1463 1075 1490 που
1113 1439 1322 1489 τοιοῦτόν
1356 1461 1399 1488 τι
1431 1438 1688 1501 σημαίνων,
1707 1442 1733 1481 d

111 1523 271 1573 ὁποῖον
305 1522 395 1589 ἔφη
433 1525 537 1588 περὶ
573 1523 714 1573 αὑτοῦ
753 1524 828 1572 καὶ
867 1524 891 1572 ὁ
916 1521 1163 1590 προφήτης
1199 1521 1433 1586 Ἱερεμίας,
1472 1519 1531 1570 τὰ
1570 1518 1690 1570 κατὰ

44 1627 88 1663 15
111 1603 293 1670 καιροὺς
327 1603 528 1668 ἐσόμενα
562 1610 620 1673 τῇ
653 1605 813 1656 Νινευῖ
847 1608 1203 1672 προαναφωνῶν
1235 1603 1456 1667 “Ἀνε’βη
1484 1602 1605 1652 λε’ων
1639 1603 1688 1652 ἐκ
1750 1600 1844 1677 {¹¹⁰5

110 1694 136 1716 ‘⁶
162 1689 242 1750 τῆς
273 1686 480 1753 μάνδρας
511 1688 664 1750 αὐτοῦ,
697 1686 1018 1755 ἐξολοθρεύων
1052 1687 1161 1750 ε”θνη
1199 1686 1348 1753 ἐξῇρε,
1385 1686 1459 1735 καὶ
1490 1685 1690 1753 ἐξῆλθεν

108 1776 135 1797 “
161 1770 210 1819 ἐκ
244 1775 326 1820 τοῦ
359 1770 504 1820 τόπου
538 1770 693 1832 αὐτοῦ,
720 1775 802 1820 τοῦ
837 1773 980 1820 θεῖναι
1012 1767 1097 1832 τὴν
1121 1772 1212 1834 γῆν
1237 1791 1329 1818 σου
1353 1772 1414 1820 εἷς
1438 1766 1688 1834 ἐρήμωσιν,

108 1858 135 1879 “
159 1853 233 1901 καὶ
260 1855 305 1902 αἱ
328 1851 489 1904 πόλεις
515 1875 606 1902 σου
632 1849 1031 1917 ἐρημωθήσονται,
1049 1850 1178 1917 παρὰ
1204 1849 1258 1901 τὸ
1284 1849 1349 1914 μὴ
1370 1852 1688 1900 κατοικεῖσθαι

108 1940 135 1961 “
161 1933 347 1987 αὑτάς.”
413 1933 554 2000 θηρὸς
590 1933 684 2000 γὰρ
718 1935 881 2000 ἀγρίου
916 1934 1046 1998 δίκην
1081 1932 1387 1998 ἐπιθρώσκων
1421 1937 1478 2000 τῇ
1513 1932 1686 1993 Νινευῒ,

38 2050 87 2073 20
107 2014 213 2069 τοὺς
247 2018 294 2066 ἐν
332 2017 448 2083 αὐτῇ
481 2016 798 2080 κατεδήδοκεν.
863 2016 972 2066 ἀλλ’
1018 2015 1202 2068 ἐκείνοις
1239 2013 1324 2078 μὲν
1363 2017 1424 2068 ὡς
1462 2014 1685 2076 πολέμιος

106 2096 251 2151 δεινός
275 2121 324 2148 τε
354 2102 428 2148 καὶ
455 2099 696 2163 ἀτεράμων
718 2097 787 2162 ἦν,
815 2100 890 2148 καὶ
922 2097 1191 2163 ἄθραυστος
1225 2101 1287 2151 εἷς
1325 2096 1470 2162 ὀργὰς
1507 2095 1684 2161 γέγονε,

104 2184 200 2234 τοῖς
231 2180 278 2230 δὲ
312 2181 369 2249 ἐξ
390 2179 589 2247 Ἰσραὴλ
625 2181 830 2248 ἐμφυσῶν
863 2185 922 2235 εἰς
956 2182 1183 2246 πρόσωπον
1210 2181 1283 2230 καὶ
1321 2178 1608 2248 ἐξαιρούμενος
1633 2179 1682 2229 ἐκ
1701 2199 1722 2224 e

105 2260 319 2332 θλίψεως,
346 2263 587 2314 τουτέστιν
614 2261 935 2312 ἀπαλλάττων
966 2261 1133 2315 αὐτοὺς
1164 2265 1246 2325 τῆς
1280 2260 1544 2324 ἀσυνήθους
1576 2263 1682 2311 δου-

105 2345 245 2408 λείας,
277 2347 466 2410 δεσμῶν
504 2347 660 2406 ἀνιεὶς,
691 2344 1020 2411 αἰχμαλώτους
1056 2343 1193 2398 ὄντας
1225 2343 1566 2405 ἀνακτώμενος,
1606 2342 1682 2393 διὰ

155 2527 184 2550 1.
210 2514 305 2561 δοὺς]
326 2515 437 2550 διδοὺς
456 2515 502 2549 D.
774 2525 804 2548 2.
829 2514 1006 2560 ἀγαπῶσιν
1022 2515 1122 2549 αὐτὸν
1139 2520 1171 2548 et
1189 2513 1400 2556 κατεξανίστ.
1418 2516 1483 2546 τῶν
1500 2512 1631 2556 ἐχθρῶν
1648 2520 1681 2547 et

103 2562 228 2607 ἀνδρίζ.
247 2563 329 2596 κατὰ
345 2563 459 2597 παθῶν
476 2563 614 2597 inverso
632 2561 752 2595 ordine
770 2561 817 2595 D.
1034 2573 1067 2606 3.
1093 2561 1271 2595 καταθλεῖν
1291 2560 1331 2594 B.
1349 2560 1501 2593 καθελεῖν
1520 2559 1565 2592 D.
1588 2559 1679 2594 Edd.

104 2610 257 2644 καθελεῖν
284 2609 341 2653 ἁμ.
369 2610 507 2644 inverso
533 2609 654 2643 ordine
682 2609 729 2642 D.
797 2608 907 2642 ἐπάνω
932 2607 992 2651 ὅφ.
1020 2609 1073 2642 καὶ
1101 2622 1225 2651 σκορπ.
1251 2609 1368 2641 πατεῖν
1393 2607 1532 2639 inverso
1558 2605 1680 2640 ordine

103 2656 196 2690 Edd.
214 2657 322 2690 invito
342 2657 387 2690 D.
694 2655 726 2689 6.
753 2653 814 2699 εἷς]
839 2659 876 2695 -ὶ-
897 2656 935 2688 τὸ
960 2655 995 2688 F.
1016 2655 1107 2689 Edd.
1126 2655 1197 2699 (49,
1221 2664 1296 2698 153,
1316 2653 1388 2686 XII
1407 2652 1468 2686 sed
1486 2652 1636 2687 deletum
1650 2655 1678 2697 ?)

102 2702 136 2736 S.
162 2703 216 2736 καὶ
232 2704 363 2738 πάντως
380 2714 450 2736 om.
469 2702 516 2736 D.
567 2702 692 2737 Statim
711 2701 974 2746 συμβησομένου
992 2708 1071 2745 post
1088 2700 1204 2734 Νινευῒ
1219 2707 1351 2744 transp.
1372 2700 1417 2733 D.
1517 2710 1569 2733 12.
1588 2701 1678 2745 φησι

102 2756 182 2793 post
199 2750 311 2794 Κύρου
328 2756 460 2793 transp.
481 2750 528 2784 D.
778 2759 830 2790 14.
857 2749 897 2781 τὰ
915 2749 996 2781 κατὰ
1015 2762 1043 2782 κ.
1063 2746 1224 2792 ἐσόμενα]
1245 2748 1327 2780 κατὰ
1344 2760 1373 2780 κ.
1391 2747 1429 2780 τὸ
1447 2746 1610 2789 ἐσόμενον
1630 2747 1675 2780 D.

106 2796 158 2830 16.
184 2797 282 2841 ἐξῇρε
299 2802 331 2830 et
348 2796 470 2840 ἐξῆλθε
488 2797 576 2830 inter
594 2808 630 2830 se
647 2802 778 2839 transp.
800 2795 844 2828 D.
864 2795 975 2838 (198.)
1253 2804 1305 2837 17.
1328 2794 1380 2826 18.
1407 2808 1472 2827 σου
1487 2800 1678 2838 utrumque

102 2849 323 2888 assumptum
341 2855 382 2876 ex
399 2843 444 2876 D.
459 2843 576 2886 (XII.)
594 2843 637 2877 cf.
652 2854 756 2886 supra
774 2841 837 2886 165
851 2841 885 2875 b.
1144 2840 1196 2874 18.
1215 2839 1489 2883 ἐρημωθὴσονται
1506 2840 1610 2874 habet
1630 2840 1676 2874 D.

102 2890 328 2924 κατοικεῖσθαι
343 2890 388 2924 D.
406 2890 649 2932 κατοικίζεσθαι
667 2888 756 2923 Edd.
1028 2898 1081 2921 20.
1108 2885 1340 2932 κατεδήδοκεν]
1361 2888 1612 2931 κατεβρώχισεν
1631 2887 1676 2920 D.

102 2935 233 2970 ἐκείνων
251 2936 297 2970 D.
480 2948 534 2971 21.
563 2936 693 2982 γέγονε,
713 2937 781 2971 τοῖς
798 2933 850 2979 δὲ]
871 2934 988 2979 γέγονε
1007 2934 1040 2968 δέ
1060 2936 1128 2969 τοῖς
1147 2934 1192 2967 D.
1381 2944 1435 2978 23.
1462 2934 1580 2968 αὐτοὺς
1599 2938 1677 2978 post

103 2982 254 3018 δουλείας
273 2989 404 3028 transp.
426 2983 470 3017 D.

850 3052 916 3079 ΕΞ
