1997 3361
65 139 103 178 ii.
136 141 196 187 16,
227 151 286 190 17.
517 140 583 180 IN
634 140 908 180 ARACUC.
971 139 1119 179 TUM.
1158 138 1189 177 l.
1564 137 1632 174 lll

131 271 306 312 nrm'floet
335 286 393 320 σε,
416 271 460 311 δι’
494 272 652 318 αἵματα
680 271 922 326 ἀνθρώπων
952 271 1016 310 καί
1045 269 1236 318 ἀσεβείας
1266 272 1334 313 Γῆς
1364 269 1429 306 και
1459 267 1641 315 Πόλεως,

132 355 199 394 καὶ
227 356 398 395 Πάντων
426 354 510 395 τῶν
539 355 851 395 κατοικούντων
879 354 1025 394 αὐτὴν.

128 478 330 530 ’Ένεστί
349 503 449 534 πως
479 483 547 531 ἀεὶ
583 483 657 531 καὶ
691 479 1029 547 προσπεφυκὸς
1057 481 1217 545 ὁριῖιται
1243 482 1398 530 δεινῶς
1424 481 1521 529 ταῖς
1549 480 1642 525 τῶν

63 562 304 627 ἀλαζόνων
337 565 512 630 ψυχαῖς
548 566 622 613 καὶ
654 563 708 613 τὸ
742 564 976 625 πλείστην
1003 562 1123 625 ὅσην
1149 565 1210 613 εἰς
1238 566 1345 610 νοῦν
1371 559 1489 626 ἔχειν
1516 561 1642 608 α’ναι-

22 644 288 706 5σθησίαν,
321 647 394 695 καὶ
430 644 583 706 μέντοι
625 647 698 695 καὶ
732 645 850 710 πρὸς
888 647 1003 712 τῷδε
1043 643 1096 693 τὸ
1136 643 1315 693 οἴεσθαι
1357 641 1474 691 κατὰ
1512 644 1644 707 σφᾶς

66 724 355 790 α’κροῖδαντον
390 726 508 795 ἕξειν
543 730 624 790 τῆς
656 728 893 791 εὐημερίας
924 725 1009 788 τὴν
1035 726 1237 792 μέθεξιν,
1270 725 1569 774 ἀποσείονται
1597 722 1644 772 δὲ

66 807 243 873 ὥσπερ,
279 810 353 858 καὶ
390 809 582 876 σφόδρα
627 813 828 874 γενικῶς,
874 808 927 858 τὸ
970 809 1243 874 προσδοκᾶν
1286 805 1407 858 ὅλως
1450 805 1684 855 ε”σεσθαίῡ

66 912 178 940 ποτε
204 889 289 953 τὴν
314 892 387 941 ἐπὶ
418 890 476 940 τὰ
510 891 648 958 χείρω
674 895 767 940 τῶν
793 889 1085 955 πραγμάτων
1109 887 1418 952 μεταδρομήν.
1486 885 1646 937 ὁποῖόν

66 973 168 1021 ἐστι
207 971 260 1022 τὸ
300 971 374 1022 διὰ
409 976 568 1041 φωνῆς
599 978 682 1023 τοῦ
708 974 880 1022 Δαυεὶδ
919 974 979 1024 ὡς
1018 973 1067 1021 ἐκ
1104 969 1366 1035 προσώπου
1393 967 1648 1034 λεγόμενον

2 1073 48 1098 10
68 1058 162 1103 τῶν
191 1055 240 1104 ἐν
275 1055 535 1108 εὐπαθείαις
573 1054 721 1105 ὅντων
752 1057 825 1104 καὶ
852 1058 1050 1121 τρυφαῖς
1077 1060 1103 1082 “
1122 1051 1252 1116 Ἐγὼ
1285 1050 1332 1101 δὲ
1366 1049 1472 1101 εἶπα
1511 1053 1558 1100 ἐν
1593 1054 1650 1118 τῇ
1714 1073 1767 1103 Pe.

69 1143 96 1164 ‘⁶
123 1136 309 1205 εὐθηνίᾳ
331 1159 423 1199 μου
449 1137 525 1187 Οὐ
548 1135 612 1199 μὴ
639 1140 861 1186 σαλευθῶ
888 1140 950 1188 εἰς
977 1135 1059 1185 τὸν
1087 1133 1276 1184 αἱῶνα.”
1328 1132 1652 1199 ἠῤῥωστηκότι

70 1217 126 1281 δὴ
158 1218 239 1268 οὖν
273 1219 322 1269 ἐκ
355 1221 543 1282 πολλῆς
577 1218 699 1284 ἄγαν
741 1219 1000 1286 ὑπεροψίας
1041 1220 1106 1285 τῷ
1148 1215 1439 1283 Βαβυλωνίῳ
1480 1213 1533 1265 τὸ
1573 1216 1648 1264 ἀν-

71 1299 295 1365 άλγητον,
321 1302 569 1368 μονονουχὶ
601 1305 677 1351 καὶ
711 1299 983 1364 ἐπιπλήττει
1023 1296 1192 1349 λοιπὸν
1229 1299 1290 1350 ὡς
1325 1297 1548 1365 ἀτέγκτῳ,
1578 1297 1655 1346 λε’-

6 1451 8 1454 .
71 1406 170 1448 γων
200 1391 287 1436 Καὶ
317 1384 370 1436 <rb
399 1383 568 1455 καρδίαι
595 1384 798 1448 σείσθητι,
824 1384 1059 1447 τουτέστι,
1089 1382 1152 1446 μὴ
1179 1384 1226 1432 ἐν
1253 1380 1528 1444 ἀκλονήτοις
1554 1383 1654 1446 εὐη-

5 1488 51 1526 15
71 1471 245 1535 μερίαις
279 1471 545 1536 ἐρηρεῖσθαι
580 1471 791 1538 νομίσῃς,
828 1470 1043 1536 εἷσδέχου
1079 1465 1247 1519 λοιπὸν
1276 1466 1360 1519 τὰς
1389 1467 1534 1537 [περὶ]
1562 1471 1656 1517 τῶν

72 1551 348 1603 λυπούντων
383 1552 572 1614 ἐννοίας,
612 1553 660 1602 ἐν
699 1551 922 1615 αἰσθήσει
956 1555 1049 1601 τῶν
1087 1549 1468 1613 συμβησομένων
1507 1555 1701 1620 γενοῦ,(1

73 1635 149 1685 καὶ
173 1634 444 1702 παραχώρει
476 1635 534 1701 τῇ
557 1635 706 1702 πείρᾳ,
733 1633 879 1684 καίτοι
905 1632 1059 1698 πρὸ[ς]
1088 1633 1228 1695 αὐτῆς
1255 1629 1352 1682 οὐδ’
1375 1630 1491 1681 ὅσον
1516 1633 1657 1682 εἰπεῖν

74 1715 160 1767 κᾶν
185 1721 300 1782 γοῦν
327 1718 374 1767 ἐν
399 1719 567 1785 ψιλαῖς
592 1716 809 1769 ἐπινοίαις
835 1715 1045 1785 ἀξιώσας
1072 1715 1208 1776 ἑλεῖν,
1236 1713 1306 1764 ὅτι
1337 1712 1517 1780 γενήσῃ
1543 1713 1656 1764 ποτὲ

75 1801 150 1848 καὶ
188 1797 325 1852 αὐτὸς
358 1799 406 1849 ἐν
445 1801 756 1864 σκυθρωποῖς,
785 1800 860 1848 καὶ
898 1801 993 1850 τοῖς
1031 1799 1163 1847 ἀνιᾶν
1199 1797 1252 1846 οὐ
1286 1796 1481 1861 μετρίως
1505 1800 1656 1863 πεφυ-

6 1905 55 1929 20
75 1879 210 1931 κόσιν
237 1881 264 1944 ἡ
289 1879 355 1944 σὴ
379 1884 694 1944 περιπεσεῖται
729 1877 910 1945 καρδίαι.
977 1879 1024 1929 τί
1054 1878 1110 1942 δὴ
1138 1878 1218 1929 οὖν
1245 1877 1336 1944 ἄρα
1368 1875 1421 1927 τὸ
1448 1882 1656 1927 σαλεῦον

74 1961 218 2026 αὐτὴν
244 1963 319 2012 καὶ
345 1965 626 2013 καταδονοῦν
653 1964 714 2015 εἷς
740 1961 926 2022 λύπας;
964 1960 1244 2012 Ἐκῦκλωσεν
1281 1960 1353 2010 ἐπὶ
1387 1958 1437 2010 σὲ
1468 1961 1657 2027 ποτήριον

75 2042 223 2112 δεξιοῖς
257 2046 405 2112 Κυρίου
438 2048 515 2095 καὶ
553 2043 734 2106 συνήχθη
769 2046 935 2111 ἀτιμία
970 2044 1042 2094 ἐπὶ
1077 2042 1145 2102 τὴν
1178 2039 1303 2110 δόξαν
1337 2065 1428 2091 σου.
1493 2038 1656 2106 ὥσπερ

73 2124 166 2191 γάρ
192 2123 329 2178 αὐτὸς
355 2123 554 2190 ἐπότιζες
580 2124 662 2175 τὸν
686 2126 897 2189 πλησίον
923 2127 1164 2192 ἀνατροπῇ
1191 2125 1378 2191 θολερᾷ,
1406 2120 1489 2172 τὸν
1515 2121 1656 2172 αὐτὸν
1673 2147 1694 2173 e

73 2206 249 2272 τρόπον
284 2205 345 2257 τὰ
379 2207 428 2256 ἐκ
463 2209 545 2270 τῆς
579 2207 702 2260 θείας
734 2208 875 2273 ὀργῆς
907 2205 1311 2273 ἐπενεχθησόμενα
1348 2202 1656 2267 πεπ[τ]ωκὼς,

8 2310 55 2345 25
76 2288 304 2354 βδελυρὸς
333 2288 421 2356 ε”σῃ
455 2288 584 2354 παρὰ
617 2293 765 2339 πᾶσιν
791 2288 1089 2352 ἠτιμωμένος,
1117 2285 1297 2352 οἱκτρός
1322 2308 1371 2336 τε
1406 2287 1480 2336 καὶ
1513 2287 1655 2352 ἀπεῤ-

77 2370 310 2437 ῥιμμένος,
340 2373 415 2422 καὶ
449 2373 530 2435 τῆς
565 2370 760 2438 ἀρχαίας
785 2370 954 2434 ἐκείνης
978 2370 1186 2423 εὐκλείας
1212 2366 1484 2433 ὁλοτρόπως
1513 2367 1659 2431 ἡττώ-

127 2542 156 2564 1.
181 2531 240 2574 τῆς
256 2541 319 2575 pro
336 2531 397 2576 γῆς
414 2530 467 2564 καὶ
487 2530 532 2564 D.
550 2532 584 2563 et
602 2528 644 2563 cf.
664 2528 753 2562 infra
770 2538 837 2573 545
857 2527 889 2562 d.
912 2527 982 2573 [καὶ
1000 2539 1069 2562 om.
1087 2526 1180 2572 153.]
1294 2537 1327 2570 3.
1353 2528 1418 2558 τῶν
1436 2531 1659 2569 assumptum

78 2589 119 2610 ex
138 2577 184 2610 D.
365 2589 400 2620 4.
425 2577 516 2622 ἔχειν
532 2576 577 2611 εἷς
595 2578 672 2610 νοῦν
688 2576 758 2609 inv.
777 2575 852 2609 ord.
873 2575 919 2609 D.
1102 2587 1134 2619 5.
1162 2574 1216 2606 καὶ
1232 2573 1291 2607 alt.
1309 2578 1530 2615 assumptum
1549 2583 1589 2604 ex
1611 2572 1656 2604 D.

78 2623 111 2657 6.
131 2624 201 2668 ἕξιν
215 2623 295 2667 (sic)
309 2623 356 2658 D.
404 2624 464 2668 τὴν
479 2638 514 2667 μ.
533 2625 591 2667 τῆς
607 2623 700 2666 εὐημ.
718 2622 788 2655 inv.
807 2621 881 2655 ord.
902 2622 947 2655 D.
998 2621 1034 2654 δέ
1050 2621 1096 2654 D.
1112 2635 1147 2655 τε
1163 2619 1254 2654 Edd.
1375 2619 1407 2652 8.
1426 2616 1655 2662 μεταδρομὴν]

78 2669 270 2714 μεταβολήν
288 2670 334 2704 D.
491 2681 544 2704 ΙΙ.
571 2669 721 2712 εὐθυνείᾳ
738 2668 797 2702 iid.
817 2676 894 2701 ante
914 2667 1047 2712 Migne.
1203 2677 1255 2700 12.
1281 2665 1366 2709 ἄγαν
1384 2665 1419 2697 ἐκ
1435 2666 1567 2707 πολλῆς
1585 2666 1656 2698 inv.

79 2716 154 2750 ord.
174 2717 221 2750 D.
270 2717 309 2750 τὸ
326 2716 515 2762 ἀνάλγητον
533 2717 580 2750 D.
599 2717 651 2749 καὶ
668 2715 844 2761 ἀναλγήτῳ
863 2714 954 2748 Edd.
1156 2724 1209 2757 13.
1234 2712 1344 2756 λέγων
1361 2712 1404 2746 ὡς
1421 2711 1568 2758 ἀτέγκτῳ
1585 2712 1657 2746 inv.

79 2763 154 2797 ord.
175 2763 221 2797 D.
492 2773 545 2808 15.
570 2763 647 2807 περὶ
665 2774 734 2796 om.
756 2763 802 2797 D.
1087 2759 1139 2793 16.
1167 2760 1291 2793 ἐννοίας
1309 2764 1530 2802 assumptum
1549 2770 1589 2791 ex
1610 2758 1657 2792 D.

84 2818 205 2854 17—21.
234 2810 434 2845 καίτοι-εἶς
450 2809 578 2849 >nim-1153
605 2821 675 2843 orn.
695 2809 741 2842 D.
1012 2816 1064 2851 17.
1090 2805 1210 2851 πρὸ[ς]
1233 2806 1288 2839 Sic
1308 2805 1442 2848 Migne.
1460 2806 1544 2847 πρὸς
1564 2804 1656 2838 Edd.

83 2867 137 2898 24.
155 2858 213 2900 τῆς
229 2863 451 2901 assumptum
468 2868 509 2890 ex
530 2857 576 2890 D.
624 2856 784 2890 πεπωκὼς
803 2854 949 2888 correxit
965 2854 1097 2898 Migne.
1116 2854 1297 2887 πεπτωκὼς
1313 2850 1402 2884 Edd.
1421 2852 1595 2886 πεπτωκὸς
1610 2851 1656 2884 D.

84 2912 138 2946 25.
164 2901 327 2984 πᾷσὲὶάἕ-
350 2904 402 2937 καὶ
420 2903 512 2938 Edd.
531 2903 638 2937 invito
658 2902 703 2936 D.
763 2917 795 2936 τε
823 2913 893 2935 0111.
914 2901 959 2935 D.
1024 2899 1265 2945 ἀπερῥιμμένος
1287 2899 1330 2933 D.
1351 2897 1527 2943 [ἀπεριμμ.
1548 2895 1655 2943 Cod.]

84 2963 213 2994 κατερρ.
317 2977 322 2983 .

1714 1117 1802 1147 xxix.
1825 1124 1853 1155 7.
