1997 3361
76 169 97 208 i.
123 183 161 223 3,
184 185 221 221 4.
461 171 525 209 lN
572 170 989 209 κΛυιιΛκιΛΜ.
1052 169 1200 208 'voss
1240 169 1272 206 1.
1559 167 1639 204 287

72 281 146 328 καὶ
190 280 394 343 ἐγίνοντο
439 279 564 340 δέκα,
613 279 963 344 εἰσεπορεύοντο
1008 278 1054 328 δὲ
1101 280 1174 328 καὶ
1215 276 1360 328 πάλιν
1408 277 1641 336 ἀντλῆσαι

71 361 356 425 πεντήκοντα
406 360 649 427 μετρητὰς,
691 363 764 411 καὶ
815 361 1019 425 ἐγίνοντο
1069 360 1230 410 ε’ίκοσι.
1299 355 1643 423 ἐπαγγέλλεται

71 442 224 493 τοίνυν
258 444 424 503 αὐτοῖς,
453 446 512 496 ὡς
551 448 586 494 εὶ
619 443 798 493 ἕλοιντο
829 447 1115 510 μεταφοιτᾶν
1151 446 1212 495 εἷς
1251 441 1303 491 τὸ
1343 440 1540 502 ἄμεινον,
1568 439 1643 487 καὶ

71 525 349 594 ἐπιστρέφειν
388 524 506 592 πρὸς
556 526 709 587 αὐτὸν,
761 524 834 575 διὰ
886 531 967 575 τοῦ
1019 528 1133 591 δρᾶν
1182 523 1372 574 ἑλέσθαι
1417 520 1475 572 τὰ
1520 520 1645 588 αὐτῷ

29 620 51 658 5
73 609 296 658 δοκοῦντα
335 610 408 658 καὶ
448 609 586 675 φίλα,
617 607 719 658 τότε
758 611 832 657 καὶ
871 606 1007 661 αὐτὸς
1045 607 1304 675 ἐπιστρέψει
1330 604 1433 671 πρὶς
1465 601 1643 663 αὐτοὺς,

73 688 327 751 τουτέστιν,
366 689 586 758 ἀφέξεται
625 693 705 753 τῆς
748 690 818 740 ἐπ’
860 689 1023 743 αὐτοὺς
1067 690 1229 754 ὀργῆς,
1273 689 1347 737 καὶ
1391 687 1643 750 παλινδρο-

73 771 215 835 μήσει
256 770 372 838 πρὸς
414 771 561 833 ἔλεον,
610 774 684 822 καὶ
728 775 913 839 φειδοῦς
955 793 1002 821 τε
1046 773 1120 821 καὶ
1164 773 1410 835 οἰκτιρμῶν
1452 767 1647 835 ἀξιώσει

74 853 233 905 πάλιν.
296 852 565 920 ἀποφάσκει
596 853 744 919 γεμὴν
780 856 840 906 ὡς
879 853 1077 918 ὀλέθρου
1115 850 1346 918 πρόξενον
1371 850 1424 901 τὸ
1456 849 1646 901 ἑλέσθαι
1667 873 1687 898 e

75 934 245 1001 ζηλοῦν
287 934 392 988 τοὺς
436 934 527 1001 πρὸ
573 937 724 986 αὐτῶν
768 935 1034 1001 γεγονότας,
1077 934 1143 988 οἷς
1187 935 1390 997 πλείστη
1436 931 1518 994 μὲν
1557 930 1648 995 ὅση

9 1037 55 1061 10
75 1019 233 1071 δέδοτο
259 1022 365 1087 παρ’
395 1021 535 1071 αὐτοῦ
566 1020 640 1070 διὰ
675 1025 767 1070 τῶν
793 1021 937 1086 ἁγίων
962 1023 1220 1087 προφητῶν
1246 1018 1546 1084 παράκλησις
1576 1018 1651 1066 καὶ

75 1102 358 1168 παραμυθία,
398 1108 615 1153 καλοῦσα
654 1101 771 1168 πρὸς
815 1101 1127 1169 ἀποστροφὴν
1165 1105 1258 1151 τῶν
1297 1104 1508 1167 αἰσχρῶν
1547 1100 1645 1149 ἐπι-

76 1184 384 1249 τηδευμάτων,
426 1185 648 1249 ἀνόνητον
694 1184 740 1235 δὲ
790 1185 843 1235 τὸ
883 1188 1080 1250 πρᾶγμα
1125 1181 1251 1234 πολὺ
1302 1184 1410 1233 λίαν
1455 1181 1651 1232 ἐτέθειτο

77 1267 366 1318 ἀπονεύσασι
393 1267 511 1332 πρὸς
537 1267 590 1317 τὸ
617 1265 863 1330 δυσήκοον.

154 1349 519 1414 Καταγέλαστοι
567 1347 623 1412 δὴ
674 1349 767 1411 οὖν,
812 1351 852 1398 οἱ
893 1352 993 1402 ταῖς
1042 1352 1135 1398 τῶν
1176 1347 1389 1412 πατέρων
1435 1345 1652 1409 ἀμαθίαις

10 1448 57 1485 15
78 1432 302 1497 ἑπόμενοι,
331 1435 405 1484 καὶ
438 1433 722 1499 προγονικὴν
757 1432 1005 1496 συνήθειαν
1032 1435 1093 1485 ὡς
1120 1431 1501 1497 δυσανάτρεπτον
1527 1433 1645 1482 ἀπο-

78 1517 246 1581 λογίαν
280 1517 347 1566 ἀεὶ
378 1516 775 1582 προβαλλόμενοι,
812 1513 898 1566 κάν
933 1519 970 1566 εὶ
1009 1517 1082 1565 ε’πὶ
1117 1519 1210 1568 τοῖς
1248 1512 1464 1581 ἐσχάτοις
1503 1535 1645 1563 κατα-

76 1598 300 1666 ψέγοιντο
326 1603 495 1651 κακοῖς.
559 1598 660 1651 ἔθος
699 1596 746 1648 δὲ
780 1603 917 1648 τοῦτο
955 1597 1169 1661 μάλιστα
1200 1601 1294 1649 τοῖς
1326 1600 1419 1646 τῶν
1446 1594 1651 1645 εἰδώλων

76 1683 387 1746 θεραπευταῖς.
457 1680 733 1743 καλούμενοι
781 1679 872 1746 γὰρ
917 1682 990 1730 ἐπὶ
1032 1679 1116 1742 τὴν
1159 1682 1240 1742 τῆς
1285 1677 1504 1742 ἀληθείας
1546 1678 1645 1727 ε’πί-

76 1784 270 1827 γνωσιν,
307 1765 389 1825 τῆς
425 1766 518 1812 τῶν
558 1761 771 1827 πατέρων
809 1761 989 1826 ἀπάτης
1028 1761 1355 1824 διαμέμνηνται
1394 1764 1650 1825 πανταχοῦ,

10 1872 59 1895 20
78 1845 153 1894 καὶ
177 1847 395 1912 πατρῷον
425 1843 586 1910 ὥσπερ
618 1843 720 1894 τινὰ
754 1846 928 1909 κλῆρον
955 1843 1008 1894 τὸ
1035 1844 1217 1894 ἐκείνων
1243 1840 1416 1905 ἀμαθὲς
1441 1840 1650 1907 ἀσπαζό-

76 1947 216 1988 μενοι,
265 1926 532 1989 διαμένουσι
587 1926 777 1994 τυφλοί.
856 1924 982 1989 οἶμαι
1042 1926 1103 1987 δὲ,
1156 1924 1226 1975 ὅτι
1277 1922 1362 1974 κᾶν
1412 1927 1449 1973 εὶ
1497 1924 1650 1976 αὐτοῖς

77 2006 454 2069 συμβουλεύσειέ
481 2029 549 2059 τις
579 2012 675 2060 τοῖς
712 2008 761 2057 ἐκ
798 2010 1049 2073 περιτομῆς
1074 2010 1353 2070 μεταμαθεῖν
1378 2004 1437 2055 τὰ
1463 2005 1648 2071 αἰσχίω,

77 2091 153 2140 καὶ
183 2093 321 2152 τιμᾶν
355 2089 545 2139 ἑλέσθαι
576 2087 629 2138 τὸ
669 2091 898 2155 ὠφελοῦν,
923 2090 997 2140 ε’πῖ
1031 2087 1116 2152 τὴν
1141 2093 1236 2138 τῶν
1259 2087 1472 2154 πατέρων
1498 2087 1644 2150 συνή-

78 2175 205 2222 θειαν
242 2169 593 2238 καταφεύγουσι
630 2193 705 2220 και
739 2169 888 2222 αὐτοί.
954 2168 1190 2237 χρήσιμον
1223 2170 1303 2220 οῦν
1334 2173 1429 2222 τοῖς
1460 2175 1650 2219 πλανω-

13 2276 59 2314 25
78 2275 229 2317 μενοις
258 2254 501 2321 ἐπιφωνεῖν
526 2249 862 2321 Επιστρεψοιτε
897 2276 1003 2321 προς
1041 2250 1099 2320 μὲ
1140 2275 1217 2303 noaz
1257 2252 1649 2320 ἑπιστροιφὴσομοιι

1672 1616 1693 1640 a
1714 1607 1799 1640 656
1821 1606 1871 1642 Α.

80 2358 186 2404 προς
233 2337 365 2402 ὁμοις,
408 2347 529 2399 λεγει
582 2332 729 2403 Κυριος
775 2357 1099 2402 παντοκροιτωρ,
1141 2357 1214 2383 και
1258 2331 1351 2396 μὴν
1389 2333 1462 2382 ἐπι
1501 2331 1694 2401 τούτωὶ)

82 2414 156 2476 Μη
188 2415 351 2482 γίνεσθε
387 2415 529 2469 καθως
565 2422 598 2466 οἱ
637 2437 821 2483 πατερες
858 2413 986 2483 ὑμων,
1014 2418 1054 2465 οἱ
1092 2414 1389 2477 πλανωμενοι
1416 2414 1649 2478 δηλονότι,

82 2500 156 2549 καὶ
180 2497 314 2565 μέχρι
339 2503 421 2548 τοῦ
446 2496 619 2550 παντὸς
644 2495 946 2560 μεμενηκότες
972 2497 1019 2546 ἐν
1045 2496 1273 2564 ἀγνωσία.

131 2703 160 2726 Ι.
186 2691 538 2737 ἐγένοντο-ἐγένοντο
558 2690 606 2725 D.
889 2698 920 2734 7.
950 2688 1045 2723 Haec
1062 2691 1115 2722 καὶ
1132 2688 1420 2733 φειδοῦς-πάλιν
1435 2698 1654 2723 accesserunt

72 2750 122 2772 -ex
141 2738 187 2772 D.
486 2749 538 2772 10.
563 2738 695 2772 δεδοται
714 2737 761 2771 D.
1047 2748 1059 2768 1
1071 2748 1099 2769 1.
1125 2739 1190 2769 τῶν
1208 2735 1335 2779 ε’πιτηδ.
1353 2739 1418 2769 τῶν
1435 2735 1586 2779 αἰσχρῶν
1605 2736 1651 2769 D.

85 2795 139 2829 13.
164 2783 390 2830 ἀπονεύσασι]
411 2787 456 2831 τῷ
474 2784 657 2819 ἀπονεῦσαι
676 2784 723 2818 D.
1115 2782 1168 2816 16.
1195 2782 1244 2815 ἀεὶ
1263 2789 1480 2826 assumptum
1500 2794 1540 2815 ex
1560 2782 1653 2816 B.D.

87 2842 140 2876 19.
165 2830 333 2876 πατερων]
353 2833 528 2877 προγόνων
544 2831 591 2864 D.
1074 2840 1128 2862 22.
1154 2827 1371 2873 μεταμαθεῖν]
1391 2829 1544 2873 μεταθεῖν
1562 2828 1653 2862 Edd.

86 2888 140 2922 23.
167 2878 312 2933 ὠφελεῖν
330 2878 376 2912 D.
529 2889 583 2920 24.
611 2876 861 2922 καταφεύγουσι
882 2875 924 2911 Β.
929 2875 975 2910 D.
993 2874 1245 2921 καταφείξουσι
1265 2874 1355 2909 Edd.
1511 2874 1564 2909 26.
1590 2876 1654 2919 μὴν

84 2924 139 2958 επὶ
155 2923 261 2971 τούτῳ
281 2925 325 2958 D.
345 2925 408 2969 μὴν
426 2925 477 2958 καὶ
496 2924 589 2960 Edd
