2018 3387
127 170 208 210 xiv.
242 184 301 212 12.
503 173 572 213 IN
617 174 1035 214 ZACIIARIAM.
1097 174 1248 215 ΤΟΜ.
1274 173 1351 214 VI.
1628 174 1707 213 531

126 280 274 330 δεινον
301 279 348 330 δε
375 284 448 332 καὶ
474 284 555 345 τῆς
581 285 643 336 εἰς
670 282 861 370 λῆξιν
838 283 1041 347 ηκούσης
1068 287 1323 351 συμφορᾶς
1350 281 1416 345 εἰἠ
1443 280 1500 331 ἂν
1526 279 1713 334 εἰκότως

126 360 180 410 τὸ
214 360 398 426 ζώντων
424 386 473 414 τε
508 366 582 414 καὶ
620 365 853 424 ἑστηκότων
880 365 945 414 ε”τι
973 388 1165 424 τακηναι
1199 364 1284 427 μὲν
1308 363 1391 417 τὰς
1416 363 1607 431 σάρκας,
1636 385 1712 412 και

126 442 345 509 ἀποῤῥεῖν
377 443 661 513 ὀφθαλμους,
695 445 979 511 κολάζεσθαι
1018 445 1065 496 δὲ
1101 449 1175 496 καὶ
1204 446 1438 512 γλωττας.
1495 445 1544 495 εὖ
1575 443 1621 495 δε
1654 442 1711 506 δὴ

125 524 320 591 σφόδρα
370 526 429 576 τὰ
477 527 630 578 τοιάδε
679 528 1026 591 συμβήσεσθαί
1071 532 1195 596 φησι
1246 533 1341 581 τοῖς
1393 529 1590 589 θεομισῆ
1636 528 1711 576 καὶ

84 606 358 671 5ἐπάρατον
407 609 742 672 ἐπιτηδεύσασι
794 609 930 676 ζωήν.
1004 609 1364 677 πραχθήσονται
1414 608 1507 674 γὰρ
1559 607 1750 670 &mna
1778 616 1865 651 807
1882 615 1932 649 A·

125 689 212 754 οὐχ
245 688 359 753 ὑπέρ
385 712 439 754 γε
473 689 617 752 μόνον
643 695 737 741 τῶν
762 695 824 744 εἰς
851 691 1009 756 ἁγίους
1037 692 1192 744 αὐτοῖς
1217 689 1708 754 πεπλημμελημένων,

125 767 256 819 ἀλλὰ
281 769 374 836 γάρ
410 774 484 821 καὶ
521 771 634 838 ὑπὲρ
667 773 721 836 ἧς
755 772 1020 839 ἐσχήκασιν
1045 774 1093 823 ἐν
1116 775 1233 841 τῷδε
1267 776 1333 842 τῷ
1369 772 1535 840 κόσμῳ
1571 776 1711 839 φιλο-

124 852 340 917 σαρκιάς·
383 851 412 917 ἢ
440 856 515 904 καὶ
540 854 733 919 γέγονεν
760 856 913 908 αὐτοῖς
949 856 1072 905 αἰτία
1106 860 1188 905 τοῦ
1223 853 1338 918 μήτε
1373 853 1711 919 προσήκασθαι

124 930 210 995 τὴν
253 934 430 996 πίστιν,
473 935 590 999 μήτε
639 935 733 1000 μὴν
779 936 971 987 ἑλέσθαι
1016 936 1104 1002 ζῆν
1148 937 1370 997 εὐσεβῶς,
1416 937 1491 985 καὶ
1537 937 1619 997 τῆς
1663 935 1711 984 ἐν

59 1035 106 1059 10
124 1016 324 1084 Χριστῷ
354 1017 593 1070 πολιτείας
629 1018 876 1083 ἀγαπῆσαι
907 1017 993 1081 τὴν
1020 1017 1180 1086 δόξαν.
1232 1015 1461 1083 γεγόνασι
1495 1014 1579 1078 μὲν
1604 1013 1711 1080 γὰρ,

124 1097 186 1148 ὡς
212 1095 345 1162 ἔφην,
373 1098 727 1151 ἀπονενευκότες
763 1099 976 1166 ἀσχέτως
1003 1101 1063 1152 εἷς
1089 1098 1312 1152 ε’κτόπους
1339 1097 1518 1161 ἡδονάς·
1559 1096 1706 1164 ἐσχή-

123 1199 236 1228 κασι
271 1177 320 1228 δὲ
356 1181 432 1229 καὶ
466 1181 679 1246 ἀκρατεῖς
715 1179 985 1249 ὀφθαλμοὺς
1020 1179 1104 1233 τὰς
1139 1180 1210 1248 ἐφ’
1240 1179 1426 1249 ἑκάστῳ
1460 1183 1554 1230 τῶν
1587 1180 1705 1245 ὁρω-

122 1259 274 1321 μένων
318 1262 559 1323 ἐπιθυμίας
606 1265 854 1330 μονονουχὶ
899 1262 1073 1329 χανδὸν
1113 1263 1400 1316 ἐκπίνοντας.
1470 1260 1711 1325 ἠκόνησαν

124 1340 218 1406 γὰρ
253 1344 328 1392 καὶ
354 1347 577 1408 γλῶτταν
601 1342 720 1394 κατὰ
750 1347 981 1409 Χριστοῦ,
1009 1348 1084 1395 καὶ
1109 1348 1204 1394 τῶν
1232 1347 1364 1409 ἱερῶν
1390 1346 1474 1407 τῆς
1498 1343 1706 1408 Ἐκκλη-
1730 1345 1756 1385 b

58 1438 105 1476 15
124 1423 234 1476 σίας
261 1423 562 1490 δογμάτων’
535 1426 734 1476 ανοσίαν
758 1427 1035 1490 πεποίηνται
1061 1425 1145 1490 τὴν
1172 1424 1476 1492 κατάῤῥησιν.
1526 1424 1711 1478 εἰκότως

124 1503 182 1568 δὴ
210 1506 291 1555 οὖν
317 1509 378 1559 εἰς
412 1506 592 1576 σάρκας
623 1530 673 1558 τε
706 1510 781 1558 καὶ
815 1506 1089 1604 ὀφθαλμους
1124 1530 1199 1558 και
1226 1508 1438 1573 'ymo-tras·
1469 1529 1555 1571 την
1580 1507 1711 1571 δίκην

122 1586 402 1655 ἐσχήκασιν.
468 1588 631 1656 ὥσπερ
668 1611 762 1655 γαρ
800 1589 829 1653 ἡ
869 1589 923 1641 τὸ
963 1591 1088 1655 ὕδωρ
1131 1594 1214 1640 τοῦ
1257 1591 1461 1654 ἐλεγμοῦ
1504 1589 1710 1640 πίνουσα

123 1668 241 1733 γυνὴ
283 1672 359 1721 καὶ
397 1669 674 1739 ψευσαμένη
713 1670 796 1722 τὸν
835 1671 974 1738 ὅρκον
1012 1673 1074 1725 εἷς
1119 1670 1270 1737 μηρὸν
1308 1670 1565 1737 ε’κολαζετο,
1604 1672 1711 1736 περὶ

124 1749 177 1801 ὃν
203 1749 262 1802 ἂν
287 1752 468 1818 γε’νοιτο
494 1754 569 1803 καὶ
597 1751 656 1804 τὰ
681 1754 840 1817 ε’κ”τῆς
866 1754 1084 1818 πορνείας
1111 1751 1403 1817 ἐγκλήματα·
1446 1758 1473 1780 “
1492 1751 1711 1818 Πρισθή-
1773 1765 1874 1796 Num·
1892 1776 1923 1796 v.

125 1838 152 1860 “
178 1855 313 1884 σεται
356 1833 451 1900 γὰρ
496 1837 619 1903 φησὶ
663 1835 738 1885 καὶ
776 1836 1062 1885 διαπεσεῖται
1101 1835 1126 1884 ὃ
1169 1833 1316 1899 μηρὸς
1355 1834 1539 1897 αὐτῆς·”
1592 1833 1712 1885 κατὰ
1774 1816 1825 1848 27'

124 1912 206 1965 τὸν
241 1914 349 1966 ἰ’σον
379 1913 506 1979 οἶμαι
544 1914 721 1982 τρόπον
753 1917 829 1966 καὶ
866 1921 963 1970 τοῖς
1001 1915 1086 1978 τὴν
1121 1915 1261 1981 ἁγίαν
1295 1915 1518 1966 διώκουσι
1555 1915 1712 1980 πόλιν,

124 1998 186 2048 εἷς
237 1996 414 2065 σάρκας
464 2019 513 2047 τε
572 2001 648 2048 καὶ
708 1997 980 2066 ὀφθαλμοὺς
1030 2001 1106 2048 καὶ
1155 1997 1369 2063 γλώττας
1417 1997 1444 2060 ἠ
1496 1997 1709 2052 κόλασις·

124 2079 433 2144 φιλοσαρκίαι
475 2078 569 2146 γὰρ
612 2080 766 2133 αὐτοῖς
809 2078 1088 2143 ἡδυπάθειαί
1134 2101 1183 2130 τε
1235 2079 1311 2129 καὶ
1360 2078 1479 2144 πρὸς
1529 2079 1709 2133 τούτοις

124 2161 170 2209 αἱ
219 2160 274 2210 δι’
316 2159 540 2224 ὀμμάτων
586 2160 645 2212 τὰ
695 2161 985 2226 ἐγκλήματα,
1034 2163 1110 2212 καὶ
1160 2159 1439 2212 ἀπαιδεύτου
1489 2161 1708 2226 γλώττης
1727 2180 1747 2206 C

57 2252 105 2291 ²5
125 2241 294 2309 φωναί.

174 2422 205 2447 2.
232 2415 298 2447 τῶν
314 2425 376 2458 pro
393 2414 432 2448 τὸ
447 2413 488 2448 C.
506 2414 617 2449 invito
636 2414 682 2448 D.
743 2428 779 2448 τε
797 2419 1020 2458 assumptum
1038 2425 1078 2448 ex
1094 2413 1135 2448 C.
1140 2413 1188 2449 D.
1246 2414 1437 2457 ἑστηκότων
1454 2413 1496 2448 Β.
1503 2412 1544 2448 C.
1561 2415 1709 2459 ἑσυστή-

124 2473 191 2493 των
208 2459 313 2495 Pont.
332 2461 489 2495 ἑστώτων
505 2461 600 2495 Aub.
665 2461 724 2496 τὰς
741 2466 963 2505 assumptum
982 2472 1024 2494 ex
1043 2460 1084 2495 C.
1433 2471 1466 2505 3.
1485 2462 1648 2513 ,γλῶτταν
1667 2462 1708 2496 C.

125 2517 158 2548 4.
176 2506 330 2550 θεομισει
348 2506 388 2541 C.
637 2516 671 2550 5.
696 2506 954 2552 πραχθήσονται
972 2507 1019 2541 D.
1036 2521 1075 2541 π·
1069 2505 1315 2551 ·ραχθήσονται
1335 2505 1375 2540 C.
1395 2507 1494 2551 quasi
1510 2507 1708 2553 παραχθήσ.

124 2552 221 2597 prius
240 2553 420 2598 scriptum,
440 2553 496 2588 εἷσ
512 2552 617 2587 hodie
636 2565 810 2598 suprascr.
828 2565 936 2587 manu
951 2553 1091 2588 recenti.
1109 2552 1340 2598 εἷσπραχθὴσ.
1359 2552 1452 2586 Edd.
1548 2553 1581 2587 6.
1606 2556 1710 2598 μόνον

127 2597 168 2632 C.
188 2599 322 2643 Migne.
339 2601 449 2643 μόνων
466 2599 527 2635 iid.
590 2599 837 2644 πεπλημμένων
855 2598 896 2633 C.
1223 2608 1254 2644 7.
1281 2599 1346 2643 γὰρ
1364 2605 1588 2644 assumptum
1606 2612 1646 2634 ex
1666 2600 1708 2635 C.

129 2655 183 2679 11.
209 2645 363 2690 ἀσχέτως
382 2646 422 2680 C.
441 2646 573 2682 ἀτόπως
589 2645 649 2680 iid.
1068 2656 1120 2679 12.
1149 2645 1282 2679 Haec'
1263 2659 1417 2689 ακρατεις
1433 2645 1634 2691 ὀφθαλμοὺς
1651 2648 1710 2682 τὰς

125 2699 347 2726 accesserunt
364 2704 405 2726 ex
424 2692 465 2727 C.
893 2702 945 2735 13.
972 2691 1148 2735 ἐπιθυμίαν
1164 2691 1224 2725 iid.
1289 2692 1482 2727 ἐκπίνοντας
1500 2691 1540 2726 C.
1558 2692 1708 2727 ἐκπίνον-

125 2751 180 2772 τες
196 2737 256 2772 iid.
638 2749 690 2780 14.
714 2738 779 2783 γὰρ
799 2738 840 2772 C.
859 2738 895 2772 δὲ
912 2737 972 2772 iid.
1036 2739 1205 2783 γλῶσσαν
1224 2737 1264 2772 C.
1284 2737 1344 2772 sed
1361 2737 1415 2772 bis
1433 2737 1538 2772 habet
1554 2740 1709 2783 γλῶττας

126 2784 244 2827 paullo
261 2784 362 2819 infra.
579 2795 632 2829 19.
657 2783 697 2818 ἂν
713 2784 845 2830 γένοιτο
864 2783 906 2818 C.
923 2785 1071 2829 γίνονται
1089 2784 1148 2819 iid.
1366 2795 1421 2818 22.
1447 2784 1600 2830 ’γλώττας
1619 2785 1660 2820 Β.
1665 2785 1707 2820 C.

126 2829 292 2873 γλώσσας
310 2830 402 2865 Edd.
820 2841 875 2875 23.
901 2829 1373 2875 φιλοσαρκίαι-ἡδυπάθειαί
1391 2830 1431 2864 C.
1449 2832 1709 2875 φιλοσαρκία-

126 2874 310 2918 ἡδυπάθεια
331 2877 391 2911 iid.
457 2877 510 2912 καὶ
532 2878 617 2923 πρὸς
635 2877 767 2913 τούτοις
786 2876 853 2911 hoc
876 2876 996 2912 ordine
1015 2876 1056 2912 C.
1076 2878 1162 2922 πρὸς
1180 2876 1311 2913 τούτοις
1330 2878 1384 2912 καὶ
1406 2877 1466 2913 iid.
1527 2878 1653 2914 Statim
1675 2880 1709 2913 αἱ

127 2929 348 2967 assumptum
366 2935 406 2958 ex
427 2923 467 2958 C.

884 3041 1001 3083 31‘2
