2049 3366
638 203 841 238 lNDEX

95 215 177 238 SCR!
187 216 229 238 ΡΤ
237 216 254 238 U
264 216 310 238 ΚΛ
321 234 326 239 .

149 337 296 372 pressus
319 327 394 361 555
413 338 453 370 e;
477 327 552 360 556
569 338 609 369 e;
632 324 852 360 describitur
885 325 887 372 Ι

147 390 214 424 sub
236 391 384 425 nominc
406 391 555 429 montis,
578 397 613 425 et
635 390 669 425 in
692 402 850 437 persona
885 375 887 414 l

148 455 262 501 Regis
285 455 636 490 Nabuchodonosor
659 457 733 490 560
756 455 799 493 d:
831 467 850 488 a
884 423 887 494 l

148 520 273 554 Verbo
295 521 494 554 liu-arnato
516 519 703 566 subjectus
723 521 797 554 563
813 531 848 559 ος

146 584 233 619 item
256 584 300 619 ab
323 585 512 631 Apostolis
536 587 611 620 564
633 584 678 625 (l;
702 598 720 620 e
741 589 849 619 coetu

147 649 377 696 Angelorum
407 650 596 696 expulsus,
624 649 668 684 ab
697 648 850 695 Angelis

146 713 304 749 fortasse
322 714 430 749 etiam
448 714 611 760 ploratus
629 716 705 749 566
721 714 764 758 d;
787 724 851 760 per

147 778 339 814 Christum
362 791 514 814 eversus
537 781 613 815 600
633 791 677 824 e,
707 780 782 814 602
802 778 823 813 b
840 790 850 822 3

145 843 381 878 tenebrarum
405 850 518 890 pater,
537 843 572 878 in
594 843 765 879 tenebras
786 843 848 878 de-

147 908 307 943 mittitur
321 910 396 944 602
412 921 445 951 «3
469 908 727 944 vindemiatori
744 920 848 943 corn-

145 979 308 1019 paratur,
335 974 435 1019 quod
466 973 552 1008 boni
584 973 766 1020 reliquum
795 978 849 1008 est

146 1037 335 1083 colligenti
351 1038 474 1076 613d:
498 1037 648 1073 Christo
659 1037 850 1073 Crucifixo

145 1108 340 1149 superatus
368 1104 443 1137 614
467 1116 507 1143 e;
543 1103 764 1149 resurgenti,
787 1102 848 1137 de-

146 1167 281 1202 missus
306 1168 351 1202 ad
380 1167 516 1202 inferos
542 1169 617 1203 615
641 1167 685 1211 d;
722 1173 850 1214 captor

145 1237 285 1279 captus,
300 1238 336 1268 et
349 1232 546 1280 colligatus
556 1234 631 1268 623
648 1232 686 1277 b;
711 1232 851 1267 exhau-

146 1297 192 1332 sit
220 1297 397 1338 Judaeos,
426 1302 467 1332 ut
497 1309 608 1332 uvam
639 1309 849 1344 expressam

145 1362 219 1397 624
243 1374 284 1405 a;
316 1374 361 1397 ex
386 1362 658 1397 lucar-nationis
683 1367 849 1408 tempore

144 1426 335 1473 subjectus
375 1428 450 1462 625
490 1427 537 1470 b;
592 1432 672 1462 toto
709 1426 848 1462 mundo

143 1491 377 1539 tyrannidem
396 1504 500 1526 suam
518 1491 693 1538 imposuit
710 1493 786 1527 632
806 1503 847 1535 a;

143 1569 209 1603 per
223 1556 416 1591 Christum
433 1568 583 1592 eversus
599 1558 674 1592 632
690 1556 732 1601 b;
759 1567 849 1602 quo-

144 1621 256 1656 modo
277 1621 480 1656 vincendus
501 1621 547 1656 sit
569 1623 645 1657 670
667 1634 707 1665 a;
738 1633 848 1668 appa-

144 1686 249 1721 rebat
283 1686 485 1721 Zachariae
519 1686 736 1721 adversatus
769 1687 846 1720 An-

144 1751 229 1798 gelo
252 1752 327 1786 672
351 1750 395 1791 d;
428 1763 541 1798 quare
562 1763 583 1786 a
602 1751 732 1786 dextra
752 1756 849 1785 stare

146 1815 263 1850 soleat
284 1816 360 1851 673
379 1815 417 1859 d;
440 1827 614 1850 accusare
635 1828 708 1850 non
731 1820 851 1850 cessat

146 1881 222 1915 673
246 1891 286 1923 e;
310 1878 391 1920 Dei,
412 1892 486 1914 non
508 1886 691 1924 nostrum,
712 1879 850 1915 virtute

145 1949 342 1991 superatus
382 1946 458 1979 685
492 1944 536 1987 d;
581 1956 646 1991 per
685 1951 849 1979 montem

146 2021 324 2056 magnum
366 2008 622 2056 insurgentem
662 2009 848 2056 praefigu-

145 2079 248 2108 ratus
288 2075 364 2108 686
400 2086 439 2118 c;
483 2073 612 2121 Ipsum
644 2073 849 2114 Christum,

146 2139 245 2185 ipsos
266 2137 473 2185 Apostolos
494 2137 651 2173 tentavit
672 2140 748 2173 686
770 2138 793 2173 d
809 2151 850 2184 e;

146 2215 166 2238 a
188 2202 340 2238 Christo
361 2202 467 2238 facile
487 2208 681 2249 superatus
706 2204 781 2239 687
804 2216 849 2248 ag

146 2267 416 2303 Antichristum
444 2267 646 2302 emissurus
672 2267 851 2315 praedici-

146 2338 207 2367 tur
233 2335 309 2368 770
332 2344 376 2376 03
409 2344 430 2366 a
459 2332 684 2378 martyribus
713 2333 850 2367 sanctis

145 2396 409 2444 pessumdatus
442 2398 517 2431 775
543 2408 584 2437 c;
624 2402 661 2432 et
690 2396 847 2443 pseudo-

149 2461 350 2509 prophetas
378 2466 415 2495 et
440 2459 658 2495 idololatras
678 2460 850 2496 incende-

145 2527 209 2561 bat
251 2527 325 2561 788
362 2525 407 2566 d3

147 2593 224 2627 804
254 2590 300 2634 b;
345 2588 631 2624 dormitantibus
670 2589 849 2637 invigilat,

146 2654 387 2703 vigilantibus
408 2653 546 2688 dormit
568 2655 644 2688 832
666 2653 699 2689 b.

94 2720 196 2761 Saul,
237 2731 350 2766 quare
399 2717 670 2753 condemnatus
722 2720 767 2754 13
807 2730 850 2759 e;

151 2788 225 2821 185
246 2784 282 2819 b.

94 2849 290 2890 scandala,
330 2859 395 2894 per
437 2845 624 2893 ignaviam
669 2846 852 2881 bonorum

148 2915 243 2949 fiunt
265 2914 313 2949 82
335 2913 369 2947 b.

95 2977 332 3018 scandalum,
355 2981 536 3024 quantum
558 2988 603 3011 ex
626 2974 722 3010 vitiis
745 2974 851 3010 Levi-

452 2524 683 2560 idololatriae
721 2531 851 2561 auctor

905 205 933 238 R
950 205 979 240 1⁴:
999 205 1024 239 l<
1043 204 1078 240 U
1096 204 1148 239 M.
1606 208 1679 239 7113

1157 325 1311 361 Jndaeis
1359 326 1463 360 fieret
1512 325 1587 360 847
1629 325 1680 369 <¹3

976 393 1050 426 848
1073 404 1118 435 .ἰ;
1148 397 1327 438 quantum
1350 403 1393 425 cx
1420 389 1679 424 Ministroruin

975 331 1110 367 tarum,

975 456 1081 503 culpa
1105 456 1294 491 Ecclesiae
1316 456 1378 490 fiat
1401 456 1475 491 848
1499 467 1529 489 e.

921 520 1161 565 Scarabaeus,
1176 521 1210 555 in
1230 520 1431 568 parietibus
1447 519 1677 555 Judaeorum

976 587 1148 621 inventus
1171 588 1248 622 540
1270 598 1301 620 a.

921 650 1165 698 Scenopegia,
1178 651 1310 686 festum
1325 649 1680 689 Judae0r11r11,tem-

974 728 1063 763 pore
1097 716 1243 751 [lose-ac
1273 715 1499 750 celebratum
1532 716 1604 750 102
1628 713 1678 759 d3

979 783 1050 816 104
1080 793 1125 825 c3
1157 780 1203 815 ad
1234 779 1406 815 Exoduin
1437 779 1483 814 ab
1504 779 1680 826 Aegypto

975 845 1154 880 memoria
1192 844 1426 880 retinendum
1466 844 1679 879 institutum

979 913 1050 945 174
1083 910 1106 944 d
1131 922 1174 954 e;
1224 908 1412 957 quomodo
1443 908 1681 944 observatum

973 975 1083 1010 fuerit
1106 976 1179 1010 611
1205 987 1245 1019 c;
1287 974 1510 1021 descriptum
1536 975 1612 1009 810
1634 973 1656 1008 b
1675 986 1683 1018 ;

974 1039 1113 1074 (shristi
1151 1038 1449 1074 Resurrectionis
1484 1044 1609 1086 tylus‚
1645 1038 1681 1072 in

973 1104 1070 1147 Quo,
1093 1116 1260 1151 corpora,
1279 1104 1379 1151 quasi
1404 1105 1533 1147 σκηναὶ,
1553 1108 1682 1138 nostra

973 1170 1047 1204 fixa
1077 1175 1163 1204 sunt
1195 1171 1270 1204 810
1292 1168 1371 1213 cd;
1415 1168 1450 1202 id
1481 1167 1682 1202 observant

969 1234 1162 1281 justificati
1184 1234 1220 1268 in
1243 1233 1394 1268 Christo
1417 1235 1490 1268 811
1517 1246 1548 1268 a.

920 1298 1131 1345 Sceptrum,
1153 1298 1301 1347 signum
1332 1297 1456 1345 regiae
1486 1297 1681 1344 potestatis

973 1364 1049 1398 488
1072 1375 1103 1398 e.

919 1427 1140 1466 Schoeniae,
1162 1427 1266 1462 locus
1287 1427 1324 1461 in
1345 1426 1461 1461 Moab
1484 1429 1560 1462 447
1583 1426 1617 1460 d.

919 1491 1095 1532 Scientia,
1118 1490 1237 1538 qualis
1266 1498 1302 1526 et
1330 1496 1468 1538 quanta
1497 1490 1681 1526 sacerdoti

973 1556 1180 1592 necessaria
1202 1557 1277 1592 838
1300 1568 1340 1601 e3
1376 1555 1562 1602 praesenti
1584 1562 1679 1591 tem-

973 1634 1061 1669 pore
1086 1620 1316 1668 imperfecta,
1338 1620 1466 1655 futuro
1497 1620 1564 1655 erit
1596 1632 1678 1668 per-

972 1685 1174 1721 fectissima
1196 1686 1272 1720 867
1294 1697 1339 1728 a;
1371 1698 1444 1732 quo
1466 1697 1578 1720 sensu
1600 1697 1679 1720 ces·

974 1750 1070 1785 sa'bit.
1091 1752 1167 1786 867
1189 1749 1224 1785 b.
1284 1746 1394 1799 [Vide
1416 1746 1581 1799 Graeci]

921 1814 1075 1862 Scopus,
1101 1815 1146 1850 de
1176 1814 1414 1861 principibus,
1441 1814 1478 1849 in
1509 1827 1596 1850 suos
1626 1814 1680 1849 in-

973 1879 1177 1920 tuentibus,
1198 1884 1262 1914 aut
1287 1891 1307 1914 a
1326 1879 1442 1927 vulgo
1470 1879 1682 1926 spectandis

974 1944 1115 1980 dictum
1142 1946 1213 1980 132
1236 1956 1267 1979 c.

921 2008 1084 2054 Scribae,
1104 2008 1172 2044 Dei
1193 2008 1390 2056 agricolae,
1413 2020 1477 2055 per
1497 2008 1682 2055 agricolas

974 2073 1073 2121 apud
1099 2073 1243 2108 Joelem
1274 2072 1504 2120 intelligendi
1532 2074 1608 2108 208
1631 2073 1681 2119 b3

972 2138 1214 2178 Judaeorum,
1229 2137 1306 2184 lupi
1327 2144 1495 2184 raptores
1517 2139 1594 2173 620
1608 2137 1631 2172 b
1645 2150 1680 2183 c;

973 2203 1143 2238 leonibus
1190 2202 1424 2249 rugientibus
1477 2203 1682 2249 comparati

977 2270 1051 2304 757
1074 2280 1115 2308 c;
1141 2269 1214 2303 758
1237 2279 1278 2307 c;
1311 2266 1488 2301 stultitiae
1509 2266 1681 2308 convicti,

976 2331 1180 2380 Prophetas
1233 2331 1462 2366 honorantes
1517 2333 1593 2367 857
1643 2331 1681 2366 b.

973 2394 1087 2447 [Vide
1109 2395 1308 2439 Pharisaei,
1328 2392 1493 2445 Judaei.]

921 2461 1122 2508 Scriptura,
1144 2473 1219 2495 non
1241 2459 1376 2495 occidit
1401 2462 1446 2495 12
1469 2471 1510 2504 e3
1539 2471 1604 2506 per
1624 2471 1684 2494 res

975 2537 1173 2573 corporeas
1196 2524 1407 2572 spirituales
1427 2523 1547 2559 innuit
1573 2525 1619 2559 16
1637 2523 1682 2569 b;

975 2589 1216 2637 spiritualiter
1254 2588 1499 2636 intelligenda
1545 2590 1594 2624 20
1634 2588 1682 2633 d;

977 2656 1025 2690 22
1048 2653 1094 2696 (1;
1131 2654 1383 2701 aenigmatum
1415 2653 1536 2700 plena,
1562 2652 1683 2688 solum

974 2718 1167 2758 modestis,
1187 2730 1253 2765 per
1274 2717 1434 2765 gratiam
1456 2717 1682 2757 illuminatis,

976 2788 1104 2829 aperta
1132 2788 1189 2817 est
1223 2783 1296 2818 196
1317 2782 1362 2827 bg
1403 2781 1584 2829 superbis,
1616 2781 1682 2817 ob-

977 2859 1084 2882 scura
1115 2847 1155 2882 fit
1179 2848 1253 2883 196
1275 2858 1319 2891 c3
1350 2845 1539 2881 Divinitus
1568 2845 1682 2892 inspi-

976 2917 1057 2947 rata
1097 2913 1173 2948 212
1214 2923 1258 2956 a;
1307 2911 1425 2946 brutis
1464 2910 1684 2945 animalibus

977 2976 1157 3012 rationem
1184 2982 1240 3012 est
1265 2975 1329 3011 ubi
1360 2974 1510 3011 ascribit
1542 2976 1617 3011 212
1641 2987 1682 3019 a3
