2007 3366
308 195 363 234 60
697 195 746 235 B.
791 193 1067 235 CYRILLI
1105 194 1487 235 ALEXANDR.
1734 193 1877 248 iii.13.

382 300 457 352 Τὰ
494 301 691 368 πε’πειρα
728 306 822 352 τῶν
853 305 1007 352 συκῶν
1032 302 1283 352 ἀποπίπτει
1315 303 1496 371 ῥᾳδίως,
1523 305 1560 353 εὶ
1591 299 1647 365 δὴ
1686 302 1876 367 κραδαί-

309 408 434 436 νοιτο
467 383 522 435 τὸ
557 383 719 453 φυτὸν,
745 386 993 450 μονονουχὶ
1026 382 1075 434 δὲ
1100 386 1174 434 καὶ
1199 383 1316 449 πρὸς
1339 384 1424 449 τὴν
1448 389 1530 435 τοῦ
1556 385 1886 437 κατασείοντος

310 466 631 534 καταθρώσκει
689 470 834 533 χεῖρα,
879 467 954 516 καὶ
993 470 1088 519 τοῖς
1128 466 1357 529 δεομένοις
1402 472 1484 518 τοῦ
1529 472 1699 535 φαγεῖν
1745 466 1884 516 αὐτο-

311 548 468 612 μάτως
517 550 749 617 ἐπιφοιτᾷ.
822 549 986 599 οὐκοῦν
1030 548 1274 614 ἐπειδήπερ
1317 549 1477 614 Κύρου
1521 547 1888 616 προσβαλόντος

91 646 163 680 511
183 645 231 679 Α.
272 634 386 682 axa}
430 636 792 696 πολιορκοῦντος
835 631 922 695 ἤδη
963 630 1048 695 τὴν
1086 630 1259 693 Νινευῒ,
1298 636 1392 684 τοῖς
1438 631 1616 699 τείχεσί
1651 654 1701 682 τε
1747 632 1928 694 αὐτῆς5

267 1378 294 1419 b

92 1632 194 1663 Abac.
206 1632 228 1663 i.

96 1675 144 1707 16.

251 1808 297 1845 13

276 2092 298 2118 C

310 712 591 781 ἐφιστάντος
630 711 713 766 τὰς
762 712 1002 767 ἑλεπόλεις
1040 713 1142 778 ἠ’τοι
1185 712 1292 766 τοὺς
1338 712 1503 779 κριόυς,
1542 713 1626 768 τὰς
1668 712 1887 782 ἐπάλξεις

311 795 501 862 ἐτήρουν
527 798 568 846 οἱ
595 795 921 858 ἐπαμύνοντες·
969 794 1066 847 εἶτα
1103 796 1368 865 τοξεύοντες
1395 799 1437 846 οἱ
1462 795 1729 864 μαχόμενοι,
1756 818 1888 846 κατε-

311 876 496 945 κόμιζον
520 881 581 931 εἰς
619 881 709 943 γῆν
735 876 934 932 εὐκόλως
973 879 1153 932 αὐτούς.
1222 879 1402 946 δέχεται
1432 878 1518 942 τὴν
1544 879 1767 941 ὁμοίωσιν
1793 877 1887 929 ἀπὸ

311 966 394 1011 τοῦ
431 959 694 1027 πεφυκότος
735 961 948 1026 γίνεσθαι
984 963 1088 1028 περὶ
1114 960 1173 1013 τὰ
1203 962 1398 1028 πέπειρα
1423 966 1517 1012 τῶν
1543 966 1709 1013 συκῶν.
1769 960 1884 1012 ταύ-

311 1044 446 1112 τῃτοί
466 1048 616 1113 φησιν
641 1043 711 1094 ὅτι
737 1045 891 1095 πάντα,
916 1043 976 1096 rb,
1001 1044 1270 1113 ὀχυρώματοὶ
1299 1069 1393 1107 σου,
1422 1044 1636 1096 τουτέστι
1661 1043 1721 1095 τὰ
1745 1044 1887 1111 τείχη,
1912 1074 1958 1099 10

312 1134 446 1178 συκαὶ
484 1126 677 1183 σκοποὺς
718 1127 916 1190 ἔχουσαι,
957 1127 999 1178 οἳ
1036 1126 1153 1194 πρὸς
1191 1126 1277 1191 τὴν
1314 1133 1397 1178 τοῦ
1440 1132 1609 1195 φαγεῖν
1647 1126 1889 1179 ἐθέλοντος

311 1210 453 1261 ἵενται
479 1215 623 1277 χεῖρα,
651 1211 725 1261 καὶ
751 1209 884 1273 μάλα
908 1210 1122 1272 εὐκόλως,
1149 1214 1185 1261 εὶ
1212 1209 1268 1274 δή
1295 1233 1362 1264 τις
1388 1209 1531 1275 μόνον
1558 1209 1889 1274 καταδονήσειε

311 1292 366 1344 τὸ
393 1292 557 1360 φυτόν.

376 1374 558 1426 ’Έσται
593 1374 640 1424 δὲ
674 1375 794 1424 οὕτω
832 1376 907 1425 καὶ
945 1379 1081 1426 πᾶσα
1115 1373 1263 1442 ψυχὴ,
1299 1377 1381 1437 τῆς
1418 1375 1594 1425 ἄνωθεν
1629 1375 1889 1440 ἐπικουρίας

313 1457 605 1509 ἐκπίπτουσα
643 1460 717 1507 καὶ
755 1456 1056 1523 ἐστερημένη,
1099 1457 1287 1525 εὐχερὴς
1333 1460 1407 1507 καὶ
1445 1456 1677 1511 εὐάλωτος
1716 1459 1791 1508 καὶ
1834 1459 1888 1508 οὐ
1911 1480 1957 1519 15

313 1538 404 1591 σὺν
444 1542 600 1605 ἱδρῶτι
638 1539 796 1604 ληπτὴ
827 1545 894 1609 τῷ
927 1539 1189 1591 κατεσθίοντι
1228 1543 1428 1609 σατανᾷ.
1496 1540 1757 1606 γέγραπται
1796 1539 1889 1606 γὰρ

315 1622 383 1673 ὅτι
412 1629 439 1651 “
458 1621 534 1673 Τὰ
559 1622 789 1689 βρώματα
816 1624 955 1673 αὐτοῦ
982 1622 1221 1673 ἐκλεκτοί.”

310 1793 421 1835 Ἰδοὺ
458 1796 481 1835 ὁ
516 1794 618 1835 λαός
656 1809 730 1836 σου
769 1794 828 1834 ὡς
867 1791 1057 1840 Γυναῖκες
1095 1795 1137 1835 ἐν
1179 1794 1257 1845 σοὶ,
1297 1793 1382 1836 τοῖς
1421 1791 1585 1850 ἐχθροῖς
1617 1809 1690 1836 σου
1722 1793 1889 1840 (ivon-(3-

381 1893 503 1926 μενοι
536 1878 860 1933 ἀνοιχθιίσονται
892 1879 1020 1919 Πύλαι
1046 1883 1119 1919 τῆς
1151 1883 1222 1925 sfic
1248 1893 1334 1929 σου,
1363 1879 1655 1933 καταφάγεται
1686 1880 1764 1934 Πῦρ
1789 1877 1888 1918 τοὺς

381 1963 563 2017 μοχλούς
591 1977 678 2004 σου.
1912 1975 1960 2000 20

391 2066 613 2114 Ματαίαν
647 2065 799 2114 αὐτῶν
829 2064 1075 2132 ἀποφαίνει
1113 2063 1196 2128 τὴν
1232 2065 1415 2115 ἐλπίδα.
1482 2062 1629 2133 ᾤοντο
1667 2063 1751 2127 μὲν
1778 2062 1886 2130 γὰρ,

316 2149 376 2201 ὡς
403 2148 485 2197 οὐκ
512 2145 567 2197 ἂν
595 2147 751 2197 ἁλοῖἔν
776 2169 909 2210 ποτε,
939 2146 1127 2211 πληθὺν
1154 2148 1411 2213 ἀμέτρητον
1436 2151 1530 2197 τῶν
1556 2147 1709 2200 αὐτοῖς
1739 2169 1887 2197 συνα-

315 2228 577 2295 σπιζὸντων
621 2228 1038 2295 συναγηγερκότες,
1087 2231 1161 2279 καὶ
1206 2229 1448 2296 άῤῥήκτοις
1493 2230 1668 2296 τείχεσι
1708 2251 1884 2294 πεπυρ-

315 2313 528 2378 γωμε’νην
569 2317 799 2365 οἰκοῦντες
842 2312 998 2363 πόλιν.
1062 2311 1172 2362 ἀλλ’
1218 2312 1286 2362 ὅτι
1338 2315 1412 2362 καὶ
1458 2317 1603 2362 ταῦτα
1646 2315 1890 2364 παντελῶς

316 2395 517 2460 ἀνόνητα
557 2397 711 2448 αὐτοῖς
753 2395 1211 2462 προαναπεφώνηκεν
1254 2397 1470 2460 ἐναργῶς,
1512 2392 1789 2459 κακανδρίας
1829 2397 1891 2447 εἷς
1912 2410 1959 2448 25

317 2487 453 2532 τοῦτο
493 2480 861 2549 κατοιχήσεσθαι
900 2482 1052 2546 λε’γων
1087 2480 1193 2534 τούς
1231 2480 1561 2544 ἐπαμύνοντας,
1596 2481 1657 2533 ὡς
1694 2481 1892 2544 γυναίων

318 2565 530 2614 ἀσθενῶν
565 2567 809 2629 διενεγκεῖν
848 2564 992 2614 οὐδέν·
1037 2562 1415 2628 διανοιχθήσεο-θοιι
1448 2561 1501 2612 δέ
1534 2565 1656 2630 φησι
1696 2564 1769 2612 καὶ
1807 2560 1892 2616 τὰς

368 2697 398 2719 2.
426 2687 477 2720 καὶ
495 2694 713 2730 assumptum
733 2699 772 2721 ex
793 2686 835 2721 B.
854 2687 890 2720 δέ
908 2688 961 2721 καὶ
978 2699 1048 2721 om.
1069 2688 1115 2722 D.
1282 2699 1314 2729 4.
1340 2699 1403 2729 περ
1421 2696 1490 2718 om.
1511 2684 1557 2718 D.
1606 2685 1892 2728 προσβάλλοντος

320 2732 411 2766 Edd.
429 2734 545 2768 invitis
565 2735 656 2768 B.D.
832 2746 864 2777 5.
892 2749 927 2767 τε
945 2746 1014 2768 om.
1035 2735 1081 2768 l).
1267 2733 1298 2766 6.
1325 2733 1527 2777 ἐφιστάντος
1546 2731 1591 2765 D.
1612 2731 1703 2765 Edd.
1722 2731 1891 2774 ἐφιστῶν-

319 2794 376 2814 τος
396 2779 435 2813 B.
604 2782 636 2815 8.
663 2781 783 2816 αὐτοὺς
800 2781 946 2816 εὐκόλως
962 2781 1009 2816 εἷς
1025 2783 1088 2826 γῆν
1104 2781 1240 2814 inverso
1257 2779 1376 2813 ordine
1395 2779 1441 2812 D.
1491 2777 1640 2823 δέχεται]
1665 2783 1702 2818 -ξ-
1722 2777 1780 2812 οὖν
1799 2778 1888 2812 Edd.

320 2838 352 2870 9.
378 2826 530 2870 γίνεσθαι
548 2829 632 2872 πεφ.
650 2829 720 2861 inv.
739 2828 859 2862 ordine
879 2828 924 2861 D.
1072 2839 1124 2862 12.
1149 2825 1269 2872 ἵενται]
1289 2826 1369 2860 ἴέναι
1387 2825 1445 2858 iid.
1493 2840 1541 2860 τις
1559 2833 1637 2870 post
1654 2823 1889 2867 καταδονὴσειε

319 2879 447 2916 transp.
468 2872 513 2906 D.
625 2886 677 2920 19.
704 2876 736 2908 ni
753 2875 856 2910 πύλαι
876 2875 912 2909 F.
932 2874 1028 2919 (42.)
1079 2873 1160 2919 σου]
1181 2879 1217 2914 -Ι-
1239 2874 1290 2907 καὶ
1310 2872 1346 2906 F.
1366 2871 1455 2906 Edd.
1475 2871 1615 2916 (Alex.)
1633 2872 1685 2905 καὶ
1705 2883 1775 2905 om.
1795 2871 1889 2906 B.D.

320 2919 419 2963 (vat.
439 2919 478 2962 N)
745 2933 798 2955 22.
824 2937 906 2956 ποτε
925 2921 970 2956 l).
990 2924 1124 2956 πώποτε
1144 2920 1234 2955 Edd.
1283 2920 1462 2961 συνασπιζ.
1481 2919 1592 2954 αὐτοῖς
1615 2918 1684 2952 inv.
1702 2917 1823 2952 ordine
1842 2918 1888 2952 D.

321 2976 375 3008 24.
401 2965 513 3001 αὐτοῖς
528 2967 667 3009 ἀνόνητα
684 2971 856 3003 παντελῶς
874 2969 1009 3002 inverso
1027 2968 1146 3002 ordine
1166 2968 1211 3001 D.
1338 2965 1392 3000 26.
1418 2969 1580 3010 γυναικῶν
1599 2966 1644 2999 D.
1771 2974 1826 3009 27.
1853 2964 1891 2999 δέ

318 3020 538 3057 assumptum
557 3026 595 3047 ex
618 3015 709 3049 lm).
761 3016 885 3049 Statim
903 3017 992 3060 φησι
1010 3021 1230 3060 assumptum
1248 3025 1288 3047 ex
1308 3012 1348 3047 B.
1368 3020 1446 3057 post
1463 3012 1571 3048 πύλας
1590 3011 1786 3057 transponit
1805 3012 1850 3046 D.
