2007 3387
367 147 451 185 256
755 149 803 188 B.
849 148 1128 189 CYR-ILLI
1178 148 1561 189 ALEXANDR.
1832 146 1939 186 i.12.

363 254 494 306 ἐστιν
543 256 570 320 ἡ
621 257 903 320 Ἐκκλησία,
955 258 1047 308 οὔτ’
1095 256 1152 308 ἂν
1197 255 1347 327 δρόσος
1391 258 1572 324 γε’νοιτο
1621 252 1941 317 πνευματικὸς,

363 338 577 389 τουτέστι
625 339 927 404 παράκλησις
977 340 1005 403 ἡ
1054 339 1111 408 ἐξ
1162 341 1358 406 οὐρανοῦ
1409 338 1571 407 ψυχὰς
1628 340 1703 389 καὶ
1754 338 1943 403 καρδίας

363 420 750 470 καταπιαίνουσα·
805 422 907 472 οὔτε
957 421 1051 486 μὴν
1091 422 1119 486 ἡ
1164 421 1257 473 ἀπὸ
1300 424 1388 487 γῆς
1438 422 1673 488 εὐκαρπία,
1714 419 1941 481 τουτέστι,

321 500 421 551 er&
473 500 548 551 διὰ
595 502 816 565 σώματος
868 503 1225 570 κατορθώματα·
1279 505 1333 555 οὐ
1383 507 1514 565 σῖτος,
1563 504 1646 554 οὐκ
1700 501 1814 565 οἶνος,
1859 502 1943 552 οὐκ

363 583 523 634 ἐλαίου
546 587 733 651 χρῆσις.
803 586 1023 654 ἀνίσχυες
1049 585 1142 653 γὰρ
1168 585 1322 651 πάντη
1349 609 1396 637 τε
1423 588 1499 637 καὶ
1524 585 1713 639 πάντως
1738 585 1940 647 ἔσονται,
1961 605 1982 643 5

360 666 435 715 καὶ
470 671 553 716 τοῦ
585 669 1008 735 κατευφραίνεσθαι
1039 667 1237 735 μακρὰν,
1265 672 1613 719 καταπιανθεῖεν
1640 669 1685 718 δ’
1713 665 1771 718 ἂν
1796 668 1938 718 οὐδα-

358 751 459 810 μῶς
484 749 625 818 ἐλαίῳ
654 752 721 819 τῷ
752 755 902 819 νοητῷ
934 754 1000 820 τῷ
1033 753 1115 815 τῆς
1149 750 1501 815 ἀγαλλιάσεως,
1531 753 1605 801 καὶ
1644 750 1942 819 ἁπαξαπλῶς

360 829 584 895 ἄγευστοι
632 831 708 882 καὶ
759 833 980 900 ἀμέτοχοι
1029 835 1112 897 τῆς
1153 832 1369 898 εὐλογίας
1413 835 1700 895 ἀπομενοῦσι
1741 835 1822 896 τῆς
1866 831 1942 882 διὰ

359 915 591 978 Χριστοῦ·
633 915 709 964 καὶ
735 913 852 980 πρός
870 937 924 980 γε
945 912 1000 978 δὴ
1020 914 1200 969 τούτοις
1221 913 1617 982 ὑπενεχθήσονται
1643 917 1700 982 τῇ
1721 918 1940 984 ῥομφαίᾳ,

358 996 434 1045 καὶ
472 994 677 1058 ἄμισθον
713 1001 958 1051 παντελῶς
996 998 1280 1061 ὑπομενοῦσι
1316 996 1475 1060 πόνον,
1501 995 1587 1047 κᾶν
1614 996 1656 1047 εἴ
1685 1019 1753 1050 τις
1786 997 1940 1049 αὐτοῖς
1963 1018 2007 1043 10

133 1082 253 1166 ἔξω·
358 1078 596 1132 ἐπιεικείας
622 1077 934 1143 ἐπιτηδεύοιτο
959 1079 1149 1146 τρόπος.
1192 1083 1512 1147 στεφανοῦται
1528 1078 1622 1146 γὰρ
1638 1080 1796 1141 οὐδεὶς,
1817 1085 1844 1108 “
1860 1077 1940 1129 ἐὰν

358 1166 386 1188 “
411 1159 477 1224 μὴ
505 1162 709 1225 νομίμως
735 1160 967 1229 ἀθλήσῃ,”
995 1161 1113 1212 κατὰ
1136 1160 1190 1212 τὸ
1216 1162 1555 1227 γεγραμμένον.
1624 1162 1789 1212 οὐκοῦν
1814 1160 1939 1226 ἡγώ-

133 1259 219 1293 636
240 1258 291 1293 Α.
317 1246 478 1305 ειμεθα
504 1243 918 1309 περισπούδαστον
951 1246 1025 1295 καὶ
1060 1248 1154 1294 τῶν
1191 1243 1261 1294 ὅτι
1295 1243 1510 1308 μάλιστα
1545 1248 1735 1295 σεπτῶν
1758 1242 1843 1308 τὴν
1877 1248 1938 1298 εἰς

356 1323 415 1375 τὰ
442 1325 612 1389 ἀμείνω
643 1325 871 1389 σπουδήν·
910 1325 1123 1394 τετάχθω
1155 1325 1203 1377 δὲ
1237 1329 1312 1377 καὶ
1345 1326 1403 1377 τὰ
1432 1327 1536 1377 καθ’
1563 1327 1684 1391 ἡμᾶς
1715 1328 1763 1378 ἐν
1793 1327 1937 1389 μείονι

355 1405 502 1477 λόγῳ,
535 1410 610 1458 καὶ
648 1407 729 1458 ’ίτω
769 1406 966 1459 κατόπιν
998 1413 1093 1459 τῶν
1134 1412 1195 1462 εἷς
1236 1408 1382 1477 δόξαν
1421 1413 1559 1460 Θεοῦ.
1628 1410 1704 1460 καὶ
1742 1410 1845 1477 οὐχὶ
1879 1407 1936 1473 δὴ
1960 1426 2005 1464 15

354 1488 499 1554 μόνον
540 1491 705 1552 ἑστίαι,
745 1492 819 1540 καὶ
854 1493 1087 1558 χρῆματα,
1127 1492 1201 1541 καὶ
1239 1489 1296 1541 τὰ
1334 1495 1396 1545 εἷς
1435 1490 1579 1560 δόξαν
1618 1490 1767 1555 κενὴν,
1806 1489 1936 1542 ἀλλὰ

356 1570 450 1638 γὰρ
495 1572 569 1623 καὶ
611 1572 737 1637 γένη,
780 1574 855 1623 καὶ
898 1573 1110 1641 ἀδελφοὶ,
1151 1575 1226 1623 καὶ
1269 1573 1478 1640 πατέρες.
1545 1575 1665 1624 οὕτω
1709 1573 1802 1638 γάρ
1844 1595 1937 1624 που

131 1658 290 1743 {253}-
357 1656 480 1722 φησὶ
506 1656 581 1705 καὶ
607 1656 632 1705 ὁ
660 1653 872 1721 Χριστός
898 1662 924 1683 “
944 1655 1007 1705 Ὁ
1035 1659 1193 1723 φιλῶν
1226 1655 1406 1722 πατερα
1435 1653 1463 1719 ὴ
1496 1655 1671 1722 μητέρα
1705 1653 1817 1721 ὑπὲρ
1843 1654 1934 1718 ἐμὲ,

220 1727 228 1741 θ
286 1727 293 1733 “
357 1744 383 1766 “
407 1737 489 1787 οὐκ
525 1736 627 1787 ἔστι
660 1760 749 1799 μου
784 1737 929 1806 ἄξιος·
973 1739 1047 1787 καὶ
1087 1738 1111 1787 ὁ
1151 1741 1306 1806 φιλῶν
1346 1737 1443 1788 υἱὸν
1480 1736 1509 1801 ἢ
1548 1738 1780 1804 θυγατέρα
1823 1736 1935 1804 ὑπὲρ

357 1826 383 1849 “
409 1819 500 1883 ἐμὲ,
529 1821 610 1870 οὐκ
645 1820 747 1870 ε”στι
779 1843 869 1883 μου
905 1817 1051 1885 ἄξιος·
1094 1822 1168 1870 καὶ
1195 1819 1244 1874 ὃς
1277 1822 1330 1871 οὐ
1365 1820 1596 1882 λαμβάνει
1620 1818 1702 1870 τὸν
1727 1818 1935 1887 σταυρὸν
1957 1839 2007 1864 20

355 1909 383 1931 ‘⁶
408 1903 551 1953 αὐτοῦ
577 1904 652 1953 καὶ
679 1904 930 1953 ἀκολουθεῖ
949 1903 1104 1953 ὀπίσω
1129 1925 1234 1966 μου,
1261 1904 1342 1954 οὐκ
1368 1903 1470 1953 ε”στι
1495 1925 1585 1965 μου
1612 1902 1785 1971 ἄξιος.”

291 2195 334 2220 12
361 2179 430 2221 Καὶ
466 2179 621 2221 ιῖέκουσε
654 2179 899 2236 Ζοροβάβελ
936 2179 959 2221 ὁ
996 2184 1068 2221 τοῦ
1106 2179 1328 2221 Σαλαθιήλ
1366 2180 1388 2221 ὁ
1426 2180 1473 2221 ὲκ
1511 2183 1649 2236 φυλῆς
1674 2179 1829 2231 Ἰούδα,
1865 2179 1932 2221 καὶ

418 2263 584 2304 ἸΗσοῡε
611 2264 633 2305 ὁ
659 2267 732 2304 τοῦ
752 2263 954 2306 Ἰωσεδὲκ
981 2265 1002 2305 ὁ
1033 2262 1168 2321 ἱερεὺς
1207 2265 1229 2306 ὁ
1265 2265 1409 2316 μὲι-ας,
1437 2263 1505 2305 καὶ
1542 2265 1700 2305 Πάντες
1733 2262 1771 2305 οἷ
1805 2263 1935 2305 κατά-

310 2351 338 2392 b
425 2356 567 2388 λοιΠοι
603 2351 676 2388 τοῦ
712 2351 817 2388 λαοῦ
852 2351 929 2389 τῆς
963 2351 1113 2403 φωνῆς
1151 2347 1299 2405 Κυρίου
1335 2351 1409 2389 τοῦ
1437 2347 1546 2388 Θεοῦ
1583 2347 1724 2389 αὐτῶν
1753 2346 1821 2388 καὶ
1846 2347 1932 2388 τῶν

423 2430 561 2477 λόΓων
604 2430 800 2477 'As-sodon
849 2435 922 2472 τοῦ
971 2432 1209 2487 Προφήτου,
1259 2430 1406 2473 καθότι
1454 2430 1753 2473 ἐξαπέστειλεν
1802 2429 1931 2471 αὐτὸν
1954 2437 2002 2477 25

403 2636 433 2660 1.
460 2626 638 2673 ἐκκλησία]
663 2632 700 2668 -†-
722 2630 809 2662 Θεου
828 2628 873 2662 D.
937 2630 1140 2672 πνευματικὴ
1160 2629 1205 2663 D.
1594 2626 1723 2673 4διὰ]
1748 2632 1784 2668 -Ι-
1805 2630 1865 2662 rofi
1883 2628 1930 2663 D.

355 2682 388 2716 5.
414 2675 539 2718 χρῆσις
559 2675 603 2708 D.
619 2674 709 2709 Edd.
727 2676 843 2720 χρίσις
856 2676 898 2710 Β.
948 2677 1072 2710 Statim
1090 2676 1249 2722 ἅνίσχυες
1267 2676 1308 2709 Β.
1327 2675 1504 2720 ἀνίσχυροι
1520 2674 1566 2708 D.
1584 2674 1674 2708 Edd.
1782 2684 1812 2719 7.
1835 2676 1931 2710 Haec

356 2722 402 2766 τῷ
420 2721 478 2763 τῆς
494 2720 730 2765 ἀγαλλιάσεως
747 2730 967 2757 accesserunt
985 2735 1025 2756 ex
1046 2723 1091 2757 D.
1448 2733 1459 2755 Ι
1471 2733 1499 2755 1.
1525 2720 1752 2764 ἐπιτηδεύοιτο
1772 2721 1818 2756 D.
1838 2722 1930 2756 Edd.

356 2755 587 2810 ἐπιτηδεὺηται
606 2768 648 2802 B.
927 2781 979 2804 12.
1005 2770 1102 2815 γένος
1119 2781 1181 2815 pro
1197 2768 1426 2815 γεγραμμένον
1443 2769 1523 2811 (sic)
1542 2768 1634 2801 Edd.
1684 2767 1852 2812 ἡγούμεθα
1870 2768 1929 2802 iid.

361 2822 414 2857 15.
442 2816 529 2847 Θεοῦ
546 2821 579 2848 et
597 2815 635 2858 δὴ
654 2822 834 2860 assumpta
851 2829 891 2850 ex
911 2817 952 2850 B
958 2817 1004 2851 D.
1433 2816 1485 2849 18.
1513 2815 1563 2848 καὶ
1583 2818 1804 2859 assumptum
1822 2827 1863 2849 ex
1883 2815 1930 2849 D.

361 2870 483 2903 19—21.
512 2860 608 2895 Haec
622 2863 674 2896 καὶ
692 2864 710 2895 ὁ
727 2865 839 2907 φιλῶν
852 2864 1081 2898 υἱὸν-ὀπίσω
1098 2878 1173 2907 μου,
1189 2863 1246 2896 οὐκ
1259 2863 1333 2897 ἔστι
1350 2876 1414 2906 μου
1431 2862 1525 2904 ἄξιος
1542 2868 1762 2895 accesserunt
1779 2874 1819 2895 ex
1837 2862 1930 2896 B.D.

359 2916 414 2939 22
440 2908 458 2939 ὁ
476 2908 534 2941 alt.
554 2915 774 2953 assumptum
791 2922 832 2943 ex
853 2910 945 2944 B.D.
965 2911 1098 2953 (Alex.)
1330 2920 1384 2952 25.
1411 2907 1540 2953 λόγων]
1564 2912 1599 2948 -l—
1622 2910 1681 2942 τοῦ
1700 2908 1790 2942 Edd.
1809 2908 1930 2953 (vat.)

356 2951 471 2987 invitis
491 2953 530 2988 Β
537 2954 581 2989 D.
588 2955 624 2989 F.
643 2955 684 2999 (N
702 2957 798 2991 Alex.
819 2956 922 3001 XII.)
972 2956 1087 3002 αὐτὸν]
1113 2962 1147 2997 —ff-
1170 2959 1187 2990 ὁ
1208 2955 1297 2990 Edd.
2003 2932 2007 3022 1
