2053 3382
300 175 384 214 556
691 176 741 216 B.
786 175 1067 215 CYRILLI
1108 173 1496 215 ALEXANDR.
1729 172 1756 212 i.
1781 171 1820 221 6,
1846 182 1882 222 7·

299 281 382 332 τὸν
427 285 592 333 οἰκεῖον
631 282 810 350 εὔξεται
858 284 1076 347 γενέσθαι
1121 282 1370 347 δεσπότην,
1413 284 1496 334 οῦκ
1541 283 1730 346 ἄσημον
1773 279 1886 331 εἶναι

300 364 375 413 καὶ
412 363 754 426 πεπατημένων.
821 363 1004 432 μεθέξει
1042 363 1136 430 γὰρ
1177 366 1297 415 οὕτω
1337 366 1412 415 καὶ
1451 363 1590 417 αὐτὸς
1627 366 1710 427 τῆς
1748 362 1796 413 ε”ν
1833 384 1886 427 γε

300 444 479 496 τούτοις
529 445 787 509 εὐημερίας,
834 439 1053 512 καύχημά
1101 468 1150 496 τε
1194 444 1248 497 τὸ
1293 449 1452 513 χρῆμα
1499 445 1763 510 ποιήσεται,
1812 445 1887 493 καὶ

300 527 525 587 θυμηδίας
550 529 632 589 τῆς
659 527 883 578 ἀνωτάτω
910 531 1137 592 λογιεῖται
1163 527 1426 593 πρόφασιν.
1481 529 1605 590 ὑμεῖς
1632 526 1693 589 δὲ,
1723 527 1887 593 φησὶν,

300 610 361 661 ὡς
387 607 567 673 πατέρα
599 607 808 677 δοξάζειν
835 609 1122 676 ὀφείλοντες,
1149 610 1342 660 δεδιέναι
1369 609 1418 660 δὲ
1447 612 1521 660 καὶ
1549 612 1609 663 ὡς
1637 608 1886 671 δεσπότην,
1908 626 1929 665 5

299 691 395 740 κατ’
427 690 571 759 ἄμφω
606 695 689 741 τοῦ
725 690 986 756 πρέποντος
1025 691 1078 741 οὐ
1117 693 1314 758 μετρίως
1353 689 1715 757 διημαρτηκότες
1754 689 1882 740 ἁλώ-

298 775 465 834 σεσθε,
510 771 627 836 μήτε
667 774 728 825 ὡς
768 775 911 838 πατρὶ
953 772 1038 837 τὴν
1080 770 1234 842 δόξαν,
1282 772 1398 837 μήτε
1442 772 1536 837 μὴν
1578 776 1639 827 ὡς
1681 770 1889 838 δεσπότῃ

261 872 282 897 e
300 851 382 904 τὸν
405 852 562 920 φόβον
588 853 886 908 ἀνάπτοντες.
936 857 1021 906 ποῦ
1045 853 1139 920 γὰρ
1163 857 1183 915 ἦ
1211 852 1320 924 δόξα
1346 880 1460 921 μους
1500 857 1585 906 ποῦ
1612 854 1660 905 δὲ
1687 860 1705 906 ὁ
1732 854 1887 922 φόβος,

299 939 337 985 εἰ
375 935 519 999 μηδὲν
553 940 648 987 τῶν
683 939 746 990 εἷς
785 936 931 1005 δόξαν
967 936 1184 1002 ὁρώντων
1219 936 1305 1000 τὴν
1341 936 1456 1000 ἐμὴν
1495 935 1720 1004 ἀνέχεσθε
1760 939 1888 1000 δρᾶν,

298 1017 416 1082 μήτε
461 1018 554 1082 μὴν
595 1017 648 1069 τὸ
692 1017 979 1084 κολάζεσθαι
1025 1018 1236 1080 δεδιότες,
1275 1024 1372 1072 τοῖς
1413 1022 1708 1072 δεσποτικοῖς
1751 1018 1888 1068 εἴκετε

78 1107 238 1139 &affl-²·
301 1100 488 1164 νόμοις;
541 1101 632 1169 ε”φη
671 1123 715 1150 τι
753 1106 963 1151 τοιοῦτον
1002 1105 1076 1151 καὶ
1117 1099 1192 1151 διὰ
1237 1104 1397 1169 φωνῆς
1432 1100 1641 1151 Ἡσαΐου
1675 1098 1887 1150 “”Ακουε

300 1190 327 1211 “
395 1183 404 1196 ἲ
508 1181 519 1197 ἴ
649 1184 663 1201 X
726 1184 736 1198 9
839 1183 849 1199 Ι
1016 1185 1035 1194 Α
1105 1182 1126 1199 (Ι
1291 1182 1302 1198 Ι
1469 1184 1478 1198 9
1532 1181 1544 1195 Ι
1798 1185 1806 1197 θ
1846 1180 1858 1196 Χ

356 1205 534 1248 ουρανε,
589 1206 666 1233 και
714 1181 925 1248 ενωτιζου
976 1206 1051 1249 γη,
1103 1206 1172 1233 οτι
1227 1186 1400 1249 Κυριος
1456 1189 1697 1246 ελαλησεν
1747 1186 1889 1235 Υιους

301 1272 327 1292 “
355 1265 586 1330 ἐγέννησα
625 1267 700 1315 καὶ
742 1266 935 1333 ὕψωσα,
974 1266 1105 1316 αὐτοὶ
1144 1264 1198 1315 δέ
1230 1288 1287 1329 με
1326 1264 1602 1329 ἠθε’τησαν.”

375 1346 483 1412 Χρὴ
529 1348 684 1398 τοίνυν
729 1347 850 1411 ἡμᾶς
894 1346 953 1398 τὰ
999 1350 1061 1401 εὶς
1108 1344 1246 1416 δόξαν
1292 1350 1417 1398 Θεοῦ
1463 1346 1625 1413 ζητεῖν,
1670 1347 1745 1396 καὶ
1796 1343 1889 1408 μὴν

79 1431 238 1514 ἑοΒῦἕέ-ῑῑ·
301 1429 376 1479 καὶ
427 1429 692 1494 ἐπείγεσθαι
742 1434 1014 1495 κατορθοῦν,
1061 1428 1114 1480 τὸ
1168 1429 1493 1494 γεγραμμένον
1536 1428 1714 1481 εἰδότας
1764 1431 1888 1478 “Ζῶ

301 1518 326 1539 “
353 1509 458 1576 ἐγὼ,
498 1510 622 1576 λέγει
664 1510 850 1576 Κύριος,
891 1510 961 1562 ὅτι
1003 1510 1108 1564 τοὺς
1149 1509 1429 1579 δοξάζοντας
1468 1535 1524 1574 με
1567 1510 1774 1578 δοξάσω,
1814 1511 1888 1560 καὶ

79 1602 166 1636 824
180 1601 229 1635 A·
262 1612 282 1635 fl
301 1600 327 1622 “
353 1593 378 1643 ὁ
413 1592 670 1660 ἐξουθενῶν
695 1615 752 1655 με
787 1592 1256 1661 ἐξουδενωθήσεται.”
1309 1592 1661 1660 δοξασθήσεται
1692 1591 1739 1643 δὲ
1771 1591 1889 1658 πρὸς

300 1674 431 1737 ἡμῶν
477 1676 539 1728 ὡς
583 1673 729 1743 πατὴρ
774 1675 799 1724 ὁ
842 1678 935 1725 τῶν
980 1673 1107 1724 ὅλων
1149 1672 1291 1736 Θεὸς,
1337 1676 1439 1741 οὐχὶ
1484 1673 1538 1725 τὸ
1583 1675 1737 1727 αὐτοῖς
1781 1675 1890 1737 ἡμῖν

299 1756 386 1818 ἡδύ
411 1778 460 1806 τε
488 1757 563 1806 καὶ
589 1756 736 1824 φίλον
762 1756 1087 1820 ἀποπεραίνειν
1113 1756 1489 1807 ἐσπουδακότων·
1531 1756 1891 1806 ἀνατεθεικότων

302 1837 348 1888 δὲ
374 1843 567 1902 μᾶλλον
593 1839 718 1907 αὐτῷ
745 1836 828 1889 τὸν
853 1843 961 1888 νοῦν
987 1840 1062 1888 καὶ
1099 1842 1195 1890 τοῖς
1231 1839 1372 1888 αὑτοῦ
1404 1837 1628 1901 νεύμασιν
1655 1838 1891 1899 ἑπομένων

300 1926 558 1987 πανταχοῦ.
619 1920 995 1988 φοβηθησόμεθα
1030 1918 1077 1970 δὲ
1113 1921 1188 1969 καὶ
1221 1922 1282 1973 ὡς
1311 1920 1467 1989 Κύριον,
1494 1919 1579 1983 τὴν
1606 1923 1669 1973 εἰς
1700 1918 1885 1988 φαυλό-

301 2025 420 2065 τητα
457 2001 610 2069 ῥοπὴν
641 2001 983 2056 ἀνακόπτοντες
1021 2004 1146 2052 αἰδοῖ
1179 2006 1261 2052 τοῦ
1299 2000 1610 2068 προσκρούειν
1642 2002 1779 2070 αὐτῷ,
1815 2003 1891 2052 καὶ

79 2093 190 2167 30¹2:-
301 2083 384 2134 τὸν
410 2085 484 2135 ἐπὶ
518 2089 601 2135 τοῦ
637 2084 763 2134 θείου
797 2083 1009 2147 βήματος
1043 2084 1305 2136 εὐνοοῦντες
1336 2082 1547 2150 ἔλεγχον.
1602 2082 1770 2137 “Τοῦς
1798 2082 1891 2149 γὰρ

104 2161 110 2168 ’
173 2162 179 2168 ’
303 2174 329 2195 “
355 2165 536 2220 πάντας
581 2167 701 2230 ἡμᾶς
746 2169 816 2216 δεῖ
863 2168 1186 2233 φανερωθῆναι
1233 2165 1502 2230 ἔμπροσθεν
1546 2169 1629 2215 τοῦ
1679 2164 1891 2228 βήματος

304 2253 330 2275 “
355 2252 437 2297 τοῦ
473 2251 704 2313 Χριστοῦ,
732 2248 808 2298 ἵνα
841 2248 1094 2311 κομίσηται
1131 2247 1329 2299 ἕκαστος
1354 2245 1413 2296 τὰ
1445 2245 1520 2296 διὰ
1546 2252 1629 2297 τοῦ
1654 2247 1891 2310 σώματος,

259 2332 285 2372 b
305 2336 330 2358 ‘⁴
355 2328 474 2394 πρὸς
501 2326 532 2379 ἃ
557 2329 772 2398 ἔπραξεν,
800 2329 886 2380 ε’ίτε
913 2328 1094 2395 ἀγαθὸν
1120 2329 1207 2379 εἴτε
1236 2329 1468 2396 φαῦλον.”

297 2545 443 2596 Ὑμεῖς
476 2547 513 2589 οἱ
548 2546 674 2605 ἱερεῖς
701 2547 739 2589 οἰ
767 2549 1040 2606 φαυλίςοντεε
1068 2550 1116 2590 τὸ
1147 2550 1281 2598 ὄνομά
1314 2564 1407 2599 μου,
1436 2548 1503 2589 καὶ
1538 2545 1687 2589 εἴπατε
1709 2546 1784 2588 Ἐν
1816 2546 1890 2587 τίνι

262 2638 279 2651 μ.

265 2651 275 2675 1
369 2630 662 2687 ἐφαυλίσαμεν
689 2631 737 2674 τὸ
764 2631 898 2680 ὄνομά
926 2648 1027 2684 σου,
1065 2633 1355 2688 ΠροσάΓοντεε
1383 2632 1490 2688 Πρὸς
1516 2631 1564 2673 τὸ
1592 2630 1889 2687 θυοιαστήριόν

351 2797 384 2830 3.
412 2785 566 2842 καύχημά
583 2785 635 2832 τε]
658 2787 710 2821 καὶ
728 2787 880 2832 καύχημα
899 2787 992 2822 Edd.
1089 2800 1121 2829 4.
1148 2787 1317 2829 ἀνωτάτης
1334 2786 1393 2820 iid.
1489 2796 1521 2831 5.
1547 2783 1692 2830 πατέρα]
1713 2789 1749 2825 -4-
1770 2800 1810 2828 με
1829 2785 1890 2819 iid.

304 2831 335 2865 6.
363 2833 618 2876 διημαρτηκατε,
638 2833 818 2869 ἁλώσεσθε
838 2834 873 2868 δὲ
893 2834 952 2868 iid.
1122 2842 1153 2878 7.
1179 2834 1244 2877 μὴν
1261 2845 1331 2867 om.
1353 2833 1393 2866 Β.
1566 2843 1616 2866 10.
1643 2832 1813 2866 δεσπότου
1831 2832 1891 2866 iid.

309 2888 359 2911 12.
387 2879 560 2924 ἐνωτίζου]
585 2883 621 2920 —ff-
644 2879 662 2922 ἡ
681 2880 741 2914 iid.
1141 2890 1194 2924 17.
1221 2878 1545 2925 ἐξουδενωθήσεται]
1563 2878 1811 2923 ἀτιμωθὴσεται
1829 2878 1889 2912 iid.

306 2925 431 2958 statim
448 2926 630 2968 δοξάσεται
649 2927 707 2961 iid.
1071 2928 1122 2961 IS.
1151 2928 1169 2960 ὁ
1186 2938 1250 2972 pro
1267 2927 1310 2962 ὡς
1327 2925 1386 2960 iid.
1750 2936 1805 2969 24.
1831 2927 1890 2959 τοῦ

304 2969 451 3012 &futuros
469 2983 538 3006 om.
559 2972 600 3006 B.

1914 1034 1960 1059 10
