2049 3366
137 204 338 230 SALOMON.

190 323 394 363 aeternum,
417 318 481 354 sed
503 319 736 355 incruentum
760 322 830 355 561
853 332 892 364 a;

191 382 389 429 aliquando
437 396 503 431 pro
546 385 658 420 caedo
697 385 892 432 impiorum

191 446 324 482 dicitur
365 450 439 484 584
490 461 532 493 c;

190 511 379 558 spirituale
400 525 465 559 per
492 519 610 548 totum
639 514 765 549 orbem
789 526 892 561 prae-

191 575 331 612 dictum
353 579 429 613 617
453 578 475 613 d
493 591 500 622 ;
533 578 687 619 Christi,
710 591 837 614 verum
859 585 895 614 et

189 639 466 677 immaculatum
490 645 566 679 632
588 656 629 684 c;
661 644 893 691 ignavorum,

192 704 276 740 Deo
308 706 478 753 displicet
511 710 583 744 644
620 709 642 743 b
674 720 715 752 e;
748 721 768 743 a
798 720 892 744 mer-

190 773 317 806 catura
367 772 545 807 saeculari
601 773 893 808 contaminatum

583 449 894 491 Christianorum,

191 836 267 870 644
285 835 332 880 b;
364 835 450 871 item
473 837 520 872 ab
542 836 754 884 impuritate
775 838 896 885 aliqua

191 900 267 935 644
299 912 339 945 e;
371 901 450 936 solo
480 908 654 937 contactu
682 915 755 938 non
788 915 894 937 sane-

190 964 356 1000 tificabat
378 967 454 1002 644
477 967 522 1012 d;
554 980 628 1002 non
652 967 789 1014 profuit
811 979 893 1014 pec-

191 1030 379 1065 catoribus
412 1033 488 1067 645
529 1032 574 1077 b;
624 1045 698 1067 non
737 1032 895 1068 cessavit

191 1099 276 1141 post
311 1094 576 1142 Captivitatem
617 1098 694 1133 676
733 1110 775 1142 a;
824 1097 896 1145 spi-

192 1158 336 1200 rituale,
355 1160 506 1201 Christi,
521 1162 750 1209 praedictum
767 1164 842 1198 677
858 1175 893 1207 a;

191 1224 322 1272 legale,
351 1225 556 1267 Christum,
586 1226 747 1273 lapidem
777 1240 893 1275 angu-

192 1289 318 1335 larem,
349 1291 595 1338 prospiciebat
628 1294 703 1328 678
739 1305 779 1337 c;
811 1305 894 1327 cum

190 1366 309 1401 regno
330 1356 584 1402 conjunctum,
607 1356 643 1391 in
665 1357 895 1392 Zorobabele

190 1424 227 1454 et
261 1418 367 1461 Jesu,
407 1419 574 1456 Josedek
618 1421 693 1456 filio
734 1424 809 1458 705
850 1434 893 1466 a;

190 1483 279 1519 item
306 1484 344 1519 in
371 1484 522 1521 Christo
548 1488 623 1522 705
646 1486 696 1531 d3
727 1492 894 1534 tempore

190 1548 413 1590 Malachiae,
451 1550 556 1597 quale
595 1556 693 1587 esset
733 1554 808 1587 817
849 1552 894 1597 d;

189 1613 447 1661 imperfectum
494 1616 696 1651 secundum
751 1616 893 1664 Legem

190 1678 430 1726 rejiciendum
467 1682 543 1716 817
577 1693 619 1725 e;
664 1680 894 1717 Judaeorum

190 1743 387 1790 impiorum
447 1757 468 1780 a
523 1746 604 1781 Deo
661 1746 895 1793 repudiatum

191 1809 267 1844 829
319 1821 367 1853 c;
435 1810 590 1856 quodvis
647 1811 705 1846 vel
764 1811 893 1847 vilissi-

189 1884 291 1907 mum
321 1885 341 1907 a
367 1872 524 1909 Judaeis
554 1875 719 1910 oblatum
749 1877 821 1912 831
850 1876 893 1922 b;

190 1937 298 1984 quale
373 1938 454 1973 Deo
536 1939 766 1975 offerendum
848 1940 896 1976 sit

191 2004 263 2038 831
318 2015 336 2038 e
352 2015 360 2047 ;
421 2003 609 2051 spirituale
668 2004 892 2052 descriptum

193 2070 269 2104 832
322 2080 344 2103 a
391 2068 414 2103 b
429 2083 437 2109 ;
487 2074 715 2116 corruptum,
761 2070 895 2118 quippe

191 2133 289 2180 quod
323 2133 405 2168 Deo
436 2133 745 2169 contumeliosum
781 2134 892 2170 male-

193 2197 327 2233 dicitur
348 2199 424 2234 832
442 2210 483 2243 e;
506 2198 765 2239 voluntarium,
787 2211 894 2246 opor-

191 2263 294 2299 tebat
342 2275 423 2298 esse
471 2263 674 2298 masculum
725 2265 800 2300 833
847 2264 893 2308 b;

191 2340 257 2375 pro
311 2327 472 2375 peccatis
526 2327 793 2364 admittebatur
843 2328 895 2364 fe-

191 2392 354 2428 mineum
389 2394 464 2428 833
499 2405 540 2435 c;
585 2405 667 2428 cum
694 2392 894 2440 lachrymis

191 2457 480 2493 condemnatum
512 2459 587 2494 843
619 2469 662 2502 e;
693 2470 776 2492 cum
801 2457 893 2493 hila-

190 2522 299 2558 ritate
359 2521 664 2569 conjungendum
717 2523 794 2557 844
846 2534 891 2563 ος

192 2592 330 2635 quanta
358 2598 442 2621 cum
473 2598 562 2621 cura
591 2591 628 2622 et
656 2586 816 2633 puritate
846 2586 894 2623 sit

190 2651 401 2688 faciendum
431 2653 507 2686 845
541 2663 562 2686 a
587 2651 632 2696 b;
665 2651 725 2686 ‘in
747 2651 894 2698 justitia

191 2716 370 2753 oblatum'
387 2715 474 2763 quid
488 2715 535 2751 sit
551 2717 627 2751 853
643 2728 683 2760 c;
705 2715 893 2762 spirituale

189 2782 227 2817 in
284 2780 463 2823 Ecclesia,
515 2791 649 2827 nempe
709 2780 892 2815 bonorum

192 2859 357 2894 operum,
376 2846 456 2881 Deo
473 2850 620 2892 gratum
639 2846 715 2880 854
732 2857 774 2889 a;
803 2844 891 2879 item

191 2910 327 2954 Judae,
349 2917 387 2947 et
408 2909 693 2957 Hierosolymae
715 2910 790 2945 854
812 2908 847 2944 d.

140 2975 370 3012 Sacrificium
387 2975 634 3015 incruentum,
652 2973 856 3022 spirituale,
873 2986 894 3009 a

671 196 885 232 INDEX
948 196 1192 232 RERUM.

1649 197 1724 231 739

1019 318 1172 354 Christo
1191 318 1341 353 Pastore
1358 317 1463 352 nobis
1485 322 1722 364 praeceptum

1021 386 1089 419 76]
1135 396 1177 427 c;

1020 451 1095 484 813
1118 461 1160 492 cg
1193 448 1380 495 quomodo
1406 447 1560 482 offertur
1581 448 1657 482 814
1680 458 1724 491 εις

1020 512 1213 561 Evangelii
1267 512 1494 560 praedictum
1551 513 1626 547 818
1676 510 1724 556 b3

1236 382 1425 430 spirituale
1468 382 1503 417 iu
1550 381 1726 417 Ecelcsiis

1019 577 1208 613 sacrificiis
1265 577 1466 612 incruentis
1520 575 1726 611 honoratus

1021 643 1123 678 Deus
1145 644 1220 679 828
1239 655 1278 687 c;
1311 641 1501 689 spirituale
1523 641 1623 676 omni
1643 640 1726 675 loco

1020 708 1248 743 offerendum
1273 709 1349 743 830
1371 720 1391 741 a
1407 707 1442 741 b.

966 771 1123 819 Saginat
1138 772 1321 807 Dominus
1337 771 1443 806 donis
1457 770 1724 806 beneficentiae

1019 849 1106 872 suae
1161 837 1268 872 bonis
1316 836 1532 872 obedientes
1582 835 1723 870 animas

1021 903 1096 937 843
1119 914 1151 937 e.

966 965 1148 1013 Sagittae,
1182 966 1264 1007 Dei,
1296 965 1466 1007 ministri,
1502 964 1723 1012 Prophetae,

1020 1037 1056 1067 et
1078 1031 1251 1078 Apostoli
1273 1031 1352 1078 ejus
1376 1033 1451 1066 740
1474 1042 1495 1065 a
1516 1041 1556 1074 e;
1584 1031 1656 1064 741
1682 1041 1723 1073 a;

1020 1109 1128 1143 quam
1150 1095 1351 1143 praevalidi
1372 1095 1458 1135 sint,
1480 1094 1629 1141 lateque
1653 1092 1723 1128 ful-

1019 1166 1133 1208 geant
1157 1163 1232 1196 740
1254 1160 1276 1195 d
1297 1172 1330 1195 e.

966 1225 1157 1267 Salathiel‚
1184 1238 1228 1261 ex
1260 1225 1367 1272 regio
1398 1224 1496 1259 tribu
1522 1223 1592 1258 fuit
1616 1227 1725 1258 natus

1020 1292 1096 1326 628
1140 1291 1183 1335 d3
1224 1302 1360 1325 nomen
1395 1287 1604 1324 Declinatio
1639 1286 1723 1329 Dei,

1020 1355 1300 1403 intelligendum
1325 1356 1399 1390 632
1420 1353 1456 1388 d.

966 1419 1153 1461 salmana,
1190 1418 1431 1457 Madianites,
1472 1422 1610 1452 matres
1645 1415 1724 1451 solo

1019 1484 1187 1525 allidens,
1253 1482 1418 1531 Assyriis

1024 1551 1097 1585 154
1119 1561 1163 1594 e3
1200 1551 1272 1584 155
1296 1561 1328 1583 a.

965 1614 1216 1654 Salmanasar,
1246 1613 1327 1648 Rex
1357 1611 1608 1660 Assyriorum,
1631 1622 1724 1657 quae

1018 1685 1148 1715 contra
1196 1677 1403 1714 Samariam
1447 1676 1577 1711 fecerit
1616 1678 1638 1711 9
1678 1686 1721 1718 c;

1020 1747 1068 1780 23
1109 1756 1149 1788 e;
1200 1746 1248 1779 24
1290 1755 1333 1787 a;
1386 1744 1434 1777 26
1473 1754 1514 1785 a;
1569 1742 1641 1776 113
1677 1752 1721 1783 a;

1022 1810 1096 1844 186
1127 1808 1170 1852 d3
1205 1810 1281 1844 200
1312 1819 1352 1851 e;
1386 1808 1461 1841 485
1491 1806 1531 1850 d3
1569 1806 1645 1841 659
1677 1804 1721 1847 d;

1021 1876 1096 1909 709
1136 1885 1177 1917 a;
1236 1871 1305 1907 Dei
1353 1871 1541 1918 flagellum
1590 1869 1724 1905 dicitur

1020 1940 1095 1974 304
1117 1950 1148 1973 e.

965 2002 1156 2043 Salomon,
1197 2002 1284 2036 dum
1322 2013 1398 2035 non
1437 1999 1516 2035 vult
1550 1999 1723 2035 mulieres

1018 2067 1218 2106 offendere,
1258 2066 1380 2101 Deum
1419 2064 1574 2100 offendit
1613 2065 1634 2100 2
1675 2077 1720 2106 e3

1019 2131 1247 2167 idololatriae
1294 2130 1565 2165 condemnatus
1614 2130 1635 2164 3
1674 2128 1720 2174 b;

1022 2198 1093 2232 118
1117 2196 1160 2241 d;
1193 2197 1264 2231 148
1287 2207 1327 2239 e;
1356 2195 1532 2230 Astarten
1553 2193 1722 2229 adoravit

1222 2272 1381 2308 regnum
1429 2271 1535 2294 suum
1587 2257 1723 2294 scindit

1487 1486 1725 1528 comparatur

1020 2263 1066 2297 78
1117 2273 1136 2296 c
1155 2273 1164 2306 ;

1022 2328 1094 2362 119
1118 2337 1162 2370 a3
1193 2324 1231 2360 in
1261 2324 1416 2360 collibus
1441 2334 1545 2358 sacra
1570 2322 1721 2365 faciens,

1018 2389 1263 2426 idololatriam
1294 2387 1529 2436 inauguravit
1567 2389 1640 2423 148
1675 2399 1720 2432 e;

1016 2455 1156 2503 primus
1228 2466 1310 2489 aras
1387 2453 1527 2488 Baalim
1603 2451 1722 2487 erexit

1021 2521 1093 2556 178
1114 2519 1158 2564 b3
1190 2519 1316 2554 hastas
1347 2523 1385 2553 et
1413 2517 1562 2565 clypeos
1589 2529 1721 2552 aureos

1016 2585 1113 2620 inter
1150 2584 1345 2619 thesauros
1385 2581 1515 2617 habuit
1554 2583 1631 2617 200
1672 2581 1719 2627 d;

1016 2661 1089 2696 quo
1146 2660 1257 2683 sensu
1307 2645 1501 2682 ‘concludi
1547 2646 1582 2681 in
1633 2645 1721 2681 Idu-

1015 2713 1146 2754 maea‚'
1168 2712 1312 2748 dicatur
1342 2712 1418 2748 256
1439 2711 1462 2746 b
1482 2710 1529 2755 d;
1566 2712 1642 2747 258
1674 2722 1718 2756 c;

1017 2790 1125 2825 quam
1154 2783 1288 2824 potens
1318 2775 1429 2812 fuerit
1459 2777 1534 2812 256
1557 2787 1597 2817 e;
1630 2787 1720 2822 quas

1017 2842 1126 2878 urbes
1147 2841 1397 2877 aedificaverit
1418 2842 1494 2876 257
1517 2852 1537 2875 a
1555 2840 1601 2883 b;
1633 2851 1718 2876 cum

1016 2919 1106 2955 rege
1138 2905 1230 2955 Tyri
1263 2905 1394 2941 foedus
1431 2904 1519 2940 facit
1558 2905 1634 2940 259
1674 2915 1718 2948 35

1018 2971 1193 3020 gentibus
1240 2970 1366 3006 multis
1410 2969 1445 3005 in
1483 2968 1717 3005 ,Iudaismum

1144 3045 1261 3082 5132
