2028 3356
303 171 387 211 102
698 171 749 211 Β.
786 169 1062 212 CYRILLI
1108 170 1492 212 ALEXANDR.
1683 170 1724 210 ii.
1749 184 1788 225 9,
1816 183 1880 213 10.

302 277 439 332 κότος
478 284 561 329 τοῦ
607 278 930 341 Βαβυλωνίου,
971 278 1078 332 τοὺς
1121 280 1364 348 διαφυγεῖν
1403 278 1695 347 ἰσχύσαντας
1731 284 1878 330 πολε-

303 359 562 423 μιωτάτους
587 361 712 430 αὐτῷ
738 360 957 426 γενέσθαι
983 361 1125 426 λέγει,
1153 362 1229 412 καὶ
1259 363 1447 428 ὀλίγους
1482 361 1618 415 ὄντας
1644 384 1879 427 κατακρα-

258 442 466 507 ᾱτήσειν
500 441 714 505 εὐκόλως,
756 446 880 493 Θεοῦ
918 442 971 493 τὸ
1010 447 1140 493 νικᾶν
1178 443 1489 507 ἀπονέμοντος
1526 446 1602 495 καὶ
1639 442 1693 494 τὸ
1730 443 1886 495 πάντα

304 526 536 576 δύνασθαι
584 528 841 587 κατορθοῦν
891 526 1046 578 αὐτοῖς
1090 526 1437 580 κατανεύοντος.
1510 525 1681 591 ἀληθὲς
1731 526 1774 577 δ’
1827 524 1886 576 ἂν

304 613 455 658 νοοῖτο
499 607 554 658 τὸ
599 609 772 674 χρῆμα,
813 605 900 658 κᾶν
944 611 981 658 εἰ
1024 609 1091 660 ἐπ’
1137 609 1279 660 αὐτοῦ
1331 608 1520 677 φέροιτο
1561 614 1644 659 τοῦ
1693 606 1925 662 πάντων5

302 691 485 757 ἐχθροῦ,
511 691 632 757 φημὶ
659 689 714 753 δὴ
741 695 824 740 τοῦ
858 696 1056 743 σατανᾶ.
1120 692 1298 745 πάντας
1324 691 1408 755 μὲν
1441 691 1533 758 γὰρ
1571 690 1677 745 τοὺς
1703 692 1777 742 ἐπὶ
1802 693 1884 754 τῆς

302 775 389 838 γῆς
427 770 529 822 εἷλέ
560 794 609 821 τε
647 774 722 822 καὶ
761 772 1040 840 πεπόρθηκε,
1068 776 1143 825 καὶ
1182 779 1278 829 τοῖς
1315 777 1397 839 τῆς
1435 775 1661 841 ἁμαρτίας
1698 773 1884 840 ἐγκατέ-

303 856 419 918 δησε
447 854 616 921 ζυγοῖς.
671 855 942 921 διηρπάσθη
974 855 1020 907 δὲ
1052 859 1127 908 καὶ
1160 857 1296 911 αὐτὸς
1330 857 1419 909 ὑπὸ
1445 862 1539 908 τῶν
1567 869 1881 923 καταλελειμ-

302 936 433 1004 μένων
459 936 596 994 λαῶν,
624 937 882 1002 τουτέστιν,
909 937 999 991 ὑπὸ
1033 944 1128 990 τῶν
1153 941 1201 990 ἐν
1231 940 1390 991 πίστει
1422 938 1783 1002 δεδικαιωμένων
1810 937 1885 990 διὰ

303 1021 521 1084 Χριστοῦ
556 1021 632 1070 καὶ
666 1020 966 1086 ἡγιασμένων
997 1023 1045 1072 ἐν
1073 1021 1327 1086 Πνεύματι.
1391 1021 1638 1073 σέσωσται
1673 1020 1758 1086 μὲν
1791 1020 1885 1087 γὰρ
1907 1043 1955 1068 10

304 1100 357 1151 τὸ
384 1100 680 1165 κατάλειμμα
711 1109 793 1154 τοῦ
815 1103 1033 1170 Ἰσραήλ.
1087 1105 1143 1173 ἐξ
1170 1106 1322 1155 αὐτῶν
1348 1104 1395 1156 δὲ
1419 1103 1547 1159 ὅντες
1571 1108 1614 1155 οἱ
1640 1103 1886 1155 θεσπέσιοι

265 1207 287 1233 e
304 1186 522 1248 μαθηταὶ,
548 1183 804 1250 γεγόνασιν
831 1186 1021 1255 ἀπαρχὴ
1045 1192 1139 1238 τῶν
1164 1187 1485 1253 διηρπακότων
1515 1185 1598 1238 τὸν
1629 1185 1883 1253 ἀλιτήριον.

304 1263 402 1316 εἶτα
437 1268 534 1331 μετ’
576 1269 772 1322 ἐκείνους
810 1269 951 1320 εἰσέτι
996 1275 1077 1321 νῦν
1117 1269 1451 1336 διαρπάζουσιν
1489 1273 1531 1320 οἰ
1570 1273 1700 1320 λαῶν
1737 1269 1879 1335 ἡγού-

86 1375 102 1397 2
119 1367 202 1399 Tim.
302 1370 444 1411 μενοι,
469 1351 544 1400 καὶ
569 1348 652 1400 τὸν
676 1354 758 1414 τῆς
784 1353 1005 1417 ἀληθείας
1032 1353 1394 1418 ὀρθοτομοῦντες
1420 1350 1580 1416 λόγον,
1607 1354 1681 1402 καὶ
1712 1355 1774 1405 εἰς
1799 1350 1885 1416 τὴν

83 1422 116 1442 ²¹'
140 1420 189 1452 ¹5‘
304 1433 387 1494 τῆς
413 1432 650 1494 εὐσεβείας
677 1433 1033 1500 ἀποκομίζοντες
1058 1435 1222 1502 Τρῖβθν
1247 1434 1354 1488 Τοὺς
1379 1433 1748 1500 fiveg‘evypaee'vovc.
1907 1451 1953 1490 ¹5

261 1644 358 1698 9”Ω
383 1646 406 1688 ὁ
432 1646 704 1688 Πλεονεκτών
730 1648 982 1691 Πλεονεὲίαν
1011 1649 1143 1690 κακὴν
1168 1650 1229 1703 τῷ
1259 1646 1366 1703 οἴκῳ
1388 1649 1531 1700 αὐτοῦ,
1556 1653 1629 1690 τοῦ
1663 1648 1788 1692 τάξαι
1821 1646 1881 1690 εἷς

241 1753 288 1779 10
372 1733 479 1782 ὕψος
507 1732 677 1774 νοσσιὰν
712 1733 855 1785 αὐτοῦ,
880 1739 954 1776 τοῦ
987 1735 1276 1776 ὲκσπασθιῖιναι
1306 1734 1352 1775 ὲκ
1379 1734 1518 1790 χειρὸς
1546 1733 1704 1774 κακῶν.
1762 1733 1883 1783 ἐβου-

373 1816 514 1857 λεύσω
555 1814 752 1872 αἰσχύνΗν
794 1819 856 1872 τῷ
898 1815 1006 1873 οἴκῳ
1049 1833 1136 1870 σου,
1174 1818 1465 1876 συνεπεραναο
1508 1817 1638 1860 λαοὺς
1681 1816 1882 1869 Πολλοὺς,

83 1910 168 1944 539
186 1909 236 1945 A.
266 1920 289 1945 a
373 1899 442 1941 καὶ
471 1900 710 1958 ἐξήμαρτεν
737 1902 760 1943 ἡ
786 1903 897 1958 ψυχή
925 1918 1011 1944 σου.

375 2019 686 2084 Ἐπιπλήττει
729 2021 755 2071 ὁ
806 2021 951 2088 λόγος
1000 2025 1066 2092 τῷ
1112 2023 1405 2092 Βαβυλωνίῳ
1453 2020 1620 2085 πάλιν,
1674 2021 1883 2073 ἐθέλοντι
1903 2048 1953 2073 20

303 2108 581 2169 συγκροτεῖν
603 2102 689 2168 τὴν
715 2105 834 2155 ἰδίαν
859 2103 1010 2173 ἀρχὴν
1042 2107 1091 2156 ἐκ
1123 2108 1205 2169 τῆς
1236 2104 1354 2155 κατὰ
1380 2103 1570 2156 πάντων
1593 2105 1883 2174 πλεονεξίας,

303 2184 484 2251 α’ίροντί
512 2208 562 2237 τε
597 2188 725 2255 ὑψοῦ
749 2186 832 2238 τὸν
858 2187 973 2238 ’ίδιον
1000 2186 1139 2251 οἷκον,
1166 2191 1242 2238 καὶ
1273 2187 1365 2252 μὴν
1392 2191 1467 2238 καὶ
1504 2189 1749 2255 ὑπεροχαῖς
1783 2193 1884 2241 ταῖς

302 2267 509 2319 ἐπέκεινα
557 2268 727 2335 μέτρου
775 2276 1103 2337 καταχρυσοῦν
1156 2270 1335 2321 εἰωθότι
1387 2272 1462 2320 καὶ
1510 2271 1709 2338 ὀχυροῦν
1756 2271 1880 2330 λίαν,

302 2348 426 2401 ὥστε
450 2352 525 2402 καὶ
560 2352 751 2415 ἑτοίμως
786 2352 1016 2404 δύνασθαι
1047 2352 1191 2421 τυχὸν
1217 2355 1267 2405 ἐκ
1303 2355 1445 2422 χειρές
1480 2354 1747 2405 {amaeam
1787 2377 1876 2405 κα.-

306 2431 402 2496 κῶν,
429 2434 657 2497 τουτέστι,
684 2435 923 2486 διεκνεύειν
948 2437 1015 2486 ἀεὶ
1047 2435 1106 2487 τὰ
1137 2436 1462 2500 συμβαίνοντα
1497 2435 1631 2487 κακά.
1699 2436 1881 2491 σκοπὸς
1901 2461 1951 2501 25

353 2626 382 2648 1.
408 2596 598 2659 πολεμικαῖ,
624 2616 670 2650 D.
800 2627 833 2651 2.
858 2615 1064 2662 γενήσεσθαι
1084 2616 1175 2651 Edd.
1317 2629 1351 2659 4.
1376 2616 1489 2651 αὐτοῖς
1506 2628 1575 2650 om.
1596 2616 1638 2650 B.
1688 2616 1881 2651 κατανεύον-

301 2675 358 2696 τος
378 2661 421 2694 D.
442 2662 649 2698 ἐπινεὺοντος
668 2662 761 2697 Edd.
997 2664 1030 2698 6.
1056 2665 1204 2699 ἅπαντας
1222 2663 1268 2697 D.
1508 2675 1540 2708 9.
1567 2664 1622 2696 διὰ
1641 2663 1686 2697 D.
1705 2663 1769 2696 ὑπὸ
1788 2663 1881 2698 Edd.

306 2717 359 2741 10.
384 2708 562 2755 πνεύματι]
582 2711 695 2755 χάριτι
714 2710 761 2744 D.
977 2720 1029 2755 15.
1055 2713 1113 2754 τῆς
1130 2716 1350 2754 assumptum
1368 2722 1409 2743 ex
1430 2709 1521 2743 BJ).
1571 2709 1745 2752 ιίποκομίζ.
1763 2711 1882 2754 τρίβον

305 2752 371 2787 hoc
389 2754 509 2789 Ordine
529 2756 574 2790 I).
888 2757 941 2791 16.
967 2761 1013 2803 τῷ
1031 2757 1110 2803 οἴκῳ
1127 2756 1245 2802 αὐτοῦ]
1266 2759 1310 2802 τῷ
1329 2757 1432 2804 ὁμοίῳ
1448 2755 1589 2801 Ἰσραὴλ
1607 2757 1708 2790 αὐτοῦ
1726 2756 1815 2801 (sic)
1834 2757 1882 2792 D.

307 2809 360 2845 17.
386 2801 634 2848 ε’κσπασθῆναι]
654 2803 884 2847 σκεπασθῆναι
904 2805 951 2838 D.
969 2805 1046 2849 (68,
1067 2814 1121 2849 70,
1141 2816 1196 2849 91,
1215 2814 1271 2849 97,
1289 2803 1390 2848 310.)
1702 2805 1753 2837 18.
1779 2805 1882 2840 λαοὺς

301 2847 454 2883 πολλοὺς
471 2848 535 2882 hoc
554 2850 676 2884 ordine
695 2851 736 2884 B.
756 2851 877 2895 (Alex.
896 2851 1003 2895 XII.)
1020 2852 1123 2887 λαοὺς
1138 2851 1302 2895 πονηροὺς
1318 2849 1471 2885 πολλοὺς
1490 2849 1535 2884 D.
1697 2861 1751 2884 20.
1777 2852 1882 2885 πάλιν

303 2899 383 2943 apte
399 2895 417 2927 ὁ
435 2896 539 2939 λόγος
556 2903 687 2940 transp.
708 2898 753 2931 D.
819 2912 940 2944 συγκρ.
959 2898 1050 2932 ἐθέλ.
1070 2899 1141 2932 inv.
1159 2897 1234 2932 ord.
1254 2897 1300 2931 D.
1569 2908 1624 2930 22.
1651 2897 1744 2941 ὑψοῦ
1761 2901 1818 2931 τὸν
1834 2897 1879 2932 ἵδ.

302 2941 392 2974 οἰκον
409 2940 475 2975 hoc
494 2941 614 2976 ordine
635 2944 680 2977 D.
700 2944 794 2989 ὑψοῦ
812 2951 891 2990 post
904 2942 995 2980 οἶκον
1012 2951 1053 2979 tr.
1074 2944 1165 2979 Edd.
1387 2954 1441 2987 23.
1468 2946 1703 2989 καταχρυσοῦν
1722 2944 1767 2978 D.
1787 2944 1878 2979 Edd.

305 2986 445 3022 Lacuna
466 2999 502 3022 11
524 2988 593 3023 fere
610 2989 674 3025 litt.
694 2990 730 3024 in
749 2991 791 3026 B.
991 3003 1045 3034 24.
1071 2991 1263 3027 ε’κσπᾶσθαι
1281 2990 1385 3025 habet
1404 2991 1449 3025 D.
1498 2994 1564 3025 τῶν
1580 2994 1686 3025 κακῶν
1705 2991 1751 3027 D.
