1997 3361
1703 318 1788 350 626
1807 318 1853 349 A.

585 831 747 883 ΤΟΥ
814 830 1085 883 ATTOT

707 1018 735 1053 E
748 1017 779 1057 Ξ
792 1018 827 1054 H
841 1018 868 1053 Γ
878 1018 913 1054 H
925 1017 954 1053 Σ
967 1018 979 1053 1
991 1017 1021 1053 Σ

206 1182 335 1234 ΕΙΣ
398 1183 568 1236 ΤΟΝ
623 1183 1085 1236 ΠΡΟΦΗΤΗΝ
1147 1180 1526 1233 ΑΓΓΑΙΟΝ.

150 1380 289 1427 ΤΗΣ
315 1377 546 1442 Ἀγγαίου
576 1374 864 1443 προφητείας
901 1374 984 1425 τὸν
1021 1373 1208 1425 σκοπὸν
1246 1372 1318 1442 ἐφ’
1351 1374 1520 1440 ἑτέροις
1558 1375 1654 1424 τισὶ
1673 1402 1694 1424 a

33 1487 55 1525 5
75 1458 303 1524 γεγονότα
342 1458 722 1524 καταθρήσαιμεν
759 1455 828 1520 ἂν,
864 1458 940 1508 καὶ
979 1457 1060 1508 οὐκ
1101 1458 1172 1526 ἐφ’
1216 1455 1283 1510 οἶς
1321 1454 1379 1506 ἂν
1417 1453 1557 1507 οἴοιτό
1588 1479 1657 1509 τις

74 1540 180 1595 τοὺς
217 1540 346 1607 παρὰ
382 1546 475 1592 τῶν
509 1540 675 1608 ἑτέρων
708 1543 994 1606 γεγενῆσθαι
1020 1538 1209 1605 λόγους.
1281 1538 1429 1604 Ὠσηὲ
1455 1539 1539 1602 μὲν
1565 1538 1658 1605 γὰρ

74 1624 99 1674 ὁ
126 1624 378 1677 θεσπέσιος
405 1625 480 1674 καὶ
506 1622 599 1687 μὴν
625 1625 700 1673 καὶ
726 1627 768 1673 οἱ
800 1623 1014 1691 καθεξῆς,
1041 1623 1176 1689 μέχρι
1204 1622 1450 1691 Σοφονίου,
1477 1621 1537 1672 τὰ
1562 1626 1657 1675 τοῖς

72 1705 308 1760 Ἰουδαίοις
337 1705 455 1756 κατὰ
490 1705 674 1772 καιροὺς
700 1704 1049 1770 συμβησόμενα
1073 1704 1463 1771 προαπήγγελον,
1492 1705 1567 1754 καὶ
1594 1706 1656 1757 ὡς

74 1787 192 1839 ὅσον
237 1788 414 1840 οὐδέπω
465 1787 798 1854 παρεσομένων
846 1788 1000 1841 αὐτοῖς
1050 1791 1145 1837 τῶν
1194 1789 1275 1850 τῆς
1325 1787 1656 1854 αἰχμαλωσίας

10 1898 56 1923 10
74 1875 264 1937 καιρῶν,
287 1872 583 1934 ἐκδειματοῦν
608 1871 872 1938 ἐπεχείρουν
896 1868 978 1921 τὸν
997 1869 1214 1935 Ἰσραὴλ,
1236 1868 1331 1919 ἄνω
1351 1891 1400 1919 τε
1426 1870 1502 1919 καὶ
1529 1867 1655 1919 κάτω

73 1951 157 2007 τὰς
191 1957 284 2004 τῶν
317 1954 557 2015 πολεμίων
592 1952 851 2021 φάλαγγας
889 1951 1203 2018 ὀνομάζοντες,
1230 1950 1313 2004 τὰς
1341 1955 1434 2002 τῶν
1469 1950 1654 2002 πόλεων
1671 1963 1697 2003 b

74 2034 373 2096 ἀναστάσεις,
414 2035 518 2088 τοὺς
557 2033 880 2101 ἐμπρησμοὺς,
918 2033 1002 2088 τὰς
1035 2032 1311 2100 διαρπαγὰς,
1348 2035 1423 2084 καὶ
1465 2032 1655 2097 ἀπάσης

75 2115 123 2167 δὲ
148 2119 229 2180 τῆς
255 2117 409 2184 χώρας
436 2116 522 2181 τὴν
546 2116 725 2184 δῄωσιν
751 2121 845 2170 τοῖς
876 2120 1187 2186 καταφρονεῖν
1213 2116 1456 2183 ᾑρημένοις
1481 2116 1651 2182 χρησί-

73 2221 172 2260 μως
205 2198 698 2265 προαπαγγέλλοντες.
763 2197 910 2267 ᾤοντο
942 2198 1051 2264 γὰρ,
1080 2198 1150 2249 ὅτι
1185 2196 1272 2249 κᾶν
1307 2202 1343 2248 εὶ
1375 2197 1439 2261 μὴ
1473 2197 1655 2247 ἕλοιντο

10 2301 55 2340 15
73 2287 287 2347 πληροῦν
322 2283 383 2335 ὡς
420 2281 476 2350 ε”ξ
512 2282 691 2347 ἀγαθῆς
729 2281 931 2334 διανοίας
967 2279 1022 2331 τὸ
1062 2279 1261 2332 ἀνδοῖνον
1295 2284 1415 2348 Θεῷ,
1447 2282 1522 2330 καὶ
1560 2283 1654 2329 τῶν

74 2367 135 2417 εἷς
175 2363 229 2414 τὸ
272 2363 456 2427 ἄμεινον
496 2362 686 2430 ἔχεσθαι
731 2361 1129 2426 σπουδασμάτων,
1171 2364 1281 2413 ἀλλ’
1327 2362 1408 2412 οὖν
1458 2362 1653 2412 ἔσεσθαι

74 2445 306 2499 τοιούτους
345 2445 399 2497 τὸ
443 2448 525 2509 τῆς
562 2449 813 2514 συμφορᾶς
857 2444 1051 2510 μέγεθος
1090 2445 1476 2512 ὑποφρίττοντας.
1536 2443 1653 2509 Ἀγ-

74 2532 204 2592 γαῖος
244 2527 391 2594 γεμὴν
435 2529 497 2581 ὡς
546 2527 892 2591 τετελεσμένων
931 2526 1019 2591 ἤδη
1063 2531 1158 2578 τῶν
1198 2529 1281 2589 τῆς
1321 2525 1653 2593 αἰχμαλωσίας

124 2655 269 2690 Codices
289 2657 330 2691 B.
337 2657 382 2690 D.
411 2656 475 2702 [D.
494 2657 592 2691 finire
617 2668 689 2691 non
714 2654 843 2713 potui]
946 2666 1022 2699 1—3.
1051 2655 1107 2689 Sic
1135 2655 1177 2689 B.
1203 2657 1262 2688 τοῦ
1286 2653 1383 2700 ἁγίου
1409 2653 1582 2697 Κυρίλλου
1608 2668 1655 2690 εις

76 2702 133 2736 τὸν
163 2702 342 2748 προφήτην
373 2703 533 2748 Ἀγγαῖον
563 2704 609 2738 D.
638 2706 697 2738 τοῦ
723 2704 757 2737 ἐν
781 2703 887 2747 ἁγίοις
913 2703 1040 2746 πατρὸς
1064 2701 1155 2745 ἡμῶν
1182 2702 1355 2745 Κυρίλλου
1384 2700 1654 2746 ἀρχιεπισκόπου

76 2748 322 2794 ἀλεξανδρείας,
342 2750 531 2795 εξὴγησις
518 2750 767 2795 υπομνηματικὴ
786 2750 832 2785 εἷς
849 2750 906 2783 τὸν
922 2747 1110 2793 Προφήτην
1126 2747 1286 2793 Ἀγγαῖον
1303 2747 1397 2781 Aub.
1493 2757 1526 2791 5.
1553 2761 1653 2781 κατα-

78 2794 261 2839 θρὴσαιμεν
279 2797 321 2830 Β.
326 2796 373 2830 D.
392 2797 472 2842 ἆθρ’
458 2813 514 2841 η.σ
534 2797 625 2831 Edd.
950 2795 982 2829 6.
1008 2796 1099 2839 παρὰ
1115 2793 1197 2839 τῶν]
1217 2794 1294 2838 παρ’
1315 2795 1362 2829 D.
1427 2793 1648 2839 γεγενῆσθαι]

77 2843 279 2885 πεποιῆσθαι
302 2843 346 2876 D.
491 2853 523 2888 7.
552 2844 682 2878 Haec‘
666 2859 683 2877 ο
703 2843 804 2878 θεσπ.
824 2857 877 2877 και
893 2842 957 2885 μὴν
974 2848 1155 2886 assumpta
1171 2853 1212 2875 ex
1232 2841 1274 2875 Β.
1281 2841 1325 2875 D.
1374 2840 1542 2885 Σοφονιαν
1560 2841 1653 2875 Edd.

79 2899 112 2931 9.
137 2888 266 2923 ουὸεπω
286 2889 378 2924 B.D.
396 2893 488 2925 οὔπω
507 2890 599 2924 Edd.
857 2900 909 2923 ΙΙ.
933 2888 1090 2931 πολέμων
1107 2887 1167 2921 iid.
1228 2887 1354 2922 Statim
1370 2889 1456 2933 φαλ.
1474 2887 1555 2931 ὀνομ
1561 2887 1653 2921 .h0c

79 2933 198 2968 ordine
218 2935 311 2970 B.D.
526 2948 579 2972 12.
606 2937 810 2972 ἀναστάσεις
829 2936 875 2970 D.
895 2935 1024 2970 Edd.'
1005 2936 1256 2970 αναστατώσεις
1275 2934 1318 2968 Β.
1535 2933 1588 2968 16.
1615 2936 1653 2969 τὸ

80 2987 300 3025 assumptum
317 2994 358 3017 ex
378 2983 424 3018 D.

137 3048 227 3075 VOL.
250 3049 298 3076 11.
824 3051 837 3076 1
860 3037 873 3077 i
