2070 3387
108 193 264 235 vii.11.
451 198 523 238 IN
572 198 988 239 ZACIIARIAM.
1050 196 1202 237 TUM.
1250 194 1333 233 111.
1605 194 1686 231 377

175 325 242 366 καί
282 327 431 369 κακίαν
472 330 651 371 ἕκαστος
696 331 756 382 τῷ
799 328 981 383 ἀδελφῷ
1025 328 1153 368 αὐτοῦ
1194 325 1248 372 μή
1289 322 1606 370 μνΗοικακείτω
1642 322 1726 361 ἑνε-

172 405 262 449 ταῖο
297 409 489 466 καρδίαις
523 411 653 459 ὑμῶν.

182 518 639 582 Κατακιβδηλεύσας
672 518 726 569 τὸ
760 518 941 580 πένθος,
966 521 1028 571 ὡς
1060 518 1304 584 ἄχρηστον
1332 519 1406 567 καὶ
1438 512 1691 582 ἀνωφελὲς,

106 599 180 646 καὶ
207 596 288 647 τὸν
315 602 484 650 εἰκαῖον
511 601 664 650 αὐτῶν
686 603 857 666 ἱδρῶτα
878 600 1211 666 διαχλευάσας,
1234 597 1500 663 ἀποκομίζει
1525 594 1694 646 λοιπον

65 700 86 735 5
107 678 223 745 πρὸς
253 678 306 730 τὸ
339 679 409 731 ὅτι
440 680 657 745 μάλιστα
691 687 859 732 τελοῦν
893 684 953 735 εὶς
985 680 1163 744 ὄνησιν,
1193 684 1266 731 καὶ
1292 684 1372 744 τῆς
1401 677 1694 741 ἀνδανούσης

108 762 232 829 αὐτῷ
262 764 502 817 πολιτείας
540 766 677 832 σαφῆ
714 786 763 814 τε
802 765 878 814 καὶ
917 765 1088 829 ἐναργῆ
1124 762 1432 826 καταστήσας
1460 759 1544 824 τὴν
1571 759 1693 820 ὁδὸν,

109 845 456 895 καταλευκαίνει
495 868 544 896 τε
575 844 739 912 ὥσπερ
778 845 919 896 αὐτοῦ
958 867 1006 894 τε
1046 850 1128 895 τοῦ
1164 844 1308 907 νόμου
1339 846 1414 894 καὶ
1448 848 1542 893 τῶν
1575 864 1692 905 προ-

109 929 319 991 φητικῶν
358 927 671 993 κηρυγμάτων
708 925 791 978 τὸν
827 932 950 978 νοῦν.
1018 925 1236 994 ἐφήδεται
1273 925 1365 991 γάρ
1392 926 1416 975 ὁ
1445 924 1695 988 νομοθέτης

109 1007 234 1074 ὀρθῷ
278 1030 327 1058 τε
370 1011 445 1059 καὶ
491 1008 730 1078 ἀμωμήτῳ
778 1012 979 1078 κρίματι·
1034 1009 1323 1072 ἐκτετίμηται
1377 1007 1424 1058 δὲ
1469 1009 1543 1058 καὶ
1588 1007 1695 1056 λίαν
1713 1016 1738 1055 d

42 1115 89 1139 ιο
108 1089 503 1150 ἐσπουδασμένως
536 1091 649 1142 ἔλεόν
687 1113 735 1142 τε
772 1093 847 1141 καὶ
875 1090 1221 1159 φιλαλληλιάν,
1249 1091 1324 1140 καὶ
1351 1091 1550 1140 ἐπαινεῖν
1575 1088 1701 1157 ἀξιοῖ

109 1169 194 1233 τὴν
238 1173 298 1224 εἷς
345 1171 559 1240 ὀρφανοὺς
601 1172 860 1238 ἀγάπησιν,
913 1174 987 1222 καὶ
1038 1171 1185 1240 φειδὼ
1236 1170 1321 1230 τὴν
1366 1173 1439 1222 ἐπὶ
1493 1170 1696 1236 γυναίοις

110 1253 273 1320 χηρείᾳ
311 1254 715 1321 κατηχθισμένοις·
759 1254 1030 1306 ἀποσείεται
1068 1253 1215 1319 γεμὴν
1255 1255 1317 1307 ὡς
1358 1251 1568 1316 βέβηλον
1612 1251 1698 1315 τὴν

111 1336 403 1403 πλεονεξίαν,
446 1339 521 1387 καὶ
560 1337 678 1403 ἤπερ
720 1335 777 1387 ἀν
818 1337 1007 1402 γένηται
1049 1335 1168 1387 κατὰ
1211 1339 1304 1385 τῶν
1346 1333 1699 1399 ἀσθενεστέρων

113 1417 360 1483 συντριβὴ,
394 1417 618 1478 βούλεται
652 1417 700 1469 δὲ
739 1416 852 1469 εἶναι
890 1416 996 1471 τοὺς
1035 1416 1094 1468 τὰ
1133 1418 1275 1468 αὐτοῦ
1306 1420 1496 1484 φρονεῖν
1531 1415 1700 1483 ᾑρημέ-

46 1525 91 1562 15
115 1522 221 1553 νους
264 1499 501 1566 χρηστοὺς
539 1503 615 1550 καὶ
657 1499 1021 1564 ἀμνησικάκους.
1089 1498 1181 1567 ἔφη
1222 1498 1278 1548 δέ
1312 1521 1404 1550 που
1447 1499 1521 1548 καὶ
1563 1495 1701 1550 αὐτὸς

115 1581 140 1631 ὁ
186 1580 396 1647 Χριστός
438 1581 675 1650 ((Ἀφιέτε
715 1584 791 1633 καὶ
841 1580 1134 1650 ἀφεθήσεται
1179 1581 1327 1643 ὑμῖν·”
1371 1581 1447 1630 καὶ
1491 1578 1584 1643 μὴν
1625 1582 1699 1629 καὶ
1761 1569 1923 1651 ῗῇὒξῖωι

110 1665 517 1731 προσευχομένους
551 1664 731 1732 ἐδίδαξε
762 1664 918 1728 λέγειν
944 1670 971 1692 “
989 1661 1148 1731 ’Ἄφες
1173 1662 1282 1726 ἡμῖν
1309 1660 1368 1712 τὰ
1402 1659 1701 1730 ὀφειλήματα
1762 1668 1883 1741 {12-12

113 1752 139 1775 ‘⁶
166 1745 310 1809 ἡμῶν,
346 1749 407 1800 ὡς
446 1748 522 1797 καὶ
556 1746 684 1810 ἡμεῖς
722 1745 970 1814 ἀφήκαμεν
1008 1749 1104 1798 τοῖς
1144 1745 1408 1812 ὀφειλέταις
1448 1743 1593 1806 ἡμῶν,
1626 1744 1739 1794 καὶο
1785 1720 1814 1750 3-

114 1835 140 1857 ⁶⁶
165 1828 231 1892 μὴ
271 1828 535 1896 εἰσενέγκῃς
572 1829 692 1892 ἡμᾶς
727 1831 789 1880 εἰς
823 1825 1102 1893 πειρασμὸν,
1130 1825 1260 1875 ἀλλά
1292 1824 1434 1892 ῥύσαι
1462 1825 1580 1888 ἡμᾶς
1608 1822 1701 1874 ἀπὸ

473 1909 539 1925 A),

48 1939 96 1964 20
115 1917 141 1939 ‘⁶
168 1915 249 1960 τοῦ
287 1933 509 1976 πονηρου.
607 1910 765 1972 ἀνίησι
807 1907 892 1970 μὲν
932 1907 1025 1973 γὰρ
1061 1907 1337 1973 ἐγκλήματα
1373 1910 1469 1960 τοῖς
1508 1907 1703 1956 ἀνιεῖσιν

115 1991 282 2058 ἑτέροις
317 1993 341 2042 ὁ
373 1991 714 2060 φιλοικτίρμων
742 1989 876 2053 Θεὸς,
907 1997 933 2019 “
954 1990 1091 2041 Ὀδοὶ
1116 1989 1164 2041 δὲ
1195 1987 1501 2054 μνησικάκων
1527 1992 1588 2041 εἷς
1616 1988 1699 2039 θά-
1766 1991 1882 2065 ἓξθζὸ

115 2081 143 2103 “
171 2075 348 2136 νατον,”
384 2073 503 2124 κατὰ
537 2073 591 2124 τὸ
615 2074 663 2123 ἐν
689 2072 849 2141 βίβλῳ
874 2076 1137 2137 παροιμιῶν
1162 2070 1502 2137 γεγραμμένον.
1560 2069 1630 2120 ὅτι
1657 2068 1704 2120 δὲ
1766 2060 1773 2064 ⁴
1814 2059 1819 2065 ⁶

116 2157 143 2220 ἡ
171 2154 333 2221 ἀγάπη
360 2155 535 2208 παντὸς
563 2154 707 2218 νόμου
726 2154 813 2218 τὴν
839 2153 1093 2220 πλήρωσιν
1121 2153 1227 2221 ἔχει,
1243 2158 1344 2208 πῶς
1369 2152 1427 2204 ἀν
1452 2151 1711 2203 ἐνδοιάσειέ
1766 2153 1901 2227 ΞΞῙΠΞΟ.

115 2261 198 2300 τις,
239 2236 536 2304 γεγραφότος
580 2238 662 2287 ὡδὶ
712 2241 795 2286 τοῦ
847 2236 1107 2286 θεσπεσίου
1157 2235 1388 2296 Παύλου,
1445 2237 1616 2299 καρποὶ
1658 2233 1706 2285 δὲ

50 2347 97 2382 25
117 2318 305 2384 ἀγάπης
339 2318 397 2369 τὰ
430 2317 755 2385 προειρημένα,
794 2320 868 2368 καὶ
903 2315 1098 2383 ἀκριβὴς
1138 2316 1426 2385 νομοφύλαξ
1461 2317 1486 2366 ὁ
1526 2315 1706 2367 τούτων

118 2403 329 2469 ἐργάτης.

123 2553 198 2594 Καὶ
224 2552 460 2594 ἐιΠείθΗσαν
496 2556 568 2593 τοῦ
604 2552 841 2607 Προοέχειυ,
870 2551 936 2590 καὶ
963 2550 1131 2592 ἔδωκαν
1162 2551 1297 2591 νῶτον
1325 2552 1705 2606 Παραφρονοῦντα,
1732 2560 1772 2584 11

172 2723 200 2744 1.
226 2712 273 2756 τῷ
298 2710 440 2756 ἀδελφῷ
461 2709 551 2744 B.D.
572 2710 646 2753 (22.
666 2708 730 2752 al.)
753 2709 812 2742 τοῦ
838 2707 994 2751 ἀδελφοῦ
1013 2706 1053 2740 C.
1075 2706 1166 2740 Edd.
1232 2707 1466 2749 μνησικακεῖτε
1489 2705 1529 2738 B.
1547 2704 1623 2748 (22.
1643 2705 1707 2749 al.)

122 2770 153 2799 4.
172 2758 294 2790 λοιπὸν
311 2763 534 2802 assumptum
553 2767 594 2789 ex
614 2755 654 2789 C.
987 2762 1018 2797 7.
1044 2767 1079 2786 τε
1099 2753 1195 2797 prius
1215 2752 1256 2786 C.
1273 2767 1312 2796 γε
1333 2751 1424 2785 Edd.
1488 2753 1710 2795 προφητικῶν

122 2804 340 2847 κηρυγμάτων
359 2803 400 2837 C.
418 2804 604 2848 προφητῶν
624 2801 715 2836 Edd.
873 2811 925 2833 12.
953 2799 1237 2844 κατηχθεσμένοις
1256 2798 1315 2832 iid.
1475 2809 1526 2841 13.
1553 2797 1645 2841 εἴπερ
1665 2796 1707 2831 C.

127 2861 180 2891 14.
205 2850 246 2882 τὰ
262 2850 364 2883 αὐτοῦ
383 2849 424 2884 C.
442 2852 546 2884 ταῦτα
564 2848 657 2883 Edd.
1109 2845 1161 2879 16.
1188 2845 1306 2889 ἀφίετε
1326 2844 1366 2878 C.
1385 2845 1490 2888 ἄφετε
1512 2843 1553 2877 Β.
1574 2843 1708 2888 Migne.

123 2896 231 2941 ι’ίφητε
254 2895 343 2929 Edd.
603 2896 655 2929 18.
680 2893 856 2939 ἀφήκαμεν
875 2892 915 2927 C.
935 2892 1078 2937 ἀφίεμεν
1096 2892 1143 2925 D.
1164 2891 1255 2925 Edd.
1323 2892 1374 2924 καὶ
1388 2891 1542 2934 μὴ-τοῦ
1559 2892 1709 2934 πονηροῦ

124 2948 305 2986 assumpta
322 2954 362 2976 ex
382 2941 473 2976 C.D.
905 2938 1029 2973 22—26.
1060 2937 1156 2972 Haec
1175 2938 1226 2972 ὅτι
1245 2938 1472 2982 δὲ-ἐργάτης
1490 2943 1710 2971 accesserunt

125 3000 166 3022 ex
186 2989 278 3022 ΟΛ).
555 2999 608 3033 23.
638 2987 654 3030 ἡ
674 2999 744 3022 om.
767 2987 810 3021 D.

184 3055 276 3083 VOL.
301 3056 348 3083 11.
867 3054 889 3093 ¹3
914 3055 933 3080 c
