2049 3366
140 202 303 225 NINEVE.

191 312 400 347 interficere
438 311 608 346 nolentes
649 313 723 346 374
764 322 807 353 (·;
861 315 898 345 ct

192 377 272 412 Deo
294 376 438 411 debitas
459 375 599 423 gratias
620 375 751 410 (lantes
770 378 843 411 374
862 387 894 410 e.

137 441 334 482 Nazaraei,
387 446 519 476 votum
572 453 646 475 non
700 440 897 475 servabant

192 508 269 541 272
291 518 322 540 c.

138 570 306 610 Nobi-od,
324 569 510 617 siguificat
536 569 778 616 babylonem,
794 568 895 615 quasi

190 634 292 669 fossa
312 634 567 670 circumlatam
589 636 665 669 440
687 633 722 668 b.

138 698 395 747 Negligentia,
435 699 473 733 in
520 699 633 734 sacris
680 697 896 733 ministeriis

191 764 376 813 imprimis
415 764 495 799 Deo
535 763 704 810 displicet
740 764 815 798 825
852 774 895 807 e;

193 830 270 865 826
293 829 327 864 d.

139 893 322 935 Nemrod,
363 893 484 941 gigas,
523 893 694 933 bellator,
734 891 895 940 Babylo-

192 958 340 993 niorum
361 970 496 1006 parens
518 960 594 993 440
617 970 647 992 c.

137 1023 360 1066 Neomenia,
404 1023 526 1070 figura
568 1023 654 1057 novi
702 1027 739 1056 et
786 1019 898 1056 futuri

194 1088 331 1123 saeculi
352 1089 427 1123 241
454 1087 487 1122 b.

138 1151 496 1201 Nigrities,terroris
511 1157 547 1187 et
560 1150 732 1186 tristitiae
747 1149 897 1197 signum

193 1220 269 1254 216
292 1230 332 1262 a;
364 1217 446 1252 ideo
474 1217 671 1251 Persarum
698 1220 734 1250 et
762 1213 896 1249 Medo-

191 1295 275 1317 rum
294 1282 480 1317 letiferum
505 1280 702 1328 imperium
722 1278 897 1326 exprimit

194 1350 265 1383 701
292 1348 325 1382 d.

138 1412 262 1451 Nilus,
283 1411 416 1446 fluvius
437 1409 655 1446 Occidentis
679 1407 895 1444 nominatus

193 1478 269 1512 322
292 1476 336 1521 d;
380 1475 479 1523 ripas
514 1474 756 1522 superfluens,
792 1472 895 1507 inva-

191 1541 304 1576 sionis
335 1540 576 1589 Assyriorum
611 1545 723 1587 typus
754 1540 829 1575 334
852 1549 893 1581 e;

190 1612 227 1642 et
259 1617 431 1653 surgens,
464 1610 501 1640 et
535 1604 741 1644 subsidens,
777 1603 892 1650 Assy-

190 1671 328 1706 riorum
350 1676 461 1718 typus
483 1672 559 1706 344
580 1682 612 1705 c.

134 1736 296 1776 Nineve,
317 1735 408 1770 urbs
435 1735 594 1775 Persica,
614 1740 714 1769 terra
741 1732 894 1780 sculpti-

190 1800 283 1836 lium
298 1799 485 1846 descripta
497 1799 542 1834 ab
560 1798 752 1834 Hieremia
766 1800 841 1834 368
857 1809 890 1842 a;

190 1864 420 1900 idololatriae
447 1863 562 1904 omni,
584 1862 836 1910 Astrologiae‚
859 1867 896 1897 et

190 1929 365 1976 Magieae
391 1928 516 1963 dedita
538 1929 613 1963 368
635 1927 679 1971 b;
714 1927 832 1962 electa
857 1925 893 1961 in

190 2001 321 2042 typum
340 1992 520 2028 Gentium
537 2004 601 2039 per
617 1992 728 2027 fidem
749 1991 892 2026 salvan-

189 2058 320 2094 darum
335 2059 410 2094 368
429 2069 469 2102 c;
501 2056 547 2092 ad
562 2056 683 2092 Deum
696 2061 893 2091 vocantem

189 2134 350 2163 reversa,
377 2120 532 2157 Judaeis
562 2120 893 2169 impoenitentibus

189 2186 390 2235 opprobrio
418 2186 488 2221 fuit
520 2187 594 2221 369
616 2198 657 2230 a;
698 2185 845 2221 auditur
874 2197 895 2220 a

192 2251 288 2293 Deo,
304 2263 484 2286 resonans
504 2250 736 2298 impietatem
754 2251 829 2286 369
846 2249 869 2284 b
884 2261 892 2294 ;

190 2316 278 2352 urbs
325 2328 475 2364 magna,
525 2327 600 2350 non
652 2314 723 2350 nisi
770 2314 894 2349 triduo

188 2380 482 2429 perambulanda
511 2382 583 2416 381
609 2392 649 2423 ες
681 2384 832 2415 centum
857 2385 894 2414 et

189 2444 323 2493 viginti
351 2444 466 2480 millia
493 2444 733 2492 parvulorum
765 2443 895 2479 habuit

192 2512 268 2546 389
307 2521 348 2555 a;

191 2574 327 2610 servati
346 2579 456 2622 typus
478 2575 553 2610 389
575 2585 615 2618 c;
646 2573 734 2608 urbs
753 2573 891 2620 prima-

190 2640 244 2675 ria
272 2638 448 2686 Assyriae
479 2641 555 2674 475
578 2638 623 2683 d;
658 2650 679 2673 a
707 2637 895 2685 Propheta

189 2703 347 2740 Nahum
358 2703 522 2750 peritura
533 2702 759 2750 praedicitur
768 2705 843 2738 475
854 2702 876 2737 d
883 2715 893 2747 3

189 2781 211 2804 a
231 2768 330 2816 Cyro
361 2773 471 2815 capta
500 2769 577 2804 475
599 2779 639 2812 e;
672 2767 894 2802 admonetur

189 2845 255 2880 per
275 2832 447 2879 exempla
468 2831 708 2874 Basanitidis,
731 2831 893 2867 Carmeli

190 2905 228 2933 et
261 2897 393 2933 Libani
428 2898 501 2933 481
535 2910 575 2942 c;
618 2898 693 2933 482
722 2909 763 2941 e;
805 2897 893 2933 urbs

190 2960 407 2997 admiranda
436 2967 472 2998 et
501 2961 653 2997 illustris
675 2962 750 2997 482
772 2974 815 3001 e:
846 2961 892 2998 ad

410 2509 540 2544 mundi
588 2521 653 2556 per
700 2508 894 2544 Christum

683 191 889 226 INDEX
955 191 1195 226 RERUM.
1651 193 1724 226 719

1022 308 1306 345 fundamentum
1342 310 1545 357 redigenda
1577 312 1652 345 486
1681 323 1724 355 c;

1022 388 1042 409 a
1092 375 1212 411 Persis
1260 382 1297 410 et
1345 375 1470 410 Medis
1518 375 1727 423 subigenda

1024 442 1097 476 487
1135 453 1178 483 a;
1229 441 1326 487 quod
1367 440 1521 487 indigna
1560 441 1605 476 (le
1645 441 1726 475 Deo

1023 505 1206 551 cogitaret
1246 508 1320 541 487
1356 518 1397 550 c;
1451 506 1526 540 488
1563 518 1606 549 a;
1657 505 1725 540 Dei

1022 572 1311 606 instrumentum
1338 571 1412 606 488
1436 583 1475 614 a;
1517 583 1591 605 non
1622 570 1724 606 audi-

1022 636 1117 671 enda
1149 635 1183 670 in
1218 641 1411 682 posterum
1448 637 1521 670 488
1558 648 1597 679 c;
1644 635 1721 671 dili-

1022 706 1154 748 genter
1175 700 1318 735 munita
1334 706 1370 735 et
1386 700 1572 736 custodita
1589 702 1664 736 499
1680 700 1702 735 b
1717 713 1725 745 ;

1024 766 1104 800 Deo
1132 765 1302 800 tradente
1327 771 1566 812 expugnatur
1586 767 1662 801 499
1685 777 1726 809 e;

1024 829 1171 870 divitiis,
1222 829 1318 864 male
1370 830 1499 876 partis,
1548 830 1728 877 spoliatur

1025 898 1101 931 500
1123 907 1163 938 a;
1198 894 1294 929 inter
1313 894 1422 930 urbes
1449 894 1600 930 ancillas
1629 906 1728 929 nunc

1024 959 1248 1001 dominatur,
1281 972 1379 994 nunc
1415 959 1451 994 in
1484 971 1629 995 morem
1664 972 1727 995 co-

1022 1023 1170 1059 lumbae
1200 1023 1424 1059 lamentatur
1446 1026 1522 1060 500
1544 1024 1587 1069 l);
1618 1024 1728 1071 pisci-

1023 1102 1104 1130 nae,
1127 1094 1278 1136 propter
1298 1089 1577 1124 multitudinem
1603 1088 1729 1136 populi

1024 1154 1078 1189 sui
1126 1160 1363 1200 comparatur
1402 1156 1479 1191 500
1518 1166 1561 1197 c;
1619 1153 1727 1189 niliil-

1023 1218 1171 1254 ominus
1218 1217 1421 1253 terroribus
1469 1219 1607 1259 tremit,
1647 1218 1728 1253 Deo

1023 1289 1180 1330 urgente
1195 1286 1271 1319 500
1286 1295 1318 1327 e;
1347 1282 1530 1330 lapidibus
1544 1283 1729 1329 pretiosiS,

1023 1347 1241 1395 praesertim
1306 1347 1457 1390 Indicis,
1516 1348 1728 1383 abundabat

1024 1415 1096 1448 501
1131 1424 1172 1456 a;
1219 1424 1290 1459 quo
1326 1423 1438 1447 sensu
1474 1412 1728 1447 habitaculum

1022 1477 1175 1513 leonum
1197 1478 1272 1512 502
1294 1476 1338 1519 b;
1369 1476 1539 1512 funditus
1570 1476 1728 1512 delenda

1023 1541 1248 1589 praedicitur
1270 1543 1347 1577 502
1370 1554 1409 1586 c;
1441 1554 1568 1577 muros
1597 1541 1728 1577 habuit

1022 1606 1329 1654 inexpugnabiles
1369 1608 1444 1642 502
1481 1619 1521 1647 e;
1573 1606 1728 1653 captivis

1022 1671 1158 1707 referta
1197 1673 1272 1706 503
1309 1683 1354 1710 a;
1406 1683 1517 1717 quare
1559 1671 1727 1706 “civitas

1021 1734 1278 1782 sanguinum''
1295 1734 1500 1782 appelletur
1519 1738 1594 1771 504
1612 1735 1634 1770 b
1650 1750 1656 1775 ;
1690 1735 1727 1770 in

1022 1800 1202 1847 religione
1236 1799 1396 1835 mendax
1428 1802 1504 1835 504
1535 1811 1575 1841 c;
1614 1812 1725 1835 vena-

1021 1865 1134 1906 tione,
1184 1864 1221 1899 id
1268 1870 1336 1904 est,
1384 1864 1513 1911 rapina
1559 1864 1727 1899 alebatur

1023 1931 1098 1965 505
1124 1928 1169 1969 b;
1206 1928 1381 1964 meritrici
1408 1934 1553 1976 turpem
1583 1929 1618 1963 in
1648 1941 1727 1964 mo-

1020 1994 1108 2029 dum
1138 1993 1298 2028 nudatae
1326 1999 1563 2040 comparatur
1584 1996 1660 2030 506
1682 2007 1724 2036 e;

1021 2058 1058 2093 in
1096 2058 1333 2105 proverbium
1372 2058 1591 2094 vastationis
1624 2059 1726 2095 venit

1021 2126 1096 2159 507
1118 2123 1164 2163 b;
1200 2127 1280 2158 tota
1299 2122 1419 2169 periit,
1448 2123 1596 2158 nemine
1623 2136 1724 2159 com-

1019 2187 1220 2223 miserante
1261 2189 1336 2223 507
1373 2199 1418 2228 e;
1469 2189 1545 2223 508
1585 2188 1633 2229 b;
1682 2188 1726 2223 fit

1018 2251 1183 2287 vicissim
1212 2252 1387 2299 gentibus
1417 2252 1552 2287 derisio
1581 2255 1656 2289 509
1680 2252 1724 2298 d3

1020 2317 1153 2356 eidem,
1184 2328 1256 2363 quo
1284 2316 1376 2351 alios
1402 2317 1588 2360 affecerat,
1611 2317 1725 2353 exitio

1020 2382 1155 2417 devota
1188 2383 1264 2417 510
1295 2393 1335 2425 a:
1380 2381 1534 2417 maturis
1567 2382 1724 2424 ficubus,

1019 2445 1126 2482 facile
1143 2445 1321 2486 decussis,
1339 2451 1577 2493 comparatur
1596 2449 1668 2482 511
1687 2459 1723 2492 a;

1020 2510 1110 2546 item
1155 2510 1299 2546 animae
1338 2510 1523 2557 periturae
1565 2513 1637 2546 511
1675 2511 1724 2556 b;

1020 2576 1207 2623 quomodo
1246 2575 1398 2611 defensa
1429 2575 1540 2610 fuerit
1575 2578 1648 2611 511
1683 2588 1724 2621 e;

1018 2639 1127 2675 luteis
1166 2639 1343 2675 lateribus
1381 2639 1523 2674 munita
1562 2641 1638 2675 512
1679 2652 1724 2686 c;

1020 2704 1120 2739 omni
1134 2716 1198 2751 spe
1212 2703 1415 2739 sanationis
1429 2703 1594 2750 privatur
1603 2707 1679 2741 515
1689 2717 1710 2740 a
1713 2718 1724 2751 3

1020 2768 1294 2804 Chaldaeorum
1334 2767 1551 2815 metropolis
1591 2769 1725 2805 dicitur

1020 2834 1096 2869 602
1145 2845 1193 2878 e;

1020 2897 1154 2945 quippe
1175 2909 1268 2945 quae
1293 2897 1424 2933 incolis
1444 2897 1605 2934 caritura
1625 2905 1724 2935 esset

1021 2963 1097 2998 603
1128 2974 1170 3003 a;
1210 2961 1330 2998 foedis
1363 2962 1583 2998 animalibus
1616 2963 1720 3000 habi-

1258 2832 1437 2880 inaquosa
1491 2832 1723 2880 describitur,
