2018 3387
94 219 119 260 i.
151 233 214 261 10.
472 221 545 262 IN
589 219 1026 262 MALACIIIAM.
1088 216 1240 258 TOM.
1275 215 1310 255 Ι.
1603 213 1685 251 503

94 327 188 394 γὰρ
213 329 542 380 ἐκπεπτώκασι
567 333 648 394 τῆς
677 330 946 396 ἱερουργιάς,
974 326 1129 396 σαφὲς
1157 325 1215 376 ἂν
1244 324 1424 390 γένοιτο
1450 326 1531 371 τοῦ
1560 324 1685 370 Θεοῦ

94 409 317 475 ᾸΕΙὙΟΡΊὊῩ
364 410 439 461 διὰ
483 414 644 479 φωνῆς
689 412 847 475 εΩσηέ
881 410 1052 461 “Διότι
1097 408 1269 474 ἡμέρας
1314 402 1503 456 πολλὰς
1548 403 1679 452 καθί-
1752 416 1894 446 livalli.

94 498 122 520 ‘⁶
146 514 313 542 σονται
341 496 383 542 οἱ
410 494 497 543 υἱοὶ
520 492 737 559 Ἰσραὴλ,
765 494 847 543 οὐκ
874 492 1008 545 ὄντος
1034 490 1288 551 βασιλέως,
1314 486 1417 538 οὐδὲ
1444 485 1685 552 ἄρχοντος,
1749 472 1778 497 4⁸

93 579 122 601 “
145 573 228 622 οὐκ
257 574 403 637 οὔσης
429 575 611 636 θυσίας,
639 574 743 624 οὐδὲ
771 574 903 627 ὄντος
931 571 1286 636 θυσιαστηρίου,
1313 570 1417 620 οὔτε
1446 566 1684 632 ἱερατείας,

53 655 247 705 5“οὕτε
295 654 498 719 δήλων.”
565 657 731 706 οὐκοῦν
772 658 854 718 τῆς
901 657 949 705 ἐν
989 655 1116 723 νόμῳ
1161 654 1380 717 λατρείας
1425 648 1510 713 τὴν
1551 650 1687 699 οἱονεὶ

95 736 392 806 κατάλειψιν,
417 738 492 788 καὶ
527 740 608 801 τῆς
643 737 742 788 κατ’
770 735 912 787 αὐτὸν
941 736 1195 802 ἱερωσύνης
1228 733 1310 785 τὸν
1343 730 1684 797 συγκλεισμὸν,
1704 752 1725 776 ο

95 818 466 883 κατασημήνειεν
513 818 583 881 ἂν,
629 816 690 873 ὥς
740 842 795 885 γε
844 841 924 883 μοι
975 820 1111 880 δοκεῖ,
1165 816 1218 867 τὸ
1269 819 1363 866 δεῖν
1411 814 1479 864 ἐπ’
1533 814 1687 865 αὐτοῖς

93 899 538 967 συγκλεισθήσεσθαι
580 905 664 954 τὰς
709 900 831 970 θύρας
874 904 1029 962 εἰπεῖν,
1073 900 1126 950 οὐ
1168 896 1480 964 προσιεμένης
1525 894 1688 959 ὥσπερ

94 981 261 1036 αὐτοὺς
311 986 394 1046 τῆς
445 982 755 1047 Ἐκκλησίας’
823 983 877 1033 οὐ
936 981 1028 1048 γὰρ
1088 986 1171 1032 τοῦ
1231 981 1570 1045 μηλοσφαγεῖν
1623 975 1688 1026 ε”τι

28 1086 76 1111 10
95 1064 264 1130 καιρὸς,
305 1064 417 1115 ἀλλ’
458 1064 547 1129 ἤδη
589 1069 689 1118 ταῖς
732 1063 1032 1128 ἀναιμάκτοις
1078 1067 1267 1126 τιμᾶται
1306 1062 1491 1113 θυσίαις
1530 1060 1555 1108 ὁ
1594 1062 1689 1108 τῶν

94 1145 221 1196 ὅλων
260 1145 396 1199 Θεός.

167 1227 362 1291 Ἐπειδὴ
397 1226 446 1278 δὲ
480 1227 774 1293 προσεπάγει
807 1227 986 1280 τούτοις
1016 1225 1070 1278 τό
1096 1230 1197 1278 Οὐκ
1225 1219 1428 1292 ἀνάψετε
1455 1222 1499 1274 τὶ
1528 1221 1682 1272 θυσια-

95 1311 257 1377 στήριόν
295 1333 380 1377 μου
426 1306 595 1377 δωρεὰν,
636 1311 684 1360 ἐν
722 1310 821 1374 ἤθει
867 1308 1023 1376 φαμὲν
1064 1310 1350 1374 γεγενῆσθαι
1394 1304 1476 1355 τὸν
1518 1303 1684 1368 λόγον.

94 1390 319 1451 βούλεται
357 1390 451 1458 γὰρ
491 1391 579 1455 ἤδη
618 1394 808 1455 δηλοῦν,
849 1391 920 1442 ὅτι
961 1390 1208 1455 κέκληνται
1250 1387 1369 1454 πρὸς
1411 1385 1687 1452 ἱερουργίαν,

29 1489 76 1528 15
96 1474 171 1523 καὶ
214 1477 276 1526 εἷς
319 1472 372 1524 τὸ
415 1479 512 1539 πῦρ
555 1472 717 1524 ἐνιέναι
760 1477 826 1543 τῷ
870 1471 1172 1542 θυσιαστηρίῳ,
1219 1472 1306 1538 οὐχ
1352 1469 1426 1519 ἵνα
1474 1467 1560 1531 τὴν
1603 1470 1732 1517 ‘rosad-

97 1555 378 1619 κεκληκότος
413 1553 581 1608 αὐτοὺς
615 1554 940 1622 παραλύσωσι
971 1554 1130 1624 δόξαν,
1159 1554 1267 1604 ἀλλ’
1295 1552 1370 1603 ἵνα
1397 1553 1566 1619 τιμῷεν
1592 1553 1688 1602 τοῖς

96 1636 355 1700 καθήκουσι
383 1636 586 1704 τρόποις,
614 1639 688 1688 καὶ
719 1636 779 1688 τὰ
811 1640 894 1701 τῆς
929 1636 1183 1703 ἱερωσύνης
1218 1635 1363 1702 ἔχοιεν
1389 1633 1517 1698 γε’ρα.
1569 1634 1610 1681 οἱ
1638 1629 1687 1680 δὲ

96 1716 154 1781 δὴ
180 1722 274 1768 τῶν
301 1718 421 1769 οὕτω
447 1723 640 1769 σεπτῶν
667 1720 721 1769 οὐ
746 1717 1109 1788 πεφροντικότες
1139 1714 1543 1777 σπουδασμάτων,
1571 1711 1689 1776 μήτε

96 1797 190 1862 μὴν
228 1802 354 1850 αἰδοῖ
386 1802 469 1863 τῆς
508 1801 770 1866 ἱερουργίας
806 1800 1120 1866 προσκρούειν
1157 1801 1264 1866 Θειιῦ
1302 1795 1683 1862 παραιτούμενοι,

30 1907 78 1930 20
98 1880 282 1933 δικαίως
309 1880 366 1931 ἂν
391 1881 480 1945 ἤδη
508 1881 798 1947 κολάζοιντο.
852 1881 1070 1947 ἔγκλημα
1104 1879 1197 1946 γὰρ
1233 1880 1287 1929 οὐ
1318 1876 1485 1943 μικρὸν
1512 1876 1578 1939 εἵη
1606 1874 1684 1939 ἀν,

98 1963 173 2012 καὶ
209 1961 342 2025 μάλα
377 1961 578 2021 εἰκότως,
605 1962 660 2014 τὸ
696 1966 934 2013 ποιεῖσθαι
968 1963 1076 2028 παρ’
1112 1960 1243 2012 οὐδὲν
1274 1964 1368 2011 τῶν
1399 1956 1530 2024 παρὰ
1562 1961 1688 2008 Θεοῦ

98 2043 429 2109 δεδωρημένων
454 2043 540 2107 τὴν
565 2043 766 2112 μέθεξιν,
793 2043 1109 2095 ἀποσείεσθαί
1138 2065 1186 2093 τε
1221 2042 1296 2092 καὶ
1331 2039 1442 2091 λίαν
1466 2038 1688 2100 ἀβούλως

96 2125 180 2180 τὰς
218 2124 349 2192 παρὰ
385 2129 510 2176 Θεοῦ
548 2126 697 2188 τιμάς.
750 2127 826 2177 καὶ
863 2130 980 2191 γοῦν
1015 2123 1288 2188 ὠνόμασται
1325 2120 1483 2187 γήϊνός
1522 2143 1572 2171 τε
1609 2121 1723 2171 mie

1748 2205 1825 2235 Hel)
1852 2205 1907 2235 xii.

98 2208 307 2272 βέβηλος
334 2209 359 2258 ὁ
385 2209 563 2270 Ἡσαῦ,
591 2207 662 2258 ὅτι
688 2214 715 2237 “
730 2208 958 2273 βρώσεως
984 2212 1093 2269 μιᾶς
1126 2207 1366 2273 προῦδωκε
1400 2202 1459 2254 τὰ
1493 2224 1683 2268 πρωτο-
1753 2247 1791 2279 16

32 2304 80 2342 25
101 2297 127 2319 ‘⁶
153 2289 286 2340 τόκια
323 2290 505 2341 αὐτοῦ.”
552 2290 719 2340 οὐκοῦν
746 2289 858 2340 ὅταν
891 2289 1009 2356 λέγῃ
1037 2291 1139 2340 Οὐκ
1172 2282 1381 2355 ἀνάψετε
1414 2288 1461 2335 τὸ
1496 2283 1682 2334 θυσιασ-

100 2372 227 2438 τήριόν
265 2395 349 2438 μου
389 2367 558 2440 δωρεὰν,
593 2372 817 2431 βούλεται
856 2373 1047 2434 δηλοῦν,
1081 2372 1144 2423 ὡς
1182 2369 1264 2419 οὐκ
1300 2366 1565 2433 ἀγέραστον
1603 2364 1689 2428 μὲν

100 2453 129 2516 ἡ
168 2451 414 2518 ἱερωσύνη’
463 2451 594 2516 πλὴν
629 2452 731 2502 οὐδὲ
769 2450 860 2520 ἔξω
900 2451 1041 2516 δίκης,
1080 2454 1116 2501 εἱ
1154 2450 1220 2514 μὴ
1257 2445 1580 2517 προσφέροιτό
1618 2469 1688 2501 τις

101 2535 230 2600 αὐτῇ,
257 2536 364 2584 καθ’
394 2532 447 2584 ὃν
474 2531 530 2583 ἂν
554 2532 789 2599 προσήκοι
819 2531 996 2598 τρόπον
1022 2555 1070 2583 τε
1102 2534 1177 2582 καὶ
1210 2530 1371 2592 λόγον.

174 2616 355 2667 Ἰστέον
387 2614 436 2666 δὲ
477 2615 547 2666 ὅτι
586 2616 614 2679 ἡ
652 2619 746 2666 τῶν
780 2614 1020 2680 Ἑβραίων
1054 2613 1237 2667 ἕκδοσις
1276 2611 1437 2677 ἑτέραν
1471 2610 1563 2677 ἔχει
1601 2608 1688 2674 τὴν

150 2801 183 2830 4.
211 2787 309 2823 Haec
327 2788 404 2823 οὐδὲ
423 2788 518 2823 ὄντος
536 2787 782 2831 θυσιαστηρίου
800 2792 980 2830 assumpta
997 2798 1038 2820 ex
1058 2786 1101 2820 B.
1288 2784 1320 2818 6.
1348 2782 1567 2828 κατάλειψιν]
1588 2784 1688 2817 κατά-

103 2835 202 2878 ληξιν
218 2834 310 2869 Edd.
547 2834 580 2868 8.
607 2833 878 2876 κλεισθὴσεσθειι
896 2832 955 2867 iid.
1204 2832 1238 2871 S,
1257 2843 1288 2876 9.
1316 2832 1375 2866 τὰς
1393 2836 1425 2864 et
1443 2831 1559 2874 ὥσπερ
1577 2835 1610 2863 et
1627 2832 1688 2863 τοῦ

104 2887 283 2925 assumpta
301 2893 342 2915 ex
362 2881 403 2916 B.
559 2891 611 2914 12.
638 2878 805 2924 ἀνάψετε]
826 2879 866 2912 ἂν
882 2879 991 2923 ἅψετε
1010 2878 1070 2912 iid.
1088 2884 1167 2912 ante
1184 2878 1319 2922 Migne.
1468 2876 1520 2910 16.
1546 2875 1684 2921 τιμῲεν]

104 2929 262 2969 τιμῶντες
279 2927 337 2962 iid.
541 2937 596 2960 21.
624 2927 676 2960 καὶ
693 2927 786 2969 μάλα
803 2926 938 2961 εἰκότως
955 2937 1025 2960 0111.
1046 2925 1087 2959 Β.
1296 2935 1351 2968 23.
1377 2924 1467 2967 παρὰ
1486 2922 1590 2968 Θεοῦ]
1609 2922 1687 2967 παρ’

104 2974 205 3007 αὐτοῦ
223 2972 284 3006 iid.
349 2972 558 3017 ὠνόμοσται]
584 2977 619 3013 -†-
641 2987 677 3007 τε
694 2972 754 3008 iid.
1173 2982 1226 3013 24.
1253 2969 1444 3015 προῦδωκε]
1465 2969 1610 3004 ἀπέδοτο
1627 2969 1687 3003 iid.

106 3029 161 3063 25.
188 3021 306 3053 ἑαυτοῦ
325 3019 383 3053 iid.
449 3020 542 3064 λέγει
561 3019 619 3054 iid.
812 3027 866 3063 27.
896 3018 912 3061 ἡ
932 3030 999 3052 om.
1023 3018 1062 3052 B.

863 3086 980 3124 402
