2033 3381
305 213 386 253 134
808 208 855 247 B.
900 202 1176 246 CYRILLI
1219 197 1599 242 ALEXANDR.
1765 192 1876 245 iii.5.

80 339 242 391 §.Mum
303 324 548 374 ἀνατολῶν
587 324 629 372 οἱ
666 318 845 383 Μάγοι,
884 314 1133 380 μονονουχὶ
1167 309 1576 376 καταγγέλλοντος
1611 305 1764 357 αὐτοῖς
1797 300 1883 365 τὴν

80 394 153 415 u'z'
304 406 524 471 γέννησιν
569 403 867 462 οἰκονομικῶς
908 401 990 448 τοῦ
1033 391 1314 462 παραδόξως
1365 390 1591 459 ὀφθέντος
1642 384 1760 438 κατὰ
1802 382 1885 435 τὸν

82 504 170 538 558
186 503 234 537 A.
266 485 503 553 αούρανὸν
548 482 756 547 ἀστέρος.
825 477 981 542 ἐπειδὴ
1023 476 1071 528 δὲ
1109 474 1445 540 προβαίνοντος
1486 477 1569 522 τοῦ
1609 473 1769 535 καιροῦ
1810 467 1886 517 καὶ

83 590 240 630 Ib.iv.24.
306 569 513 633 σημείων
538 566 716 634 ἤρξατο
742 565 816 614 καὶ
842 565 937 612 τῶν
961 557 1246 626 παραδόξων
1271 555 1468 622 ἐργάτης
1495 551 1620 614 εἶναι,
1646 549 1750 602 τότε
1768 548 1886 617 “Eg-

306 654 449 714 ἦλθεν
476 650 503 712 ἡ
530 646 645 711 ἀκοὴ
672 646 852 708 αὐτοῦ,”
883 643 1004 694 καθά
1030 646 1181 709 φησιν
1208 640 1232 688 ὁ
1260 635 1612 703 εὐαγγελιστὴς,
1640 642 1665 664 “
1682 637 1742 686 εἰς
1768 631 1886 695 ὅλην
1906 636 1927 674 5

306 740 332 763 “
357 731 442 796 τὴν
482 731 699 797 Συρίαν.”
750 728 913 781 ἄλλως
953 748 1003 776 τε
1035 726 1110 774 καὶ
1151 721 1396 784 διαβόητος
1438 719 1629 784 γέγονεν
1666 719 1713 767 ἐν
1750 712 1885 780 πάσῃ

304 817 493 880 ἀληθῶς
511 817 569 881 τῇ
592 813 664 864 ὑπ’
685 808 898 876 οὐρανόν.
941 808 1010 861 τίς
1034 805 1126 872 γὰρ
1142 801 1340 870 ἠγνόηκε
1366 799 1451 865 τὴν
1477 799 1621 868 δόξαν
1636 801 1852 863 Χριστοῦ
1871 816 1883 854 ;

304 902 439 949 ποῖον
478 896 621 958 ἔθνος,
663 894 692 959 ἢ
735 893 867 960 χώρα
907 893 990 954 τῆς
1031 887 1227 950 ἐνούσης
1269 885 1393 952 αὐτῷ
1435 882 1597 949 ἰσχύος
1635 879 1886 943 μεμένηκεν

84 994 236 1069 ξὶίῗῐξιέο.
307 978 505 1044 ἀνήκοον
524 976 552 1042 ὴ
571 978 821 1043 ἀπείρατον
842 997 852 1035 ;
883 976 943 1026 ὡς
963 971 1057 1037 γὰρ
1078 969 1214 1022 αὐτὸς
1235 967 1324 1036 ἔφη
1350 965 1511 1027 πάλιν,
1538 962 1809 1029 κεκήρυκται
1831 959 1886 1011 τὸ

147 1063 152 1069 ’
210 1064 216 1070 ’
308 1061 584 1127 εὐαγγέλιον
604 1063 665 1113 εἷς
684 1058 840 1110 πάντα
864 1055 922 1106 τὰ
947 1056 1070 1118 ἔθνη,
1091 1054 1165 1103 καὶ
1191 1049 1576 1116 περιπεφοίτηκεν
1596 1046 1731 1109 ἡλίου
1758 1044 1886 1107 δίκην
1910 1058 1957 1083 10

265 1156 291 1196 b
310 1144 395 1209 τὴν
416 1144 680 1208 σύμπασαν
706 1144 796 1208 γῆν
824 1140 850 1203 ἡ
877 1142 969 1189 τῶν
991 1134 1100 1201 παρ’
1123 1135 1263 1185 αὐτοῦ
1289 1130 1553 1198 γεγονότων
1580 1125 1869 1193 λαμπρότης.

590 1341 663 1382 Καὶ
690 1340 987 1383 ἐξελεύσονται
1015 1335 1074 1378 εἰς
1101 1334 1226 1376 nebia
1253 1330 1291 1373 oi
1318 1331 1445 1374 Πόδεε
1473 1329 1610 1369 αὐτοῦ.

375 1451 579 1513 ”Ομοιον
606 1451 666 1502 ὡς
693 1452 729 1498 εἶ
757 1447 886 1513 λε’γοι
912 1445 1059 1497 πάλιν
1077 1441 1230 1493 Οὐδὲν
1255 1440 1444 1491 ἄναντες
1473 1437 1597 1505 αὐτῷ
1623 1435 1696 1484 καὶ
1723 1430 1890 1495 ἀνήνυ-

314 1555 412 1587 τον·
455 1537 679 1595 βαδιεῖται
721 1529 769 1581 δὲ
810 1527 972 1593 ὥσπερ
1011 1526 1081 1594 ἐφ’
1124 1523 1309 1592 ἑκάστῳ
1347 1520 1589 1586 πράγματι
1628 1515 1702 1567 διὰ
1740 1515 1890 1585 ψιλῆς

315 1641 363 1669 τε
389 1619 464 1668 καὶ
491 1617 617 1668 λειάς
643 1616 764 1665 ὁδοῦ.
804 1611 990 1673 βάσιμα
1016 1608 1099 1672 μὲν
1119 1605 1212 1672 γὰρ
1238 1607 1312 1656 καὶ
1339 1603 1587 1668 εὑπόρευτα
1607 1603 1700 1649 τῶν
1721 1593 1890 1649 πεδίων
1912 1613 1959 1651 15

316 1699 373 1751 τὰ
393 1698 677 1768 ἐψιλωμένα·
713 1696 918 1762 δυσχερῆ
939 1692 987 1743 δὲ
1007 1695 1081 1743 καὶ
1108 1691 1193 1756 οὐχ
1221 1687 1465 1751 ἱππήλατα
1484 1683 1542 1735 τὰ
1568 1686 1628 1736 εἷς
1647 1678 1891 1747 γηλόφους

318 1779 622 1845 ἀνεστηκότα.
677 1779 846 1828 εὔκολα
879 1774 934 1839 δὴ
961 1775 1042 1825 οὖν
1067 1771 1126 1823 τὰ
1157 1769 1312 1822 πάντα
1335 1772 1400 1836 τῷ
1426 1768 1625 1834 Χριστῷ
1651 1765 1725 1814 καὶ
1750 1761 1808 1825 ἢν
1834 1758 1892 1810 ἂν

279 1886 300 1911 C
318 1865 541 1926 βούλοιτο
575 1859 772 1912 διάττειν
797 1857 918 1920 ὁδὸν,
944 1855 1030 1920 τὴν
1056 1855 1128 1923 ἐφ’
1157 1852 1341 1921 ἑκάστῳ
1368 1851 1487 1918 φημὶ
1513 1852 1607 1898 τῶν
1633 1843 1891 1912 δρωμένων,

318 1949 434 2011 αὕτη
459 1968 550 1997 που
575 1944 762 1997 πάντως
789 1943 890 1992 ἐστὶ
918 1941 990 1990 καὶ
1018 1935 1286 2004 δυσχερείας
1313 1933 1502 1996 ἁπάσης
1527 1926 1888 1993 ἀπηλλαγμένη.

317 2031 365 2080 τί
405 2028 498 2094 γὰρ
540 2028 622 2077 οὐκ
667 2024 725 2076 ἂν
769 2021 1095 2088 κατορθώσειε,
1143 2020 1218 2069 καὶ
1261 2018 1371 2068 λίαν
1411 2015 1629 2079 ἀμογητὶ,
1667 2009 1789 2064 Θεὸς
1827 2006 1893 2058 ὧν
1914 2026 1963 2052 20

319 2112 461 2179 φύσει
497 2112 571 2161 καὶ
605 2113 697 2159 τῶν
725 2104 964 2169 δυνάμεων
994 2103 1196 2168 Κύριος;
1239 2101 1404 2151 οὐκοῦν
1436 2099 1497 2150 ὡς
1533 2095 1589 2164 ἐξ
1624 2092 1894 2156 ὁμοιότητος

319 2200 413 2245 τῶν
439 2195 486 2244 ἐν
510 2197 606 2245 τοῖς
631 2187 800 2242 πεδίοις
829 2186 991 2239 ἰόντων
1016 2188 1097 2249 τῆς
1127 2185 1174 2234 ἐν
1199 2181 1450 2249 πράγμασι
1484 2177 1675 2243 θεωρίας
1699 2178 1895 2226 ποιεῖται

319 2276 404 2336 τὴν
431 2276 654 2340 δήλωσιν.
706 2276 743 2323 εἰ
778 2270 826 2321 δὲ
852 2269 908 2334 δὴ
934 2265 1157 2330 βούλοιτό
1191 2288 1260 2322 τις
1286 2260 1426 2315 πεδία.
1461 2265 1578 2312 νοεῖν
1601 2257 1705 2312 τοὺς
1737 2278 1895 2308 ταπει-

370 2431 404 2465 3.
431 2419 483 2452 καὶ
501 2417 649 2461 σημείων
667 2415 760 2450 D.b.
780 2414 965 2456 καταμόνας
987 2411 1095 2456 μένων
1122 2410 1164 2444 Β.
1184 2407 1276 2443 Edd.
1624 2413 1657 2443 4.
1683 2399 1825 2444 ἐργάτης
1846 2397 1894 2432 D.

323 2467 430 2512 ἕργων
456 2466 596 2511 ἐργάτης
623 2464 664 2498 B.
692 2461 783 2497 Edd.
848 2459 887 2503 ἧν
914 2460 959 2493 D.
1023 2458 1148 2492 Statim
1172 2458 1248 2490 τότε
1273 2457 1495 2496 assumptum
1512 2461 1553 2484 ex
1574 2448 1616 2482 B.
1634 2447 1730 2481 deest
1748 2447 1783 2480 in
1802 2444 1894 2479 D.b.

324 2525 356 2559 5.
384 2513 491 2547 καθώς
511 2511 601 2545 Edd.
723 2519 753 2553 7.
779 2508 912 2551 ἀληθῶς
929 2513 1007 2540 ante
1024 2506 1097 2551 γε’γ.
1119 2511 1161 2537 tr.
1182 2503 1228 2537 D.
1277 2500 1421 2546 ἠγνόησε
1443 2498 1487 2531 D.
1506 2497 1575 2530 inv.
1593 2506 1623 2528 a.
1746 2494 1779 2527 8.
1804 2492 1893 2537 αὐτῷ

324 2560 445 2605 ἰσχύος
462 2571 491 2592 a.
510 2559 598 2603 αὐτῷ
617 2557 784 2599 δυνάμεως
802 2555 848 2588 D.
867 2553 987 2599 ἰσχύος
1003 2553 1092 2599 αὐτῷ
1112 2549 1202 2585 Edd.
1368 2558 1400 2591 9.
1427 2544 1566 2587 ἀνήκοον
1583 2541 1600 2584 ἦ
1618 2541 1797 2584 ἀπείρατον
1816 2538 1857 2572 Β.
1876 2537 1895 2581 ἢ

323 2607 464 2651 ἀνήκοον
489 2605 507 2649 ἢ
533 2605 713 2649 ἀπείρατον
730 2615 760 2636 a.
777 2601 915 2645 ἀνήκοος
936 2601 980 2634 D.
999 2600 1176 2642 ἀπείρατος
1194 2595 1212 2639 ἦ
1230 2593 1368 2638 ἀνήκοος
1385 2591 1476 2626 Edd.
1542 2591 1559 2623 ὁ
1580 2589 1678 2623 αὐτὸς
1702 2588 1768 2631 ἔφη
1793 2586 1897 2620 πάλιν

323 2653 566 2699 εὖαγγελιστὴς
586 2652 626 2685 Β.
675 2651 777 2684 πάλιν
794 2650 860 2693 ἔφη
879 2649 948 2681 inv.
968 2646 1042 2681 ord.
1064 2647 1109 2680 D.
1127 2646 1230 2678 πάλιν
1247 2653 1315 2675 om.
1335 2651 1364 2673 a.
1557 2646 1609 2669 10.
1627 2632 1897 2679 περιπεφύτηκεν

324 2703 451 2745 (mauu
469 2698 622 2734 secunda
638 2694 938 2741 περιπεφοίτηκεν)
956 2706 986 2728 a.
1004 2693 1206 2738 πεφοίτηκεν
1224 2689 1270 2722 D.
1287 2687 1476 2730 πεφώτικεν
1491 2683 1532 2717 Β.
1550 2681 1640 2716 Edd.
1760 2690 1813 2713 11.
1839 2693 1895 2723 γε-

324 2746 488 2792 γονότων]
513 2751 550 2787 -1-
572 2747 679 2790 ἔργων
698 2744 740 2778 Β.
758 2743 876 2777 invitis
896 2742 941 2775 D.
955 2753 984 2774 a.
1279 2745 1330 2767 12.
1358 2733 1420 2766 Καὶ
1437 2736 1658 2773 assumptum
1675 2739 1717 2761 ex
1735 2726 1781 2761 D.
1801 2725 1897 2759 deest

324 2795 359 2827 in
381 2795 416 2827 F.
439 2793 527 2828 Edd.
548 2791 668 2837 (153.)
823 2800 874 2834 13.
899 2788 992 2833 λέγει
1010 2799 1040 2821 a.
1195 2794 1247 2824 14.
1274 2780 1328 2826 ἐφ’
1346 2778 1472 2813 D.a.b.
1491 2777 1526 2811 ἐν
1544 2775 1635 2809 Edd.
1782 2782 1834 2818 15.
1859 2786 1896 2806 τε

326 2852 395 2873 Om-
417 2840 460 2873 Ι).
511 2840 590 2874 ὁδοῦ
608 2840 660 2872 καὶ
677 2839 710 2871 λ.
729 2837 799 2870 inv.
818 2835 892 2869 ord.
914 2835 958 2868 D.
1008 2837 1075 2867 τῶν
1090 2831 1212 2866 πεδίων
1229 2840 1298 2863 om.
1318 2839 1347 2860 a.
1610 2821 1660 2855 16.
1679 2817 1892 2865 ἐψιλωμένα]

326 2888 400 2919 λεῖα
420 2887 464 2919 D.
714 2894 765 2928 17.
785 2885 830 2929 τῷ
848 2894 918 2916 om.
940 2881 1018 2915 D.a.
1266 2875 1319 2909 18.
1343 2871 1522 2913 βούλοιντο
1541 2869 1587 2903 D.
1652 2868 1740 2912 φημὶ
1758 2879 1827 2901 om.
1847 2866 1894 2899 D.

330 2943 383 2976 19.
410 2932 489 2975 (ιύτὴ
508 2943 538 2965 a.
598 2932 710 2974 πάσης
729 2931 775 2964 D.
967 2938 1021 2961 21.
1048 2927 1092 2961 ὡς
1108 2936 1177 2958 om.
1195 2934 1224 2956 a.
1416 2929 1470 2952 22.
1496 2918 1565 2952 τοῖς
1582 2927 1651 2949 om.
1673 2914 1800 2948 D.a.b.
1861 2912 1896 2946 ἐν

327 2980 503 3022 πράγμασι
521 2977 676 3022 θεωρίας]
698 2978 754 3011 Sic
775 2977 820 3010 D.
833 2975 901 3009 a.b.
920 2974 1013 3008 Edd.
1032 2973 1067 3007 ἐν
1083 2974 1153 3006 τοῖς
1169 2969 1343 3014 πράγμασι
1360 2965 1497 3008 πορείας
1512 2964 1550 2997 B.
1567 2963 1718 3007 (πράγμα
1736 2969 1770 2995 et
1785 2975 1842 2995 πο.
1859 2959 1896 2993 ni

328 3025 427 3059 fallor
444 3025 476 3057 in
496 3036 626 3058 rasura.
643 3023 777 3057 Theod.
800 3022 944 3066 Heyse.)
1135 3028 1188 3061 23.
1215 3016 1254 3058 δὴ
1273 3019 1493 3057 assumptum
1511 3022 1551 3044 ex
1575 3010 1616 3043 Ι).
1630 3009 1664 3042 b.
