2053 3382
331 177 416 219 582
734 181 785 221 Β.
830 179 1100 221 CYRILLI
1142 181 1528 224 ALEXANDR.
1701 184 1742 225 ii.
1770 196 1834 234 10,
1858 196 1919 223 11.

331 292 523 349 μᾶλλον
561 287 644 342 τὰς
691 290 978 355 ἀλλογενεῖς,
1018 290 1359 355 Ἀμμανίτιδάς
1400 314 1449 343 τε
1495 292 1570 342 καὶ
1615 292 1924 352 Μωαβίτιδας

332 371 406 420 καὶ
432 369 710 431 Ἰδουμαίας.
761 373 836 422 καὶ
864 371 1027 436 πολλή
1055 396 1123 427 τις
1150 375 1360 424 ἐντεῦθεν
1386 373 1415 438 ἡ
1442 379 1525 424 τοῦ
1550 371 1752 438 Ἰσραὴλ
1778 373 1924 436 βεβή-

331 455 484 504 λῶσις
521 449 592 515 ἧν.
653 453 707 502 οὐ
746 452 840 519 γὰρ
879 455 1143 521 κατέληγον
1182 457 1347 507 ἐκεῖναι
1387 460 1493 507 τῶν.
1519 453 1753 524 πατρῴων
1791 455 1924 516 ἐθῶν,

330 532 441 581 ἀλλ’
485 531 740 599 ἐλάτρευον
780 534 866 599 μὲν
911 536 1122 591 εἰδώλοις
1167 537 1247 601 ἔτι,
1285 537 1610 604 προσεκύνουν
1650 536 1699 588 δὲ
1744 538 1820 588 καὶ
1863 540 1924 604 τῇ

329 618 534 682 στρατιᾷ
571 621 654 666 τοῦ
695 617 906 682 οὐρανοῦ,
944 620 1020 669 καὶ
1058 617 1116 683 ἧν
1153 642 1254 673 πως
1294 618 1478 685 ἀνάγκη
1515 618 1623 673 τοὺς
1661 624 1761 672 ταῖς
1800 620 1962 673 οὕτω5

329 693 416 758 τὴν
455 696 605 764 φρένα
643 699 1046 767 κατεφθαρμέναις
1091 700 1376 767 παρανόμως
1420 700 1751 770 συνῳκηκότας
1789 723 1915 766 συγ-

284 782 311 823 b
331 779 717 842 καταμιαίνεσθαι
753 784 828 832 καὶ
860 784 1174 850 προσκρούειν
1202 786 1325 852 Θεῷ.
1376 782 1528 836 πολὺς
1556 782 1603 833 δὲ
1628 782 1737 833 λίαν
1762 783 1842 833 ἐπί
1864 804 1920 847 γε

107 863 237 938 fffsdf·
331 863 542 912 τουτοισὶ
575 862 741 928 γέγονε
775 863 920 930 λόγος
954 865 1000 915 ἐν
1026 869 1121 919 τοῖς
1154 871 1237 916 τοῦ
1255 864 1449 931 ‘'Eo-&pa
1480 864 1704 926 βιβλίοις.
1756 887 1917 915 καται-

330 946 483 993 τιᾶται
527 943 683 996 τοίνυν
727 946 894 1000 αὐτοὺς
939 948 964 997 ὁ
1011 952 1105 998 τῶν
1152 947 1279 998 ὅλων
1325 946 1459 1009 Θεὸς,
1505 949 1567 1000 ὡς
1617 947 1786 1011 γύναια
1836 945 1923 1009 μὲν

329 1025 637 1091 ἀτιμάζοντας
669 1026 728 1077 τὰ
754 1028 811 1096 ἐξ
834 1029 1028 1091 αἵματος
1052 1028 1268 1095 Ἰσραὴλ,
1295 1029 1440 1094 ἤγουν
1466 1033 1549 1079 τοῦ
1574 1027 1740 1090 Ἰούδα,
1767 1050 1921 1093 προσ-
1944 1051 1990 1076 10

330 1107 562 1169 κειμένους
588 1107 637 1158 δὲ
664 1110 866 1164 ἀνοσίως
891 1116 991 1165 ταῖς
1017 1116 1112 1162 τῶν
1138 1111 1438 1179 ἀλλοφύλων
1465 1110 1746 1176 θυγατράσι,
1773 1110 1922 1161 καίτοι

328 1193 412 1238 τοῦ
451 1188 595 1253 νόμου
632 1191 717 1256 τὴν
756 1192 959 1244 σύνοδον
997 1194 1386 1261 ἀποφάσκοντος.
1438 1193 1549 1244 ἀλλ’
1585 1196 1627 1243 οἱ
1666 1197 1761 1243 τῶν
1799 1193 1920 1243 οὕτω

328 1276 521 1322 σεπτῶν
555 1274 637 1323 οὐκ
673 1272 760 1325 οἶδ’
793 1274 919 1328 ὅπως
957 1274 1354 1341 ὀλιγωρήσαντες,
1387 1274 1415 1339 ὴ
1454 1279 1555 1328 ταῖς
1589 1278 1685 1325 τῶν
1717 1273 1920 1339 γυναίων

327 1351 466 1418 ὥραις
502 1353 620 1420 πρὸς
655 1357 877 1421 ἀσελγεῖς
908 1356 1075 1420 ἡδονὰς
1103 1357 1472 1423 συνηρπάζοντο,
1501 1355 1529 1420 ἢ
1554 1355 1678 1423 τάχα
1703 1379 1795 1407 που
1819 1360 1919 1409 ταῖς

327 1436 377 1485 ἐκ
404 1440 498 1486 τῶν
515 1437 812 1506 ἀλλοφύλων
833 1438 1013 1506 φιλίαις
1037 1439 1273 1506 ὑπερέχειν
1295 1440 1482 1504 ἤθελον,
1498 1439 1573 1489 ἵνα
1599 1438 1663 1502 μὴ
1691 1437 1919 1505 μάχοιντο
1941 1460 1987 1498 15

289 1516 446 1582 οπρὸς
484 1518 650 1574 αὐτοὺς
689 1523 750 1574 ὡς
789 1522 877 1585 ἤδη
916 1521 1192 1587 γνωρίμους,
1221 1523 1295 1571 καὶ
1330 1520 1415 1585 τὴν
1441 1523 1490 1571 ἐκ
1526 1519 1694 1585 γάμων
1727 1519 1919 1587 ἔχοντας

327 1600 618 1667 ἀγχιστείαν.
670 1608 808 1653 τοῦτο
845 1602 892 1653 δὲ
929 1601 986 1666 ἦν
1019 1603 1174 1669 ἕτερον
1213 1602 1344 1653 οὐδὲν
1370 1601 1399 1666 ἦ
1435 1606 1534 1655 ταῖς
1571 1601 1918 1666 ὀλιγοπιστίαις

328 1683 614 1749 καθυβρίσαι
642 1682 782 1747 Θεὸν,
811 1687 873 1738 ὡς
900 1688 982 1748 τῆς
1008 1685 1191 1736 ἐκείνων
1217 1684 1370 1752 χειρὸς
1396 1683 1643 1753 ἐξελέσθαι
1673 1683 1738 1747 μὴ
1772 1683 1912 1734 δυνά-

327 1786 480 1826 μενον,
504 1765 649 1831 ἤγουν
675 1766 916 1833 ἀποφῆναι
943 1768 1205 1833 κρείττονας
1232 1770 1314 1831 τῆς
1340 1768 1396 1835 ἐξ
1419 1765 1718 1834 ἀλλοφύλων
1744 1773 1917 1817 πλεον-

328 1845 467 1914 εξίας.
518 1847 678 1899 ἐλύπει
705 1849 761 1913 δὴ
788 1850 870 1900 οὖν
897 1849 1015 1900 κατὰ
1041 1849 1198 1901 πάντα
1223 1848 1400 1915 τρόπον
1427 1847 1480 1899 τὸ
1507 1851 1668 1914 χρῆμα
1696 1847 1836 1898 Θεόν.
1938 1874 1986 1899 20

401 1929 642 1998 Ταύτῃτοί
664 1936 787 1998 φησι
815 1934 889 1982 καὶ
910 1935 991 1995 τῆς
1014 1933 1224 2000 ἐμφύτου
1245 1931 1594 2000 φιλοστοργίας
1622 1932 1916 1994 ἀλογοῦντας

326 2011 521 2073 βλέπων
549 2017 669 2076 Οὐχ)
703 2014 815 2068 Θεὶς
850 2013 907 2068 εἷς
942 2014 1106 2065 ἔκτισεν
1134 2016 1284 2081 ὑμᾶς,
1334 2017 1428 2076 οὐχὶ
1462 2011 1608 2082 πατὴρ
1644 2012 1707 2067 εἷς
1739 2012 1916 2064 πάντων

327 2093 470 2161 ὑμῶνς
516 2098 563 2145 τί
598 2096 660 2146 ’ότι
700 2096 1030 2161 ἐγκατελίπετε
1069 2095 1263 2151 ἕκαστος
1301 2096 1370 2147 τὶν
1409 2091 1607 2163 ἀθελφόν
1642 2096 1802 2155 αὐτοῦς
1850 2093 1915 2149 εἷς

283 2187 311 2227 d
327 2174 413 2238 μὲν
451 2175 543 2241 γὰρ
588 2178 613 2227 ὁ
657 2177 849 2228 πάντων
893 2179 994 2228 ἐστὶ
1042 2177 1363 2244 Δημιουργὸς,
1406 2179 1482 2228 καὶ
1527 2176 1628 2231 ἑνὸς
1666 2179 1707 2227 οἱ
1744 2173 1915 2229 πάντες

327 2257 597 2322 Δεσπότου,
645 2259 937 2321 βουλομένου
981 2263 1258 2310 συνδεῖσθαι
1302 2260 1355 2310 τὸ
1401 2258 1593 2323 ποιηθὲν
1637 2262 1701 2312 εἷς
1744 2257 1914 2308 ἕνωσιν
1935 2277 1982 2315 25

326 2341 401 2389 καὶ
437 2340 710 2408 ὁμοψυχίαν
735 2346 830 2394 τοῖς
866 2344 948 2405 τῆς
983 2341 1170 2407 ἀγάπης
1207 2346 1418 2405 θεσμοῖς.
1472 2345 1509 2391 εἷ
1543 2339 1628 2404 μὲν
1659 2339 1753 2405 γὰρ
1786 2338 1913 2403 ἦσαν

327 2419 410 2471 δύο
450 2425 545 2472 θεοὶ
590 2425 666 2473 καὶ
708 2423 869 2489 κύριοι,
909 2422 938 2487 ὴ
986 2426 1062 2474 καὶ
1106 2425 1296 2477 πλείους
1335 2423 1420 2486 ἔτι,
1462 2423 1517 2473 τὸ
1557 2422 1744 2476 ἀπεικὸς
1782 2420 1913 2472 οὐδὲν

326 2507 427 2556 ταῖς
464 2508 559 2554 τῶν
595 2505 897 2568 ποιησάντων
936 2505 1142 2570 γνώμαις
1180 2504 1644 2571 συγκαταβιάζεσθαι
1682 2503 1739 2554 τὰ
1777 2502 1912 2567 ποιή-

324 2607 466 2647 ματα,
492 2587 568 2636 καὶ
593 2584 679 2649 τὴν
703 2586 821 2652 πρὸς
845 2587 1041 2651 ἄλληλα
1067 2586 1246 2637 στάσιν
1269 2585 1569 2653 εὖαρμόστως
1601 2584 1910 2651 εἰσδέχεσθαι,

376 2725 406 2748 1.
435 2714 531 2749 Haec
548 2730 583 2749 τε
602 2715 654 2749 καὶ
674 2716 891 2757 Μωαβίτιδας
909 2722 1131 2751 accesserunt
1149 2728 1190 2751 ex
1211 2716 1252 2751 B.
1643 2727 1677 2758 4.
1703 2715 1757 2749 καὶ
1774 2726 1844 2749 om.
1866 2715 1908 2750 B.

327 2760 361 2794 6.
386 2763 587 2805 παρανόμως
605 2763 750 2797 accessit
768 2775 809 2797 ex
829 2763 871 2797 B.
1045 2773 1075 2808 7.
1103 2764 1138 2797 δέ
1155 2763 1250 2808 λίαν]
1270 2762 1310 2797 δέ
1324 2778 1362 2808 ’γε
1380 2763 1458 2797 λίαν
1476 2764 1493 2796 ὁ
1513 2760 1605 2796 Edd.
1787 2762 1820 2795 8.
1846 2764 1908 2795 τοῦ

327 2814 549 2852 assumptum
568 2820 608 2841 ex
628 2809 670 2843 B.
817 2821 869 2844 10.
895 2808 953 2854 τὰ]
972 2810 1031 2845 τὰς
1049 2809 1140 2844 Edd.
1297 2821 1349 2852 14.
1374 2824 1440 2844 που
1458 2821 1528 2844 om.
1548 2808 1591 2842 Β.
1746 2818 1798 2850 15.
1824 2808 1906 2842 ὑπο-

327 2854 459 2897 τρέχειν
476 2866 538 2899 pro
556 2855 733 2900 ὑπερέχειν
750 2855 842 2890 Edd.
1070 2866 1122 2901 17.
1150 2856 1203 2890 καὶ
1221 2867 1284 2901 pro
1301 2855 1341 2899 ἧν
1358 2856 1418 2891 iid.
1640 2863 1695 2887 21.
1720 2855 1810 2898 φησι
1829 2861 1909 2899 post

326 2901 465 2939 βλέπων
481 2907 613 2946 transp.
632 2902 691 2936 iid.
867 2913 922 2947 23.
949 2903 1184 2948 ἐγκατελίπετε
1201 2903 1306 2937 habet
1325 2903 1367 2937 Β.
1535 2900 1590 2935 26.
1616 2900 1755 2943 δεσμοῖς
1773 2901 1908 2946 Migne.

326 2946 383 3034 (ῗῖ.
410 2947 760 3028 συγκαᾱταβιάζεσθαι]
781 2949 1131 2995 συγκαταμερίζεσθαι
1148 2949 1207 2984 iid.
1497 2958 1552 2993 29.
1579 2946 1811 2993 εὐαρμόστως]
1831 2948 1907 2982 εὒα-

359 3006 468 3035 ορμως
485 3005 507 3027 u
535 3020 542 3028 .
