1997 3361
56 160 80 200 i.
106 175 165 213 ¹4·
608 165 675 204 IN
720 165 1065 205 AGGAEUM.
1549 164 1630 201 25¹.)

59 296 133 338 Καὶ
181 298 369 355 ὲΕύΓειρε
421 299 569 357 Κύριος
619 300 665 342 τό
716 305 873 350 Πνεῦμα
916 301 1158 358 Ζοροβάβελ
1202 305 1274 342 τοῦ
1319 298 1539 340 Σαλαθιήλ
1583 299 1629 338 ἐκ
1657 313 1700 344 14

122 387 259 436 φυλῆς
287 382 428 424 Ἰούδα
468 384 535 424 καὶ
569 383 616 425 τὸ
655 389 819 432 Πνεῦμα
849 385 989 426 'lusos’
1029 389 1102 425 τοῦ
1132 383 1332 424 Ἰωσεδὲκ
1370 386 1442 424 τοῦ
1484 380 1671 436 ἱερέωεο

121 467 195 506 τοῦ
249 467 434 514 μετάλου
485 468 553 507 καὶ
596 467 642 508 τὸ
691 472 854 516 Πνεῦμα
905 469 989 509 τῶν
1041 467 1316 509 mmmmm
1357 465 1515 506 Παντὸς
1559 467 1631 504 τοῦ

123 551 242 599 λαοῦ,
279 549 346 589 καὶ
380 548 575 591 εἰσῆλθον
612 550 678 590 καὶ
714 551 886 592 ὲΠωίουν
927 550 976 592 τα
1013 551 1114 607 {pl-u
1155 551 1198 591 ἐν
1243 555 1304 604 τῷ
1337 547 1444 602 οἴκῳ
1485 547 1632 603 Κυρίου

14 634 37 672 5
122 634 471 690 Παντοκράτοροο
498 633 606 675 Θεοῦ
643 635 798 686 αὐτῶν,
830 639 880 690 τᾷ
927 635 1099 690 τετράδι
1131 634 1197 674 καὶ
1237 632 1372 674 εἰκάδι
1401 636 1473 673 τοῦ
1502 631 1633 679 μΗνόε

121 718 195 755 τοῦ
222 716 359 756 ἕκτου.

1697 847 1804 886 Supra

1696 901 1763 921 ver.
1784 899 1796 920 1
1806 899 1819 920 2
1826 914 1833 921 .

132 851 441 922 Πεφόβηνται
481 853 565 916 μὲν
606 857 646 904 οἱ
684 854 740 922 ἐξ
769 854 971 920 Ἰσραὴλ
1013 854 1106 905 ἀπὸ
1144 854 1405 919 προσώπου
1440 853 1630 916 Κυρίου.

55 933 186 998 πλὴν
219 934 348 1001 ἄθρει
385 959 464 998 μοι
494 936 654 999 πάλιν,
683 939 745 990 ὡς
782 938 834 986 οὐ
868 935 1096 1003 πρότερον
1130 935 1454 1003 κεχωρήκασιν
1488 934 1547 987 εἵς
1580 956 1634 998 γε

56 1015 111 1068 τὸ
149 1017 341 1068 ἑλέσθαι
379 1020 494 1084 δρᾶν
534 1018 594 1068 τὰ
632 1017 891 1069 ἁνδάνοντα
925 1023 991 1087 τῷ
1023 1021 1144 1086 Θεῷ,
1181 1021 1218 1068 εἰ
1256 1016 1320 1081 μὴ
1360 1019 1435 1066 καὶ
1472 1016 1680 1081 γε’γονεᾶ

0 1121 39 1147 [ο
56 1100 152 1164 μετ’
180 1101 347 1158 αὐτῶν,
376 1103 451 1151 καὶ
482 1101 665 1170 ἐξήγειρε
697 1100 743 1152 τὶ
779 1102 955 1167 πνεῦμα,
993 1101 1158 1151 αὐτῶν.
1225 1099 1445 1162 εἰσόμεθα
1473 1098 1528 1162 δὴ
1557 1099 1637 1148 οῦν

57 1182 318 1244 κάντεῦθεν,
340 1182 409 1233 ὅτι
436 1181 522 1233 κᾶν
549 1187 586 1233 εὶ
612 1180 765 1233 ἕλοιτό
790 1205 858 1235 τις
882 1180 937 1233 τὸ
962 1183 1253 1247 ἐθελουργεῖν
1273 1185 1335 1234 εἷς
1360 1179 1414 1231 τὸ
1441 1180 1635 1245 ἀγαθόν·

57 1261 146 1314 κᾶν
169 1267 206 1314 εἰ
232 1265 280 1314 ἐν
304 1264 581 1331 προθυμίαις
606 1264 787 1330 γε’νοιτο
817 1268 916 1317 ταῖς
948 1266 1155 1315 τοιαῖσδε
1181 1263 1337 1330 τυχὸν,
1366 1263 1474 1312 ἀλλ’
1506 1261 1638 1312 οὐδὲν

58 1345 182 1400 ὅλως
216 1349 509 1413 ἀποπερανεΐ,
536 1346 601 1410 μὴ
639 1347 742 1414 οὐχὶ
776 1344 1002 1400 συνόντος
1034 1368 1083 1397 τε
1122 1347 1248 1414 αὐτῷ
1285 1350 1367 1396 τοῦ
1403 1348 1526 1395 Θεοῦ
1561 1347 1638 1395 καὶ

59 1428 381 1482 διανιστάντος
425 1432 487 1482 εἷς
525 1429 789 1492 εὐτολμίαν,
831 1431 906 1479 καὶ
948 1426 1295 1494 καταθήγοντος
1334 1431 1394 1481 εἷς
1431 1425 1485 1478 τὸ
1523 1437 1639 1491 τλη-

0 1523 39 1563 15
59 1509 218 1569 παθὲς,
264 1514 338 1562 καὶ
388 1510 470 1562 τὸν
521 1513 595 1563 ἐπὶ
645 1516 745 1565 ταῖς
796 1511 1061 1579 φιλεργίαις
1112 1510 1439 1576 ἀποκείροντος
1479 1509 1632 1560 ὄκνον.

58 1592 293 1659 τοιγάρτοι
350 1595 425 1644 καὶ
480 1595 505 1645 ὁ
563 1593 817 1647 θεσπέσιος
870 1597 1064 1646 Παῦλος
1111 1594 1215 1659 περὶ
1264 1597 1358 1644 τῶν
1407 1590 1462 1642 τὸ
1516 1595 1639 1642 θεῖον

57 1674 434 1739 πεπιστευμένων
478 1674 696 1742 κήρυγμά
739 1681 890 1743 φησιν
935 1674 1006 1726 ὅτι
1055 1682 1082 1704 “
1100 1673 1441 1742 περισσότερον
1486 1674 1639 1724 αὐτῶν
1699 1676 1825 1750 gfff&-

60 1763 89 1786 ‘⁶
111 1756 302 1808 πάντων
352 1757 627 1809 ἐκοπίασα·”
682 1757 1021 1824 προσεπήγαγε
1074 1756 1122 1807 δὲ
1171 1755 1437 1824 πανσόφως
1488 1756 1677 1806 “Οὐκε

61 1837 204 1904 “ἐγω
247 1839 309 1903 δὲ,
347 1841 457 1891 ἀλλ’
499 1840 527 1904 ἡ
565 1839 699 1907 χάρις
737 1846 819 1890 τοῦ
860 1843 983 1890 Θεοῦ
1021 1839 1049 1903 ἡ
1089 1837 1182 1889 σῦν
1219 1839 1334 1902 ἐμοί
1339 1840 1363 1854 ”
1428 1840 1503 1888 καὶ
1545 1836 1639 1901 μὴν

0 1941 43 1967 20
61 1923 136 1971 καὶ
170 1920 309 1976 αὐτος
343 1923 368 1972 ὁ
400 1920 567 1988 Σωτὴρ
604 1927 700 1976 τοῖς
732 1921 880 1987 ἁγίοις
918 1919 1208 1974 ἀποστόλοις
1244 1922 1446 1986 είΧωρις
1485 1921 1636 1983 ἐμοῦ,”
1699 1920 1847 2004 {VJJU'

61 2006 228 2071 φησὶν,
295 2006 378 2055 6οὐ
432 2003 635 2055 δυνασθε
680 2009 826 2055 ποιεῖν
874 2002 1050 2055 οὐδε’ν.”
1114 2002 1252 2056 αὐτὸς
1294 2002 1388 2069 γὰρ
1437 2003 1567 2066 ἡμῶν
1611 2003 1639 2067 ἡ

61 2086 223 2155 ε’φεσις
254 2109 329 2138 και
362 2087 390 2150 ἡ
425 2085 542 2152 πρὸς
574 2090 669 2137 πᾶν
701 2088 854 2137 ὁτιοῦν
883 2091 977 2137 τῶν
1009 2087 1201 2150 ἀγαθῶν
1226 2086 1475 2152 προθυμία,
1503 2084 1640 2138 αὐτὸς

62 2169 90 2232 ἡ
139 2167 288 2236 ἰσχῦς,
341 2171 417 2219 καὶ
466 2168 692 2222 συνόντος
736 2169 820 2230 μὲν
863 2168 973 2232 ἡμῖν
1024 2166 1404 2232 εὐδοκιμήσομεν,
1453 2165 1640 2220 ἑαυτοὺς

63 2254 407 2315 οἰκοδομοῦντες
439 2254 544 2304 ίίεἰς
576 2249 687 2301 ναὸν
726 2249 872 2316 ἅγιον,
911 2254 973 2304 εἷς
1011 2250 1360 2316 κατοικητήριον
1397 2254 1479 2300 τοῦ
1516 2253 1641 2300 Θεοῦ
1704 2243 1841 2324 {lphgzu

0 2347 45 2386 25
65 2339 92 2362 ‘⁶
116 2333 165 2384 ἐν
209 2333 488 2397 Πνεύματι·”
540 2334 892 2400 ἀποφοιτῶντος
939 2330 988 2382 δὲ
1032 2333 1107 2382 καὶ
1153 2332 1503 2400 νοσφιζομένου,
1541 2335 1642 2385 πῶς

64 2414 121 2465 ἂν
144 2414 397 2466 ἐνδοιάσειέ
415 2438 496 2477 τις,
519 2414 589 2466 ὅτι
614 2417 688 2465 καὶ
715 2413 1080 2480 ἀπρακτήσομεν
1099 2413 1220 2482 ὄκνῳ
1245 2436 1295 2464 τε
1319 2417 1393 2464 καὶ
1419 2414 1641 2483 ἀνανδρίᾳ
1659 2439 1681 2462 a
1710 2429 1795 2463 638
1811 2428 1864 2462 A.

65 2500 316 2563 νικώμενοι,
342 2503 416 2551 καὶ
443 2502 504 2554 ὡς
530 2501 698 2566 ἀκερδῆ
724 2499 806 2550 τὸν
831 2498 977 2550 πόνον
1004 2498 1361 2560 ἀποσειόμενοις

112 2704 145 2734 4.
169 2692 210 2726 τὰ
227 2697 448 2737 assumptum
465 2704 507 2726 ex
526 2691 567 2725 B.
587 2692 707 2736 (Alex.
728 2690 834 2735 XII.)
1154 2699 1188 2735 5.
1214 2691 1253 2733 τῇ
1272 2701 1342 2724 om.
1361 2689 1408 2723 D.
1467 2692 1527 2724 τοῦ
1545 2690 1641 2725 ἕκτου

66 2740 167 2781 μηνός
184 2738 231 2773 D.
514 2747 545 2783 7.
570 2737 773 2783 προσώπου]
796 2742 833 2778 -†-
853 2739 912 2770 τοῦ
932 2737 977 2770 D.
1287 2747 1339 2780 13.
1365 2751 1401 2770 τε
1418 2744 1641 2780 assumptum

66 2795 110 2818 ex
128 2784 170 2819 B.
190 2784 284 2819 deest
300 2785 335 2819 in
353 2785 401 2819 D.
632 2796 684 2827 14.
711 2785 947 2819 διανιστῶντος
965 2783 1012 2817 D.
1226 2783 1279 2816 16.
1308 2783 1404 2816 Haec
1422 2784 1440 2815 ὁ
1457 2783 1641 2819 θεσπέσιος

68 2838 286 2866 accesserunt
302 2843 343 2865 ex
362 2832 405 2866 B.
423 2833 441 2865 ὁ
459 2832 661 2876 σοφώτατος
678 2832 725 2866 D.
972 2838 1024 2874 17.
1050 2829 1158 2863 αὐτῶν
1174 2829 1306 2864 πάντων
1323 2829 1388 2864 hoc
1407 2829 1527 2864 ordine
1548 2830 1640 2863 B.D.

71 2877 125 2911 18.
149 2878 352 2923 πανσόφως]
372 2880 494 2922 σαφῶς
512 2879 558 2913 D.
808 2888 860 2922 19.
887 2877 922 2910 δέ
941 2876 1035 2910 B.D.
1053 2878 1152 2920 μόνος
1170 2875 1261 2911 Edd.
1506 2887 1561 2910 22.
1589 2878 1643 2911 καὶ

68 2928 290 2969 assumptum
307 2937 349 2959 ex
368 2924 462 2958 B.D.
675 2935 731 2966 24.
757 2926 817 2958 τοῦ
834 2929 1055 2968 assumptum
1073 2935 1113 2956 ex
1135 2922 1227 2957 B.D.
1446 2932 1502 2967 25.
1526 2922 1576 2968 ἐν]
1602 2928 1638 2963 -Ι-

69 2971 115 3014 τῷ
134 2970 179 3006 D.
368 2971 422 3006 26.
448 2971 564 3015 ἀνδρίᾳ
583 2970 672 3014 (sic)
691 2971 737 3004 D.

765 3024 865 3065 le
