2007 3366
304 142 360 182 80
698 144 749 184 B.
792 142 1069 184 CYRILLI
1120 143 1505 186 ALEXANDR.
1798 143 1823 183 i.
1844 158 1883 197 9.

81 258 166 293 525
183 257 235 294 A·
263 249 355 301 arb
385 253 552 319 χρῆναι
583 256 758 315 μαθεῖν,
790 250 908 316 ἅπερ
946 250 1003 316 ἧν
1034 252 1221 315 ἄμεινον
1256 255 1459 321 ὁρᾶσθαι
1498 251 1877 320 κατωρθωκότας.

299 332 371 384 ὅτι
397 336 553 385 τοίνυν
579 333 859 403 κουφότατοι
886 334 970 397 μὲν
1005 338 1067 387 εἷς
1103 334 1302 400 δρόμους
1336 341 1378 388 οἱ
1414 337 1727 399 Βαβυλώνιοι,
1755 334 1874 386 πάν-

299 423 468 481 τολμοι
492 417 541 468 δὲ
566 419 642 467 καὶ
669 421 873 482 θρασεῖς,
901 418 976 467 καὶ
1003 421 1160 482 θηρῶν
1192 419 1366 484 ἀγρίων
1392 418 1699 484 διενεγκόντες
1731 417 1877 474 οὐδὲν,

298 500 375 550 καὶ
396 503 491 550 τῶν
509 500 795 550 ἁλίσκεσθαι
820 498 1086 562 δυναμένων
1107 502 1243 550 οἱονεὶ
1268 501 1612 565 καθιπτάμενοι,
1633 505 1879 568 παρεγγυᾷ

298 581 460 645 πάλιν,
486 578 745 651 παρδάλεσι
770 579 855 645 μὲν
889 579 1178 647 παρεικάζων
1206 580 1313 637 τοῦς
1341 584 1534 638 ἵππους·
1575 583 1804 648 πηδητικὴ
1831 583 1877 633 δέ
1898 596 1920 634 5

297 664 407 715 λίαν
438 664 465 727 ἡ
504 660 755 731 πάρδαλις,
799 665 873 714 καὶ
911 663 1037 715 πολὺ
1078 662 1135 728 δὴ
1174 665 1282 715 λίαν
1319 665 1509 730 εὐπετὴς
1548 671 1610 720 εἰς
1647 666 1701 717 τὸ
1738 688 1878 716 κατα-

297 747 527 812 θρώσκειν
564 745 794 797 δύνασθαι
830 750 925 797 τῶν
963 745 1268 810 διωκομένων·
1314 747 1466 802 λύκοις
1508 748 1655 814 γεμὴν
1693 753 1787 800 τοῖς
1827 749 1880 816 ἐξ

296 831 519 899 Ἀρειβιας
553 828 735 891 αὐτοὺς,
769 829 847 883 οὓς
883 829 938 894 δή
974 834 1098 898 φασι
1132 830 1346 894 μάλιστα
1378 835 1472 881 τῶν
1506 831 1671 881 ἄλλων
1709 833 1876 895 ἀγριω-

250 918 276 957 b
295 911 467 978 τέρους,
509 913 585 962 καὶ
629 911 732 980 ὀξεῖ
769 910 926 981 δρόμῳ
969 912 1169 963 διάττειν
1212 912 1297 977 τὴν
1341 915 1448 964 καθ’
1493 911 1558 963 ὧν
1599 912 1656 963 ἂν
1699 914 1879 964 ἕλοιντο

293 994 592 1058 ποιουμένους
629 993 794 1061 ὁρμήν·
838 997 914 1045 καὶ
948 996 1049 1063 οὐχὶ
1084 994 1242 1059 μόνοις
1273 999 1361 1051 τοῖς
1386 996 1537 1051 λύκοις
1564 998 1686 1063 φησὶ
1718 1019 1870 1061 προσ·
1903 1019 1949 1043 ιο

292 1077 497 1139 εοικέναι,
538 1076 669 1127 ἀλλὰ
711 1076 805 1144 γὰρ
844 1080 919 1128 καὶ
963 1081 1105 1131 αἰετοῖς
1150 1083 1244 1132 τοῖς
1288 1084 1460 1143 νεκροῖς
1504 1083 1598 1129 τῶν
1642 1079 1878 1142 σωμάτων

293 1160 602 1210 καταθεόυσιν
628 1161 860 1224 ἀμελλητὶ
888 1162 962 1211 καὶ
988 1161 1356 1223 καθιπταμένοις,
1384 1163 1445 1215 ὡς
1470 1161 1604 1230 ἔφην.

369 1241 624 1296 Εὐάλωτος
663 1242 710 1293 δὲ
749 1245 825 1294 καὶ
864 1244 889 1293 ὁ
923 1247 1018 1293 τῶν
1042 1244 1278 1294 Ἰουδαίων
1319 1243 1481 1309 γέγονε
1520 1249 1625 1296 νοῦς
1666 1245 1741 1293 καὶ
1781 1243 1878 1294 οἷον

294 1323 577 1391 ἱππόκροτος
616 1325 762 1390 ἤγουν
801 1323 1140 1393 εὐκατάτροχος
1177 1326 1204 1388 ἡ
1243 1326 1420 1391 καρδία,
1459 1328 1532 1376 καὶ
1573 1330 1668 1379 τοῖς
1701 1324 1877 1376 πάθεσι

293 1409 376 1470 τῆς
416 1405 607 1474 σαρκὸς,
651 1408 726 1458 καὶ
766 1408 921 1461 αὐτοῖς
963 1407 1011 1457 δὲ
1053 1412 1146 1461 τοῖς
1193 1407 1471 1472 ἀκαθάρτοις
1511 1408 1761 1469 πνεύμασι,
1803 1411 1877 1458 καὶ
1901 1426 1945 1464 15

294 1491 412 1558 πρός
438 1514 493 1558 γε
520 1491 576 1555 δὴ
603 1492 782 1546 τούτοις
809 1497 909 1546 ταῖς
940 1492 1288 1554 ἀλκιμωτάταις
1326 1498 1420 1543 τῶν
1445 1493 1689 1555 Ῥωμαίων
1714 1516 1871 1558 προσ-

77 1584 227 1617 Ζῐιοῑι-ἱί-
257 1610 278 1635 0
295 1579 481 1634 βολαῖς.
538 1575 947 1642 προσκεκρούκασι
976 1574 1069 1641 γὰρ
1095 1580 1161 1644 τῷ
1188 1575 1374 1642 λέγοντι
1401 1584 1427 1604 “
1450 1577 1541 1626 Καὶ
1579 1573 1671 1641 ἐγὼ
1709 1575 1877 1637 ε”σομαι

78 1639 109 1670 ⁵⁰
297 1664 323 1686 ‘⁶
349 1658 515 1719 αὐτοῖς,
544 1658 671 1724 λέγει
699 1657 885 1724 Κύριος,
911 1663 1062 1725 τεῖχος
1087 1658 1234 1724 πυρὸς
1266 1657 1504 1720 κυκλόθεν,
1532 1660 1607 1708 καὶ
1640 1661 1701 1712 εἰς
1732 1657 1878 1726 δόξαν

297 1746 324 1769 “
352 1740 520 1804 ε”σομαι
553 1742 600 1792 ἐν
632 1740 764 1810 μέσῳ
800 1741 979 1804 αὐτῆς.”
1031 1739 1263 1795 εὐάλωτος
1299 1740 1346 1792 δὲ
1381 1739 1506 1804 οἶμαι
1538 1744 1631 1793 πᾶς
1661 1745 1766 1793 νοῦς
1802 1741 1877 1790 καὶ

297 1821 630 1889 εὐανάτρεπτος
659 1826 824 1890 κομιδῇ
850 1826 931 1886 τῆς
958 1823 1136 1874 ἄνωθεν
1155 1823 1417 1877 εὐσθενειάς
1442 1822 1713 1887 τητώμενος·
1742 1827 1877 1873 πᾶσα
1898 1841 1947 1864 20

76 1922 128 1953 Ps.
150 1921 206 1952 lix.
298 1903 390 1971 γὰρ
419 1905 551 1969 ἡμῶν
583 1904 719 1972 ἰσχῦς
758 1907 833 1956 καὶ
872 1904 1117 1973 ἀσφάλεια
1149 1905 1277 1972 παρὰ
1303 1910 1443 1956 Θεοῦ·
1491 1906 1752 1969 ποιήσομεν
1786 1904 1878 1971 γὰρ

297 1990 345 2038 ἐν
371 1988 497 2057 αὐτῷ
523 1990 597 2038 καὶ
625 1996 651 2017 “
668 1987 875 2050 δύναμιν,
903 1989 978 2038 καὶ
1003 1987 1140 2042 αὐτὸς
1164 1989 1466 2057 ε’ξουδενώσει
1492 1986 1599 2042 τοῦς
1624 1987 1878 2048 θλίβοντας

300 2077 327 2099 “
353 2070 510 2134 ἡμᾶς,”
539 2069 658 2121 κατὰ
684 2070 738 2122 τὸ
765 2069 1100 2137 γεγραμμένον.

258 2254 531 2299 9Συντέλεια
581 2252 641 2294 εἰς
694 2251 861 2304 ἀσεβεῖς
916 2256 1021 2305 nien,
1070 2255 1386 2297 dvoeownomc
1437 2255 1685 2311 Προσώηοιε
1734 2255 1875 2296 αὐτῶν

367 2337 631 2381 ἐξεναντίας.
1899 2352 1946 2390 25

351 2465 380 2489 1.
405 2453 488 2499 ὅπερ
508 2454 555 2489 D.
675 2465 707 2498 3.
734 2453 873 2496 θαρσεῖς
890 2454 948 2497 (ex
966 2465 1054 2488 corr.
1073 2454 1160 2488 forte
1178 2453 1221 2488 ab
1239 2454 1381 2498 θράσος)
1402 2453 1447 2487 D.
1493 2453 1617 2497 θηρίων
1635 2453 1681 2487 D.
1731 2454 1876 2497 διενηνο-

299 2503 399 2546 χότες
418 2501 464 2535 D.
599 2502 632 2535 6.
658 2501 698 2544 δὴ
717 2507 937 2545 assumptum
956 2513 996 2535 ex
1018 2501 1059 2535 Β.
1202 2502 1235 2535 8.
1260 2500 1424 2546 ἀρῥαβιίις
1442 2500 1487 2534 D.
1536 2503 1625 2545 φησι
1642 2502 1793 2544 μάλιστα
1810 2501 1876 2535 hoc

300 2548 422 2582 ordine
440 2548 488 2582 D.
599 2560 631 2593 9.
658 2548 802 2582 διάττειν
817 2548 1141 2592 τὴν-ποιουμένους
1160 2548 1206 2582 l).
1220 2547 1311 2582 Edd.
1329 2548 1737 2583 διάττοντας-ποιεῖσθιιι
1754 2548 1813 2592 τὴν
1832 2548 1875 2582 B.

301 2595 415 2641 δρόμῳ
434 2601 513 2640 post
530 2595 636 2629 διάττ.
654 2601 786 2640 transp.
802 2594 848 2630 D.
1027 2607 1078 2630 10.
1104 2596 1143 2629 οὐ
1163 2596 1207 2629 D.
1271 2594 1514 2639 προσεοίκασιν
1533 2594 1622 2628 Edd.
1688 2595 1777 2639 φησι
1796 2599 1876 2640 post

300 2642 535 2685 προσεοικέναι
550 2649 593 2676 tr.
610 2643 656 2676 D.
802 2653 814 2676 Ι
826 2653 838 2676 Ι
848 2669 855 2676 .
878 2642 943 2687 γὰρ
957 2653 1026 2676 om.
1040 2642 1085 2677 D.
1134 2644 1203 2677 τοῖς
1220 2643 1346 2686 νεκροῖς
1361 2645 1426 2675 τῶν
1443 2642 1606 2683 σωμάτων
1619 2642 1658 2675 B.
1678 2645 1744 2675 τῶν
1760 2642 1875 2685 σωμά-

301 2703 368 2722 των
383 2692 448 2722 τῶν
466 2693 589 2733 νεκρῶν
604 2689 649 2722 D.
667 2691 737 2724 τοῖς
754 2693 877 2732 νεκρῶν
893 2693 958 2723 τῶν
975 2691 1141 2733 σωμάτων
1159 2688 1251 2723 Edd.
1397 2699 1448 2721 12.
1475 2689 1695 2723 καταθέουσιν
1711 2688 1875 2732 ἀμελλητὶ

302 2734 369 2768 hoc
387 2735 508 2769 ordine
526 2736 568 2771 B.
586 2736 727 2780 ἀμελητὶ
746 2736 839 2770 B.D.
966 2747 1019 2778 14.
1047 2734 1264 2781 ἱππόκροτος]
1285 2734 1342 2769 Sic
1360 2735 1491 2769 correxi
1508 2747 1549 2769 ex
1567 2736 1606 2769 Β.
1621 2740 1655 2770 et
1673 2736 1720 2769 sic
1740 2735 1874 2778 Migne.

302 2782 506 2825 ἶππόκριιτος
524 2782 616 2817 Edd.
634 2784 817 2827 ὑπόκροτος
834 2783 878 2817 D.
1068 2794 1120 2828 15.
1138 2783 1275 2827 δαίμοσι
1294 2782 1340 2815 D.
1531 2782 1584 2816 16.
1610 2782 1649 2826 δὴ
1669 2782 1710 2816 Β.
1727 2782 1762 2816 δέ
1783 2781 1873 2815 Edd.

304 2827 479 2862 Neutrum
491 2829 594 2863 habet
608 2830 652 2863 D.
701 2830 944 2875 ἀλκιμωτάτοις
956 2842 1026 2864 om.
1040 2830 1086 2864 D.
1137 2829 1327 2874 στρατείαις
1340 2839 1402 2873 pro
1412 2830 1585 2872 προσβολ.
1602 2829 1646 2863 Ι).
1739 2838 1790 2873 17.
1808 2829 1874 2873 γὰρ

302 2880 524 2918 assumptum
541 2888 582 2910 ex
602 2877 695 2911 B.D.
814 2889 866 2922 19.
893 2875 983 2921 οἶμαι
1000 2889 1069 2911 om.
1090 2877 1135 2911 D.
1256 2887 1310 2909 20.
1337 2875 1593 2921 εὐανάτρεπτυς]
1614 2876 1875 2920 εὐκιιτάτρεπτος

304 2921 398 2955 Aub.
417 2921 659 2966 εὐιικιὶτρεπτος
678 2924 779 2958 l‘out.
843 2926 907 2960 πᾶς
927 2926 1003 2959 νοῦς
1029 2930 1108 2969 post
1125 2923 1274 2967 εὐανιὶτρ.
1293 2929 1334 2955 tr.
1357 2923 1400 2956 D.
1465 2925 1650 2965 τητώμειός
1672 2923 1715 2957 Ι).
1734 2921 1875 2966 στερού-

301 2982 400 3012 μενος
419 2967 461 3003 Β.
481 2967 664 3013 ἡττώμενος
684 2970 774 3005 Edd.
933 2982 986 3005 22.
1013 2971 1064 3005 καὶ
1084 2971 1179 3016 prius
1197 2975 1415 3014 assumptum
1435 2982 1474 3003 cx
1497 2970 1535 3004 B.
