2001 3361
269 209 345 244 756

320 328 544 376 placandum
592 324 821 360 necessariae
861 325 936 359 208
987 335 1027 368 e;

320 398 509 428 armatura
540 389 842 436 splendidissima
874 390 951 424 569
984 387 1028 432 d3

320 470 341 493 a
407 455 548 502 Spiritu
611 454 748 489 Divino
815 452 1031 488 derivantur

320 523 395 556 684
419 520 462 564 d;
485 521 561 555 685
583 519 628 564 b;
653 519 728 554 686
750 530 782 553 a.

266 586 382 625 Visio,
405 584 560 626 Christi,
591 595 660 630 pro
690 582 823 618 visibili
855 581 1029 617 Incarna—

319 650 421 685 tione
456 649 610 688 dictum,
643 650 716 683 851
750 647 796 691 b;
832 645 1031 682 incredulis

321 713 563 750 intolerabilis
585 713 654 748 erit
676 714 750 748 851
777 724 808 747 e.

266 779 452 819 Visiones,
475 777 590 823 Pauli,
612 777 795 817 Ananiae,
817 781 853 811 et
874 775 1030 811 aliorum

322 845 398 880 229
422 843 491 878 cd.

267 908 459 949 Visitatio‚
503 907 549 943 de
596 907 775 942 Adventu
826 905 1031 941 Salvatoris

321 973 461 1008 dictum
486 974 560 1008 735
583 984 615 1007 c.

266 1037 366 1078 Vita,
381 1049 446 1085 per
458 1037 686 1073 frumentum
701 1035 912 1083 significata
927 1037 975 1071 55
990 1047 1031 1081 e;

322 1101 626 1149 incorruptibilis,
645 1106 808 1142 aeterna,
826 1100 862 1135 in
880 1098 1032 1136 Christo

322 1170 400 1203 470
423 1167 467 1212 d;
500 1169 576 1203 472
599 1178 639 1211 c;
671 1166 849 1201 definitur
872 1164 910 1200 id
931 1164 1033 1212 quod

322 1232 396 1271 dat,
449 1244 525 1267 non
575 1231 675 1279 quod
721 1230 867 1278 accipit,
917 1229 1031 1265 vitam

323 1299 400 1333 549
422 1297 467 1341 d;
493 1296 538 1332 de
561 1295 714 1332 Christo
735 1296 873 1331 dictum
894 1298 970 1330 550
993 1294 1030 1340 b3

320 1361 573 1409 peregrinatio
608 1366 665 1397 est
699 1360 843 1396 animae
877 1362 953 1395 575
989 1371 1030 1405 a;

323 1426 550 1462 Sanctorum
580 1437 699 1473 neque
734 1425 880 1472 abjecta
913 1436 1032 1472 neque

322 1491 552 1526 infructuosa
594 1493 670 1526 577
712 1490 757 1533 1);
807 1490 1031 1525 Sanctorum

321 1568 397 1590 non
427 1555 603 1595 humana,
633 1554 697 1589 sed
728 1553 865 1589 Divina
895 1553 1030 1602 potius,

323 1625 361 1655 et
390 1619 591 1667 spiritualis
623 1621 695 1655 581
731 1631 772 1664 c;
808 1631 896 1654 vera
925 1618 1028 1666 spiri-

323 1684 446 1727 tualis,
469 1684 557 1731 quid
578 1684 625 1719 sit
647 1685 724 1719 853
747 1683 816 1718 dc.

268 1749 385 1789 Vitia,
429 1761 540 1796 quam
588 1748 750 1784 maxime
799 1752 886 1783 sunt
933 1747 1034 1783 varia

324 1816 401 1849 202
424 1813 461 1849 d.

269 1878 381 1918 Vitis,
426 1891 448 1914 a
494 1877 649 1914 locustis
697 1878 872 1913 mordicis
920 1882 1031 1918 tacta,

322 1943 406 1978 alba
443 1943 672 1990 conspicitur
711 1945 787 1979 204
826 1955 859 1978 a.
919 1942 1034 1990 [Vide

324 2007 457 2048 Vinea,
478 2007 654 2053 Vinum]

270 2072 428 2113 Vitium,
464 2084 483 2108 e
517 2072 691 2119 neglecto
725 2071 873 2107 virtutis
908 2071 1033 2107 studio

325 2136 413 2172 oriri
433 2137 528 2172 solet
550 2138 626 2173 332
648 2149 680 2172 a.

270 2201 401 2237 Vitula
420 2201 515 2244 rufa,
539 2201 679 2237 Christi
700 2206 812 2250 typus
835 2203 911 2238 836
933 2214 963 2237 e.

270 2266 403 2307 Vituli,
434 2266 549 2307 aurei,
581 2278 601 2301 a
634 2265 741 2313 Rege
778 2266 1033 2302 Hieroboamo

325 2331 480 2376 adorati,
512 2332 533 2366 5
565 2343 606 2375 a;
645 2333 691 2367 17
724 2331 767 2375 b;
804 2333 852 2366 86
883 2342 924 2376 c3
961 2343 1033 2378 quo

324 2395 480 2430 consilio
500 2397 573 2431 103
591 2407 626 2440 a;
649 2407 762 2442 quare
780 2395 1031 2431 “emerendi''

326 2460 501 2495 dicantur
526 2462 598 2496 119
621 2472 662 2505 e;
687 2460 779 2495 nihil
800 2460 901 2495 aliud
922 2472 1031 2507 quam

326 2525 502 2561 seducere
534 2524 707 2560 valebant
750 2526 824 2560 120
863 2524 903 2569 b;
948 2523 1031 2559 sali-

326 2595 443 2631 entes,
474 2590 694 2626 Sanctorum
725 2588 887 2625 laetitiae
921 2594 1033 2637 typus

327 2655 402 2689 868
425 2666 456 2689 c.

272 2716 436 2758 Vitulus,
459 2717 714 2760 Hieroboami,
736 2716 850 2766 Apim
877 2718 1031 2766 Aegyp-

327 2781 433 2823 tium,
451 2783 515 2819 i.e.
534 2782 674 2825 Solem,
691 2783 875 2818 referebat
895 2784 968 2819 145
990 2794 1032 2827 a;

328 2858 350 2881 a
389 2847 493 2895 Rege
534 2846 700 2883 Manaim
738 2847 878 2883 Phulae
924 2847 1034 2882 datus

333 2911 406 2945 145
443 2911 487 2953 d;
527 2911 740 2947 confractus
778 2916 816 2947 et
850 2911 979 2947 irrisus
1014 2924 1035 2947 a

329 2973 544 3021 Babyloniis
597 2978 669 3011 146
718 2988 762 3021 ej
812 2976 857 3011 ad
905 2988 1033 3023 regem

800 201 1016 238 INDEX
1075 202 1318 239 RERUM.

1657 216 1862 240 VIRTUTES.

1155 322 1289 365 Jarim,
1311 324 1381 360 i.e.
1405 324 1578 366 ultorem,
1609 326 1757 366 missus,
1789 339 1861 373 quo

1156 387 1362 424 Samariam
1410 390 1651 425 ulcisceretur
1702 392 1775 425 146
1815 391 1861 433 d;

1155 458 1395 500 comparatur
1415 453 1636 495 Haereticis‚
1655 455 1861 490 Ecclesiam

1155 518 1480 565 corrumpentibus
1533 522 1604 555 147
1654 519 1700 564 1);
1750 520 1863 567 proji-

1154 581 1250 617 citur
1297 594 1318 617 a
1367 582 1561 618 Samaritis
1614 585 1688 620 147
1729 584 1775 625 d;
1827 584 1861 619 in

1155 646 1315 687 deserte,
1329 659 1528 683 commune
1543 648 1708 683 omnium
1722 649 1861 684 idolum

1155 717 1235 747 erat
1264 713 1340 747 309
1363 724 1403 757 c;
1436 711 1694 757 Hieroboami,
1717 713 1862 760 insigne

1156 782 1235 812 erat
1264 777 1467 824 impietatis
1501 777 1772 818 testimonium,
1805 783 1860 813 ut-

1156 846 1242 888 pote
1277 841 1462 878 humanae
1497 854 1632 877 manus
1665 841 1862 878 artificium

1158 908 1234 942 327
1256 918 1287 941 a.

1104 969 1298 1012 Volucres,
1328 970 1457 1006 hostes
1488 971 1717 1007 Judaeorum
1749 971 1863 1019 signi·

1156 1035 1270 1071 ficant
1291 1038 1340 1071 50
1362 1036 1410 1079 d;
1443 1036 1488 1072 de
1514 1036 1683 1083 superbis
1712 1037 1863 1085 symbo-

1156 1099 1225 1136 lice
1246 1100 1385 1136 dictum
1408 1103 1456 1137 67
1479 1113 1524 1143 a;
1557 1103 1629 1137 581
1655 1101 1690 1136 d.

1104 1164 1299 1212 Voluptas,
1348 1166 1469 1201 omnis
1521 1178 1542 1201 a
1587 1165 1864 1213 poenitentibus

1156 1229 1361 1277 abjicienda
1385 1233 1462 1266 220
1484 1231 1532 1273 b;
1562 1230 1671 1266 bonis
1699 1230 1862 1265 moribus

1158 1294 1364 1341 perniciosa
1413 1298 1488 1332 272
1542 1308 1586 1341 e,
1648 1295 1770 1331 brevis
1827 1299 1864 1330 et

1157 1358 1274 1407 fugax
1292 1360 1514 1396 describitur
1531 1362 1606 1396 316
1624 1373 1644 1396 a
1662 1373 1669 1404 ;
1692 1359 1862 1399 carnalis,

1158 1436 1268 1471 quam
1299 1425 1345 1460 sit
1375 1425 1553 1460 damnosa
1575 1428 1650 1461 468
1672 1425 1721 1470 b3
1753 1437 1863 1473 quam

1158 1488 1205 1524 sit
1226 1489 1454 1536 repudianda
1476 1493 1553 1526 590
1575 1491 1607 1526 d.

1104 1551 1353 1600 Voluptuarii‚
1403 1555 1671 1591 correctionem
1724 1554 1863 1590 abomi-

1157 1625 1296 1653 nantur
1316 1620 1392 1654 648
1415 1619 1452 1654 d.

1105 1682 1200 1726 Vox,
1232 1682 1314 1724 Dei,
1345 1684 1591 1730 praesentiam
1623 1683 1690 1718 Dei
1725 1682 1863 1718 indicat

1158 1749 1234 1783 217
1257 1747 1291 1783 d.

1104 1811 1259 1859 Vulpes,
1308 1812 1535 1848 daemonum
1583 1812 1862 1848 immundorum

1157 1883 1268 1924 typus
1290 1878 1366 1913 265
1388 1890 1420 1913 c.

1465 1995 1494 2030 Z

1104 2070 1338 2106 ZAanmAs
1362 2070 1560 2118 Propheta,
1582 2070 1702 2107 obiter
1722 2083 1863 2107 memo-

1157 2141 1260 2171 ratur
1287 2137 1359 2171 231
1386 2135 1434 2180 d;
1469 2135 1751 2184 Hierosolymae
1778 2143 1863 2183 post

1157 2199 1318 2235 reditum
1360 2199 1592 2236 Judaeorum
1640 2200 1864 2236 vaticinatur

1158 2266 1233 2300 652
1256 2264 1337 2309 ab;
1374 2265 1512 2313 populo
1542 2265 1731 2313 ignoranti
1758 2266 1863 2312 quasi

1157 2329 1400 2377 paedagogus
1421 2330 1622 2377 inspiratus
1644 2332 1719 2366 653
1743 2342 1785 2375 a3
1817 2342 1862 2365 ex

1156 2399 1260 2440 patre
1288 2393 1481 2437 Bmachia,
1503 2394 1602 2431 tribu
1629 2395 1732 2437 Levi,
1754 2400 1863 2430 natus

1157 2459 1232 2494 653
1261 2458 1306 2504 b;
1342 2459 1387 2495 de
1417 2459 1538 2495 causis
1567 2459 1804 2507 captivitatiS,
1827 2465 1864 2495 et

1156 2523 1285 2558 officiis
1323 2523 1565 2560 liberatorum
1608 2524 1745 2560 civium
1785 2523 1863 2571 agit

1158 2589 1233 2623 653
1269 2600 1315 2633 c,
1354 2587 1443 2624 item
1479 2588 1763 2636 Redemptionis
1797 2600 1863 2637 per

1158 2650 1352 2687 Christum
1418 2653 1640 2701 mysterium
1710 2652 1863 2700 exponit

1158 2717 1235 2752 653
1257 2716 1301 2761 d;
1332 2717 1379 2752 ad
1399 2730 1486 2753 suos
1510 2717 1765 2753 admonendos
1785 2716 1860 2751 his-

1159 2781 1294 2816 toriam
1317 2781 1339 2817 J
1344 2781 1481 2818 udaeae
1510 2782 1671 2830 priorem
1694 2786 1863 2816 recenset

1158 2848 1234 2883 653
1258 2858 1302 2891 e,
1338 2848 1415 2882 654
1436 2859 1479 2888 a;
1514 2859 1560 2882 ex
1589 2846 1643 2881 ira
1672 2845 1795 2880 divina
1825 2845 1861 2880 in

1157 2917 1282 2958 patres
1321 2911 1527 2946 orationem
1575 2909 1734 2945 instituit
1783 2911 1860 2946 654

1159 2976 1182 3010 b
1198 2988 1218 3010 c
1234 2975 1278 3019 d;
1309 2975 1354 3010 ad
1375 2974 1655 3010 conversionem
1675 2974 1860 3017 hortatus,
