1997 3361
125 142 177 182 iv.
199 144 296 194 4—6.
488 144 560 185 IN
607 144 1021 185 ZACIIARIAM.
1082 145 1233 185 TUM.
1280 144 1340 185 ΙΙ.
1622 145 1705 183 333

125 249 195 300 ὅτι
234 252 288 301 οὐ
326 254 496 316 συνῆκε
533 256 781 320 μονονουχὶ
820 252 1164 316 κατατεθηπώς,
1191 257 1226 304 εὶ
1259 253 1323 316 μὴ
1358 254 1545 316 ἀληθῶς
1571 251 1706 315 εἰδείη

125 335 330 401 διερωτᾷ·
372 340 452 384 τοῦ
495 334 541 385 δὲ
580 335 829 402 διαρρήδην
864 335 1225 400 ὡμολογηκότος
1262 336 1347 399 τὴν
1386 332 1592 398 ἄγνοιαν,
1631 335 1705 382 καὶ

124 413 177 465 τὸ
217 415 454 478 δυσμαθές
492 418 574 467 οὐκ
609 418 961 485 αἰσχυνομένου,
989 418 1334 468 καταλευκαίνει
1365 414 1533 467 λοιπὸν
1567 414 1620 465 τὸ
1657 416 1705 464 ἐκ

124 499 205 559 τῆς
243 496 451 563 ὁράσεως
490 499 695 564 α’ίνιγμα,
735 502 808 550 καὶ
849 500 946 550 οἷον
988 502 1049 554 ὡς
1084 501 1140 569 ἐξ
1176 500 1348 553 εἰκόνος
1385 501 1622 566 ἐμφανοῦς
1656 519 1705 547 τε

84 580 198 635 5καῖ
238 579 470 645 ὁρωμένης
507 581 589 632 τὸν
623 584 671 632 ἐν
710 583 825 650 αὐτῇ
867 582 1137 646 λεληθότως
1174 582 1435 648 ἐγκείμενον
1471 579 1750 647 ε’ρμηνεύειῙ»

124 660 323 712 σκοπόν.
393 662 508 719 οὗτος
543 662 634 730 γάρ
677 668 827 732 φησιν
867 671 884 716 ὁ
929 666 1064 730 λόγος
1114 667 1259 734 Κυρίου
1301 664 1405 734 προς
1442 663 1704 731 Ζοροβάβελ

122 746 267 813 λέγων
293 751 392 798 Οὐκ
428 749 465 799 ἐν
501 745 677 817 θυνοίμει
712 750 896 825 μεγάλῃ
931 747 1020 799 οὐδὲ
1053 751 1089 800 ἐν
1127 748 1254 811 ἰσχύϊ
1281 752 1389 799 ἀλλ’
1421 749 1456 798 ἐν
1486 748 1709 815 Πνεῦμοιτί

123 855 222 897 μου,
257 830 381 897 λέγει
424 832 572 900 Κύριος
607 834 931 903 παντοκράτωρ.
994 832 1154 895 ὅμοιον
1186 834 1247 886 ὡς
1281 837 1316 883 εἱ
1351 831 1483 897 λέγοι
1511 830 1653 898 τυχὸν
1681 833 1705 881 ὁ

123 915 206 976 τῆς
241 913 450 980 ὁράσεως
477 921 582 968 νοῦς
609 918 683 965 καὶ
711 916 735 965 ὁ
761 919 855 965 τῶν
880 915 1285 981 παραδειχθέντων
1310 912 1489 967 σκόπος
1519 917 1706 964 Μονον-

59 1016 105 1042 10
125 1000 226 1063 ουχὶ
253 996 523 1062 διακέκραγε
557 997 615 1048 τὰ
646 997 775 1062 παρὰ
802 1002 925 1048 Θεοῦ
959 996 1078 1062 πρὸς
1106 995 1388 1062 Ζοροβάβελ
1429 998 1503 1046 καὶ
1544 995 1706 1063 φωνὴν

124 1077 247 1128 ἱέντα
274 1081 436 1147 φησὶν,
465 1079 535 1129 ὅτι
567 1085 714 1130 ταῦτα
746 1078 901 1130 πάντα
940 1078 999 1130 τὰ
1039 1079 1249 1145 ὁρώμενα
1287 1077 1403 1145 πρὸς
1434 1078 1578 1143 πέρας
1605 1078 1705 1146 ἥξει

123 1159 242 1211 κατὰ
269 1160 464 1226 καιροὺς,
492 1162 573 1212 οὐκ
600 1162 862 1230 ἀνθρωπεία
889 1159 1067 1229 δυνάμει
1094 1161 1455 1226 κατορθούμενα,
1484 1161 1584 1210 οὔτε
1611 1159 1704 1224 μὴν

122 1243 159 1293 ἐν
192 1242 320 1305 ἰσχύϊ
349 1248 564 1312 σαρκικῇ,
592 1245 700 1294 ἀλλ’
730 1246 790 1297 ὡς
830 1245 877 1294 ἐν
916 1243 1101 1306 δυνάμει
1132 1243 1388 1310 Πνεόμοιτος
1409 1244 1596 1307 Ἀγίου,
1628 1244 1702 1292 καὶ

123 1326 184 1378 ὡς
223 1326 272 1375 ἐκ
310 1326 442 1376 θείων
479 1325 807 1390 διανευμάτων.
873 1325 1036 1392 γέγονε
1067 1325 1153 1389 μὲν
1186 1325 1279 1391 γὰρ
1318 1322 1564 1390 ἅνθρωπος
1591 1323 1700 1374 καθ’

56 1428 103 1465 15
122 1406 242 1471 ἡμᾶς
292 1409 316 1458 ὁ
364 1407 653 1473 Μονογενής·
713 1407 841 1472 πλὴν
888 1409 941 1459 οὐ
989 1407 1285 1472 πεπολέμηκε
1335 1411 1583 1473 σαρκικῶς,
1627 1407 1703 1457 ἵνα

123 1488 334 1556 καθάπερ
359 1490 462 1542 τινὰ
487 1492 685 1558 λυχνίαν
711 1489 964 1559 ἀναστήσῃ
989 1494 1054 1560 τῷ
1079 1489 1246 1559 κόσμῳ
1280 1488 1365 1553 τὴν
1390 1490 1699 1553 Ἐκκλησίαν·

122 1572 209 1638 οὐχ
249 1571 378 1623 ὅπλα
414 1571 610 1636 κινήσας
653 1572 859 1638 αἰσθητὰ
898 1575 973 1624 καὶ
1018 1572 1237 1640 μαχίμων
1276 1572 1549 1640 φάλαγγας,
1584 1595 1705 1637 παρ-

121 1652 324 1718 ἔστησεν
349 1655 496 1724 ἑαυτῷ
520 1653 627 1709 τοὺς
662 1655 743 1706 δύο
773 1654 935 1717 λαοὺς,
965 1654 994 1720 ἢ
1021 1653 1128 1709 τοὺς
1153 1654 1355 1722 λύχνους
1381 1653 1487 1706 τοὺς
1515 1653 1705 1718 νοητοὺς

123 1736 314 1800 ἐπέθηκε
340 1738 398 1805 τῇ
425 1737 606 1807 λυχνίᾳ,
634 1737 744 1788 ἀλλ’
772 1739 820 1788 ἐν
856 1737 989 1804 ἰσχύϊ
1018 1737 1276 1805 Πνεύμοιτος
1302 1742 1384 1787 τοῦ
1415 1737 1529 1787 ἰδίου
1561 1759 1704 1803 κεχει-

54 1843 105 1868 20
122 1817 370 1884 ροτόνηκεν
395 1821 443 1870 ἐν
462 1824 561 1873 ταῖς
587 1821 857 1884 ἐκκλησίαις
874 1827 901 1848 “
920 1824 1109 1886 πρῶτον
1124 1817 1471 1881 Ἀποστόλους,
1491 1817 1704 1884 δεύτερον

125 1908 151 1930 “
175 1900 424 1970 προφήτας
462 1903 538 1952 καὶ
572 1900 953 1967 εὐαγγελιστάς,”
977 1903 1052 1952 καὶ
1083 1900 1168 1965 τὴν
1205 1901 1364 1965 ἄλλην
1391 1899 1585 1952 ἅπασαν
1610 1905 1705 1951 τῶν

123 1983 270 2049 ἁγίων
307 1983 546 2049 ὁμήγυριν,
572 1984 708 2037 θείοις
746 1982 912 2037 αὐτοὺς
949 1985 1245 2051 χαρίσμασιν
1283 1981 1602 2045 ἀναπιμπλὰς,
1629 1984 1704 2033 καὶ

122 2069 181 2132 τῇ
230 2071 312 2116 τοῦ
360 2066 634 2129 Πνεύματος
673 2065 809 2134 χύσει
854 2068 1168 2117 καταπιαίνων
1210 2066 1471 2118 πλουσίως.
1539 2065 1705 2115 οὐκοῦν

125 2150 201 2198 οὐκ
237 2148 273 2199 ἐν
315 2145 491 2215 δυνάμει
530 2147 729 2220 μεγάλῃ,
769 2146 872 2198 οὐδὲ
907 2147 944 2198 ἐν
987 2147 1115 2210 ἰσχύϊ
1146 2151 1203 2214 τῇ
1242 2148 1444 2214 σαρκικῇ
1480 2145 1539 2197 τὰ
1576 2145 1749 2213 παρὰιΙ

55 2247 103 2285 25
124 2233 352 2295 Χριστοῦ,
389 2230 497 2279 ἀλλ’
532 2231 592 2282 ὡς
633 2230 670 2280 ἐν
707 2228 895 2292 δυνάμει
944 2229 1201 2297 Πνεῦματος
1240 2229 1517 2279 ἐσκυλεύετο
1555 2227 1640 2292 μὲν
1679 2230 1704 2279 ὁ

123 2316 346 2373 σατανᾶς,
390 2311 585 2363 ἔπιπτον
633 2310 680 2362 δὲ
725 2310 816 2362 σὺν
857 2311 982 2380 αὐτῷ
1023 2312 1098 2361 καὶ
1142 2310 1201 2361 τὰ
1241 2315 1336 2362 τῶν
1380 2310 1704 2373 ἀντικειμένων

123 2392 362 2456 δυνάμεων
398 2393 564 2461 στίφη,
608 2395 861 2444 ἐκαλοῦντο
902 2391 1020 2459 πρὸς
1066 2393 1357 2458 θεογνωσίαν
1395 2391 1470 2442 διὰ
1507 2395 1589 2456 τῆς
1627 2393 1703 2443 πί-

123 2498 286 2538 στεως,
314 2475 361 2527 οἵ
394 2498 444 2526 τε
482 2475 539 2544 ἐξ
560 2474 762 2542 Ἰσραὴλ
799 2476 874 2526 καὶ
910 2478 952 2525 οἱ
988 2475 1139 2525 πάλαι
1177 2478 1234 2542 τῇ
1265 2474 1416 2526 κτίσει
1453 2473 1582 2540 παρὰ
1620 2472 1702 2524 τὸν

123 2558 320 2622 κτίστην
344 2558 719 2624 λελατρευκότες.

174 2722 204 2746 Ι.
230 2711 463 2755 κατατεθηπὼς
481 2710 520 2745 C.
540 2710 745 2755 κατατέθηπέ
762 2726 833 2747 πως
850 2711 904 2745 καὶ
922 2710 1014 2745 Edd.
1247 2724 1278 2754 5.
1304 2710 1474 2755 ἑρμηνεύει
1494 2711 1534 2745 C.
1553 2711 1701 2755 διερμην.

125 2758 217 2793 Edd.
337 2767 368 2802 7.
390 2758 507 2792 Habet
523 2757 600 2792 ἀλλ’
621 2758 662 2793 C.
804 2759 906 2792 8-11.
928 2757 1023 2792 Haec
1041 2760 1059 2792 ὁ
1077 2759 1292 2803 τῆς-φησὶν
1308 2764 1528 2793 accesserunt
1546 2769 1587 2791 ex
1607 2757 1700 2791 C.D.

128 2816 181 2839 ΙΙ.
207 2805 296 2838 leura
321 2804 425 2838 edldi.
449 2805 538 2838 ἷέντα
559 2804 600 2839 C.
606 2805 652 2838 D.
716 2807 820 2839 ταῦτα
844 2806 951 2840 πάντα
977 2804 1043 2839 hoc
1068 2805 1189 2838 ordine
1209 2805 1286 2839 C.b.
1345 2806 1428 2848 πρὸς
1447 2804 1526 2839 C.b.
1545 2804 1589 2839 εἷς
1609 2804 1702 2838 Edd.

128 2862 181 2895 13.
201 2851 244 2887 ὡς
261 2857 483 2895 assumptum
501 2864 542 2885 ex
561 2851 602 2886 C.
616 2852 734 2886 deest'
727 2864 763 2886 m
781 2852 816 2886 b.
916 2863 968 2895 19.
987 2854 1045 2885 τοῦ
1064 2851 1149 2886 ἰδίου
1165 2852 1206 2886 C.
1225 2852 1322 2897 ἁγίου
1341 2851 1432 2885 Edd.
1530 2861 1585 2885 22.
1603 2851 1704 2886 θείοις

123 2898 156 2932 ἀ.
174 2898 386 2942 χαρίσμασιν
404 2898 445 2932 C.
463 2898 596 2932 θείων’
577 2914 609 2933 α.
626 2899 846 2950 χαρισμάτων
865 2897 958 2932 Edd.
1224 2910 1278 2941 24.
1304 2899 1345 2932 τὰ
1363 2904 1584 2943 assumptum
1602 2910 1643 2932 ex
1663 2897 1703 2932 C.

127 2954 180 2990 27.
207 2945 259 2978 καὶ
277 2945 458 2979 ἐκαλοῦντο
477 2945 568 2979 Edd.
588 2946 706 2979 lnvitls
727 2945 768 2979 B.
774 2945 814 2979 C.

1769 1830 1781 1852 1
1803 1822 1875 1852 Cor.

1764 1866 1820 1897 xii.
1842 1866 1893 1898 28.

1765 2489 1862 2520 Rom.
1882 2489 1902 2520 i.
