2007 3387
290 162 379 204 334
694 168 744 209 B.
788 167 1063 208 CYRILLI
1104 168 1483 210 ALEXANDR.
1749 167 1804 207 ἦν·
1829 177 1866 218 7·

364 273 710 326 Ἀνεδείκνυντο
744 274 792 326 δὲ
830 278 905 326 καὶ
944 278 992 326 ἐν
1026 281 1125 330 ταῖς
1162 277 1432 340 ἐκκλησίαις
1458 279 1499 326 οἱ
1531 275 1709 342 λύχνοι,
1735 296 1869 325 τουτ-

289 354 421 406 έστιν
471 359 513 406 οἱ
564 354 700 422 ἅγιοι,
752 357 1163 422 συνεκλάμποντες
1213 362 1281 429 τῷ
1330 358 1597 427 λαμπαδίῳ,
1649 358 1771 426 φημὶ
1812 355 1869 420 δὴ

289 441 500 507 Χριστῷ.
576 438 805 504 γεγόνασι
854 439 961 506 γὰρ,
1011 443 1073 495 ὡς
1124 446 1240 507 γοῦν
1291 442 1316 492 ὁ
1367 440 1648 509 σοφώτατος
1698 438 1870 507 γράφει

68 532 203 616 ffugi.
251 550 271 576 ρ
293 524 486 574 Παῦλος
514 528 540 550 “
560 525 811 589 φωστῆρες
845 524 894 573 ἐν
927 523 1108 593 κόσμῳ,
1135 524 1283 590 λόγον
1322 523 1438 590 ζωῆς
1469 522 1752 590 ἐπε’χοντες.”
1800 520 1870 571 ὅτι

288 683 543 747 δυνάμεσιν
578 688 638 740 ὡς
675 687 796 741 Θεὸς
830 689 854 738 ὁ
884 688 1206 752 Ἐμμανουὴλ,
1239 688 1573 754 διεμαρτύρατο
1612 686 1765 752 λέγων
1796 687 1872 736 καὶ

68 773 150 804 Hos.
168 773 188 804 i.
289 765 363 817 διὰ
405 771 566 835 φωνῆς
604 769 767 832 Ὠσηέ.
833 771 925 838 ἔχει
970 770 1063 837 γὰρ
1101 773 1222 822 οὕτω
1263 780 1289 801 “
1309 775 1352 823 Τ
1356 770 1434 825 οῦς
1474 770 1522 821 δὲ
1562 767 1683 823 υἱοὺς
1717 769 1872 819 Ἰούδα

289 856 316 878 “
342 849 539 914 ἐλεήσω,
579 852 655 902 καὶ
689 852 840 903 σώσω
875 853 1040 907 αὐτοὺς
1078 855 1126 904 ἐν
1161 855 1320 924 Κυρίῳ
1359 857 1468 923 Θεῷ
1511 854 1676 914 αὐτῶν,
1709 852 1784 902 καὶ
1818 852 1872 902 οὐ

289 939 315 961 “
340 932 490 983 σώσω
521 932 687 988 αὐτοὺς
723 936 772 985 ἐν
805 935 944 1006 τόξῳ,
973 938 1074 988 οὔτε
1113 938 1160 987 ἐν
1198 937 1424 1006 ῥομφαίᾳ,
1449 937 1552 987 οὕτε
1585 937 1634 985 ἐν
1663 934 1872 1003 πολέμῳ,

288 1021 315 1043 “
339 1015 444 1065 οὕτε
469 1016 518 1066 ἐν
545 1015 766 1082 ἅρμασιν,
792 1019 895 1068 οὔτε
931 1020 979 1069 ἐν
1013 1019 1185 1081 ἵπποις,
1212 1021 1314 1070 οὔτε
1341 1021 1388 1070 ἐν
1415 1017 1683 1070 ἱππεῦσιν.”
1748 1017 1796 1067 εὖ
1823 1014 1871 1067 δὲ

288 1096 345 1161 δὴ
372 1097 566 1166 σφόδρα
597 1099 715 1164 πρὸς
744 1100 1028 1166 Ζοροβάβελ
1065 1103 1089 1152 ὁ
1126 1102 1271 1168 λόγος
1309 1101 1379 1166 ἧν,
1404 1100 1487 1153 τὸν
1524 1102 1574 1151 ἐκ
1611 1103 1694 1164 τῆς
1718 1097 1874 1150 Ἰούδα

67 1200 154 1234 686
174 1199 225 1234 A.
250 1183 459 1248 ηφυλῆς,
486 1181 705 1232 διέποντα
737 1206 785 1233 τε
821 1182 875 1233 τὸ
910 1184 1123 1248 τηνικάδε
1157 1184 1263 1239 τοῦς
1301 1187 1384 1249 τῆς
1421 1183 1670 1243 βασιλείας
1697 1181 1873 1234 θώκους

288 1264 336 1313 ἐν
362 1263 693 1329 Ἰερουσαλήμ.
759 1265 834 1315 ἵνα
870 1264 962 1331 γὰρ
991 1265 1071 1330 μὴ,
1097 1271 1191 1317 τῶν
1218 1268 1338 1317 οὕτω
1373 1270 1607 1333 λαμπρῶν
1633 1266 1708 1315 καὶ
1740 1264 1873 1333 ἀξια-

287 1343 484 1410 γάστων
530 1347 907 1413 κατορθωμάτων
952 1350 1075 1417 αὐτῷ
1116 1349 1596 1415 προαπηγγελμένων,
1639 1346 1873 1410 πολέμους

288 1426 430 1478 οἴοιτο
456 1429 530 1478 καὶ
562 1429 718 1496 μάχας
743 1430 1222 1497 συγκροτηθήσεσθαι
1253 1431 1372 1482 κατὰ
1403 1429 1600 1497 καιροὺς,
1627 1429 1874 1498 ἐξίστησιν

288 1510 549 1576 ἀναγκαίως
577 1510 718 1562 αὐτὸν
741 1517 835 1563 τῶν
862 1514 982 1564 οὕτω
1008 1518 1203 1579 σαθρῶν
1235 1516 1310 1564 καὶ
1341 1513 1647 1579 ἀνθρωπίνων
1673 1514 1872 1575 ἐννοιῶν,

290 1594 548 1644 διακεῖσθαι
575 1593 622 1644 δὲ
648 1599 837 1657 μᾶλλον
858 1595 1193 1663 προστεταχεν,
1218 1596 1288 1647 ὅτι
1315 1594 1574 1661 θεοπρεπὴς
1601 1595 1628 1658 ἡ
1657 1594 1873 1660 ἐνέργεια,

290 1676 365 1725 καὶ
399 1675 426 1739 ἡ
463 1672 646 1743 δύναμις
681 1678 763 1728 οὐκ
800 1679 1068 1742 ἀνθρωπίνη
1108 1684 1191 1729 τοῦ
1226 1679 1600 1744 διαπεραίνοντος
1631 1676 1690 1727 τὰ
1720 1676 1874 1727 τοιάδε

246 1760 520 1823 ὺΧριστοῦ.
584 1758 857 1824 μεμνήμεθα
892 1759 939 1810 δὲ
979 1759 1048 1811 ὅτι
1088 1763 1163 1811 καὶ
1202 1760 1343 1811 αὑτὸν
1373 1759 1456 1811 τὸν
1489 1759 1784 1825 Ζοροβάβελ,
1812 1762 1875 1814 ὡς

69 1850 204 1925 ἓυξὲτά
291 1840 340 1890 ἐκ
391 1843 547 1908 φυλῆς
590 1841 743 1893 Ἰούδα
794 1844 869 1893 καὶ
920 1843 1141 1905 βασιλέα,
1185 1845 1492 1910 παραδηλοῦν
1531 1843 1754 1907 ἐλέγομεν
1799 1843 1872 1910 ἐφ’

92 1903 110 1934 3
164 1920 171 1926 ⁰
208 1919 215 1925 ²
292 1923 440 1992 ἑαυτῷ
472 1922 554 1973 τὸν
581 1922 813 1989 Χριστὸν,
844 1925 1143 1989 συνημμένου
1169 1929 1244 1976 καὶ
1271 1926 1434 1989 Ἰησοῦ
1456 1931 1539 1976 τοῦ
1561 1924 1791 1987 Ἰωσεδὲκ,
1817 1925 1872 1975 ἵν’

291 2007 340 2056 ἐν
375 2009 442 2075 τῷ
477 2007 602 2076 αὐτῷ
641 2012 793 2059 νοοῖτο
830 2007 1060 2069 βασιλεύς
1094 2030 1143 2060 τε
1180 2008 1277 2073 ἅμα
1316 2011 1389 2059 καὶ
1428 2006 1665 2076 ἀρχιερεὺς
1702 2008 1727 2058 ὁ
1759 2008 1876 2071 Ἐμ-

291 2088 524 2153 μανουήλ.

254 2315 370 2361 7'1'1'c
404 2313 442 2358 εἷ
479 2318 540 2368 σὺ,
581 2319 628 2361 τὸ
666 2320 767 2376 ὄρος
803 2321 851 2362 τὸ
885 2321 1004 2372 μέτα,
1041 2321 1089 2362 τὸ
1127 2321 1210 2377 Πρὸ
1247 2319 1482 2377 Προσώπου
1519 2320 1762 2377 Ζοροβάβελ
1801 2323 1874 2361 τοῦ

363 2405 664 2461 κατορθῶσαι;
704 2405 772 2446 καὶ
808 2406 966 2449 ἐξοίσω
1004 2407 1075 2450 τὸν
1113 2406 1229 2448 λίθον
1262 2409 1339 2448 ffic
1374 2406 1674 2464 κλΗρονομίαε,
1701 2405 1875 2449 ἰσότΗτα

361 2488 533 2544 χάριτος
567 2489 717 2546 χάριτα
750 2489 897 2531 αὐτῆς.

370 2614 673 2683 Δυσέφικτον
713 2615 798 2681 μὲν
842 2619 1008 2685 κομιδῇ
1056 2615 1110 2667 τὸ
1153 2616 1471 2682 προκείμενον·
1517 2615 1648 2680 πλὴν
1687 2615 1878 2681 ἐροῦμεν

343 2807 375 2836 4.
401 2794 578 2841 ἐπέχοντες
597 2797 680 2841 ζωῆς
698 2798 837 2832 inverso
852 2797 974 2832 ordine
993 2798 1034 2833 C.
1278 2808 1331 2832 10.
1358 2798 1677 2831 οὕτε-οὕτε-οὕτε
1696 2795 1736 2830 C.
1756 2797 1877 2831 οὐδὲ-

297 2840 496 2876 οὑδὲ-οὐδὲ
516 2843 607 2878 Edd.
864 2858 876 2878 1
888 2857 916 2879 1.
943 2845 978 2879 ἐκ
995 2847 1054 2888 τῆς
1072 2845 1112 2879 C.
1130 2844 1168 2889 ἐξ
1186 2844 1277 2879 Edd.
1522 2855 1573 2877 12.
1598 2858 1634 2876 τε
1652 2847 1876 2888 assumptum

298 2898 338 2919 ex
358 2887 398 2922 C.
446 2890 596 2932 τηνικάδε
618 2890 658 2924 C.
675 2894 851 2934 τηνικαῦτα
870 2892 961 2926 Edd.
1011 2893 1132 2928 θάκους
1149 2891 1252 2925 hodie
1266 2891 1307 2925 C.
1323 2890 1382 2925 sed
1401 2903 1441 2924 ex
1460 2901 1548 2924 corr.
1563 2890 1690 2926 θώκους
1706 2890 1811 2924 habet
1829 2891 1875 2924 D.

301 2944 353 2975 13.
376 2933 600 2979 Ἵερουσιιλὴμ
621 2937 665 2970 D.
687 2937 777 2972 Edd.
797 2938 937 2983 Ἰσραήλ
957 2938 997 2972 C.
1166 2949 1220 2973 21.
1246 2938 1299 2971 καὶ
1318 2938 1358 2971 C.
1378 2938 1415 2971 δέ
1433 2938 1486 2971 καὶ
1506 2937 1597 2970 Edd.
1749 2948 1803 2971 22.
1828 2938 1874 2984 τῷ

297 2980 385 3025 αὐτῷ
405 2981 446 3015 C.
465 2983 573 3028 ταύτῷ
594 2983 684 3017 Edd.
876 2996 930 3027 24.
956 2986 996 3019 Τι’
1015 2986 1050 3019 F.
1242 2996 1297 3026 25.
1324 2984 1454 3027 ι’σότητι
1476 2984 1511 3017 F.
1532 2983 1622 3018 Edd.

289 602 337 652 δὲ
362 603 443 652 οὐκ
469 605 734 674 ἀνθρωπεία
768 607 883 672 χειρὶ
918 606 1104 657 σέσωκε
1139 606 1224 671 τὴν
1258 607 1333 658 ὑπ’
1363 604 1573 672 οὐρανὸν,
1600 605 1708 655 ἀλλ’
1739 604 1870 656 ἰδίαις
1891 619 1914 657 5

1897 1031 1944 1055 10

1896 1865 1945 1890 20
