1997 3361
88 173 110 213 i.
139 188 197 226 ¹4-
546 181 617 221 IN
661 183 922 224 NAHUM.
985 186 1134 225 TOM.
1175 186 1204 225 1.
1608 186 1661 224 :353

85 280 143 331 ἂν
168 285 242 334 καὶ
269 285 400 339 οὗτος
431 288 593 353 ὀρθῶς.
648 293 842 343 ἐποιεῖτο
881 293 972 359 γὰρ
1011 296 1059 345 ἐν
1085 294 1239 364 ἐρήμῳ
1279 294 1361 348 τὰς
1401 292 1658 359 διατριβὰς,

84 366 159 414 καὶ
197 365 295 416 οἷον
325 370 373 418 ἐν
397 369 527 434 ὄρεσι
559 375 871 439 διακεκραγὼς
910 376 1230 442 εὐηγγελίζετο
1268 376 1353 440 τὴν
1377 380 1528 446 εἰρήνην,
1556 398 1660 425 Του-

83 446 214 498 τε’στι
242 451 470 515 Χριστόν.
538 456 695 519 ὡραῖοι
746 455 801 520 δὴ
854 458 935 508 οῦν
981 466 1014 509 οἱ
1064 457 1195 514 πάθες
1245 461 1320 510 καὶ
1369 462 1528 521 ταχεῖς
1578 463 1660 508 τοῦ
1679 480 1701 502 ει
1727 470 1815 503 494
1833 469 1882 502 A·

83 530 305 594 λε’γοντος
333 539 359 561 “
379 534 692 597 Ἑτοιμάσατε
719 537 803 601 τὴν
829 538 937 590 ὁδὸν
964 541 1152 606 Κυρίου,
1179 541 1352 594 εὐθείας
1381 546 1549 591 ποιεῖτε
1577 539 1660 593 τὰς
1727 554 1833 585 ΕΗ-κί.
1853 563 1881 592 3·

43 628 65 665 5
84 618 110 640 ‘⁶
136 612 322 678 τρίβους
349 621 431 666 τοῦ
460 620 584 668 Θεοῦ
608 619 783 682 ἡμῶν.”

79 848 284 907 Ἐόρταςε
310 852 452 894 Ἰούδα
486 854 562 895 τὰς
589 856 739 912 ἑορτάς
775 873 862 907 σου,
890 858 1051 898 ἀπόδος
1088 859 1162 899 τὰς
1196 860 1321 915 εὐχάς
1356 876 1443 910 σου,
1471 859 1576 901 bion
1612 861 1659 899 οὐ

149 933 205 981 μὴ
233 936 476 991 Προσθὼσιν
502 939 563 979 ἔτι
589 944 662 979 τοῦ
691 937 873 980 διελθεῖν
901 938 961 981 εἷς
988 941 1245 983 Παλαίωοιν.

159 1060 548 1128 Προστεταχότος
586 1069 668 1114 τοῦ
707 1063 868 1128 νόμου,
904 1065 968 1129 μὴ
1009 1069 1102 1117 δεῖν
1134 1067 1224 1136 ἔξω
1263 1068 1387 1119 θύειν
1419 1071 1501 1132 τῆς
1540 1072 1660 1134 ἱερᾶς

82 1163 131 1191 τε
166 1144 241 1192 καὶ
279 1144 403 1196 θείας
433 1145 592 1209 αὐλῆς,
628 1147 739 1196 ἀλλ’
778 1151 885 1201 “εἷς
923 1147 1005 1198 τὸν
1043 1148 1200 1213 τόπον,
1236 1150 1289 1201 ὃν
1327 1149 1384 1201 ἂν
1414 1151 1659 1220 ἐκλέξηται
1724 1154 1825 1227 ΠΞἛ

18 1230 111 1266 10“
141 1224 311 1290 Κύριος
354 1227 378 1276 ὁ
422 1226 542 1281 Θεός
590 1251 681 1279 σου
724 1231 1029 1294 ἐπικληθῆναι
1079 1231 1134 1282 τὸ
1181 1231 1328 1296 ὄνομα
1378 1234 1563 1295 αὐτοῦ,”
1612 1235 1660 1284 ἐν

84 1307 337 1375 ἀλλοδαπῇ
375 1310 619 1374 γεγονότες
650 1315 691 1361 οἱ
722 1312 779 1381 ἐξ
800 1311 1015 1379 Ἰσραὴλ,
1041 1316 1117 1365 καὶ
1148 1313 1233 1378 τὴν
1262 1319 1466 1382 Περσῶν
1498 1339 1547 1366 τε
1585 1318 1660 1366 καὶ
1681 1320 1706 1358 b

86 1388 270 1453 Μήδων
315 1391 474 1458 χώραν
518 1396 762 1456 οἰκοῦντες,
810 1395 1043 1461 ἅπρακτοί
1086 1420 1177 1448 που
1221 1396 1407 1451 πάντως
1455 1399 1559 1464 περὶ
1603 1397 1662 1449 τά

84 1475 232 1539 σφισι
277 1475 585 1538 νενομισμένα
629 1479 703 1526 καὶ
742 1477 1037 1543 ἀνενέργητοι
1082 1479 1343 1542 διετέλουν,
1388 1481 1441 1530 οῦ
1482 1479 1567 1534 τὰς
1609 1480 1666 1549 ἐξ

84 1552 214 1607 ε”θους
245 1561 534 1621 πληροῦντες
565 1557 729 1628 ἑορτὰς,
758 1561 810 1610 οὐ
837 1561 1004 1614 θυσίας
1030 1561 1367 1626 προσάγοντες,
1394 1563 1476 1613 οὐκ
1511 1564 1662 1628 ἀπαρ-

19 1649 65 1686 15
86 1634 186 1702 χάς,
215 1638 268 1688 οὐ
295 1639 578 1706 χαριστήρια
603 1641 721 1692 κατὰ
745 1641 828 1693 τὸν
854 1643 1010 1707 νόμον,
1038 1645 1091 1694 οὐ
1117 1643 1199 1695 τὸν
1223 1643 1372 1707 ἀμνὸν
1400 1644 1663 1714 σφάζοντες

85 1718 133 1767 ἐν
158 1721 267 1783 μηνὶ
292 1724 358 1789 τῷ
382 1720 480 1790 νέῳ·
519 1722 642 1790 τάχα
671 1747 762 1774 που
796 1726 871 1775 καὶ
903 1724 1021 1791 πρὸς
1056 1725 1202 1789 μόνας
1240 1728 1480 1781 ὀκνοῦντες
1519 1729 1658 1797 δοξο-

84 1802 265 1866 λογιάς.
319 1804 393 1853 καὶ
420 1803 557 1855 τοῦτό
581 1809 735 1873 φαμεν
760 1812 842 1857 τοῦ
868 1809 1125 1859 θεσπεσίου
1149 1812 1323 1860 Δαυεὶδ
1348 1812 1410 1863 ὡς
1435 1812 1484 1861 ἐκ
1509 1834 1663 1877 προσ-

86 1881 215 1934 ώπου
252 1884 475 1950 λε’γοντος
507 1892 590 1937 τοῦ
627 1889 675 1938 ἐν
699 1892 954 1950 Βαβυλῶνι
993 1896 1112 1941 λαοῦ
1147 1898 1174 1919 “
1198 1893 1311 1942 Ἐπὶ
1340 1890 1422 1943 τὸν
1449 1892 1662 1956 ποταμὸν
1724 1909 1777 1939 Ps.

86 1970 113 1992 “
140 1967 427 2026 Βαβυλῶνος
466 1969 560 2019 ἐκεῖ
591 1971 875 2034 ἐκαθίσαμεν
900 1975 975 2022 καὶ
1015 1972 1326 2037 ἐκλαύσαμεν,
1353 1976 1402 2025 ἐν
1435 1978 1501 2044 τῷ
1537 1998 1657 2040 μνη·
1680 1997 1701 2022 e
1727 1979 1752 2032 ι’,
1769 2005 1797 2027 2.

17 2065 67 2089 20
87 2052 113 2075 ‘⁶
139 2049 312 2111 σθῆναι
355 2049 474 2112 ἡμᾶς
511 2054 593 2114 τῆς
634 2052 772 2104 Σιών.
839 2055 912 2105 ἐπὶ
957 2059 1056 2108 ταῖς
1096 2054 1231 2109 ὶτεάις
1264 2058 1312 2107 ἐν
1349 2055 1482 2126 μέσῳ
1520 2057 1661 2120 αὐτῆς

86 2135 114 2156 “
140 2129 463 2194 ἐκρεμάσαμεν
505 2131 565 2183 τὰ
614 2132 792 2200 ὄργανα
843 2137 1015 2199 ἡμῶν.”
1081 2139 1156 2188 καὶ
1204 2137 1323 2204 πρὸς
1367 2138 1546 2191 τούτοις
1596 2137 1662 2188 ἔτι

86 2216 114 2239 “
143 2214 255 2265 Πῶς
294 2210 474 2281 ᾄσομεν
505 2214 591 2277 τὴν
616 2215 740 2284 ᾠδὴν
769 2220 945 2284 Κυρίου
979 2221 1052 2270 ἐπὶ
1090 2222 1178 2285 γῆς
1215 2221 1470 2286 ἀλλοτρίας
1492 2220 1534 2281 ;”
1570 2219 1660 2288 ἔξω
1724 2238 1773 2268 Ib-
1789 2245 1819 2276 4·

86 2292 192 2359 γὰρ,
232 2296 294 2348 ὡς
331 2294 462 2363 ἔφην,
501 2299 582 2360 τῆς
623 2298 757 2362 ἁγίας
795 2303 883 2365 γῆς
923 2301 1174 2367 γεγονόσιν
1213 2303 1381 2364 αὐτοῖς,
1420 2301 1509 2370 ἔξω
1549 2309 1661 2353 ναοῦ

87 2377 163 2426 καὶ
200 2380 393 2440 σκηνῆς,
422 2380 496 2429 καὶ
534 2377 616 2429 τὸν
649 2379 770 2445 ἱερὸν
800 2383 881 2432 οὐκ
919 2383 1080 2450 ἔχουσι
1118 2388 1289 2450 χῶρον,
1317 2386 1567 2449 ἀπρακτεῖν
1603 2382 1662 2447 ἧν

20 2478 68 2516 25
88 2457 267 2524 ἀνάγκη
292 2461 395 2526 περὶ
431 2459 489 2511 τὰ
523 2462 570 2511 ἐκ
598 2460 756 2525 νόμου.
814 2463 967 2527 ἐπειδὴ
995 2464 1042 2515 δὲ
1069 2466 1308 2532 ἀνεδείχθη
1335 2464 1502 2517 λοιπὸν
1529 2467 1553 2516 ὁ
1579 2472 1662 2517 τοῦ

137 2622 168 2646 1.
195 2611 293 2646 Haec
310 2613 363 2647 καὶ
380 2613 476 2649 οὗτος
493 2621 712 2649 accesserunt
728 2627 768 2649 ex
788 2616 830 2650 Β.
1031 2630 1063 2661 4.
1089 2619 1214 2663 Κυρίου
1232 2619 1309 2653 ὁδὸν
1326 2619 1463 2653 inverso
1481 2619 1601 2654 ordine
1616 2621 1662 2656 D.

87 2666 121 2703 5.
147 2661 207 2692 τοῦ
225 2661 313 2693 Θεοῦ
330 2659 421 2703 ἡμῶν
439 2661 485 2695 D.
504 2661 606 2695 αὐτοῦ
624 2662 715 2696 Edd.
735 2663 846 2708 (309.)
988 2673 1020 2709 7.
1045 2665 1247 2709 προσθῶσιν
1265 2665 1358 2699 B.D.
1378 2666 1497 2710 (Alex.
1516 2680 1536 2702 Ν
1555 2667 1662 2711 XII.)

88 2705 133 2740 Cf.
150 2705 251 2739 infra.
268 2706 516 2751 προσθήσωσιν
534 2708 626 2742 Edd.
645 2709 766 2753 (Vat.)
814 2709 975 2755 διελθεῖν]
999 2716 1036 2751 —†-
1058 2712 1111 2745 διὰ
1129 2714 1194 2746 σοῦ
1215 2711 1306 2746 Edd.
1318 2712 1413 2755 (Vat.
1432 2714 1467 2756 N)
1484 2714 1554 2747 inv.
1568 2714 1662 2749 B.D.

89 2752 206 2794 (Alex.
225 2752 326 2796 XII.)
500 2766 534 2798 9.
552 2769 588 2788 τε
605 2767 675 2789 om.
695 2755 741 2790 D.
930 2768 983 2791 12.
1008 2758 1175 2793 οἰκοῦντες
1192 2760 1306 2802 χώραν
1323 2759 1459 2793 inverso
1477 2760 1597 2795 ordine
1616 2762 1662 2795 D.

93 2809 146 2842 13.
173 2799 226 2832 καὶ
242 2798 470 2845 ἀνενέργητοι]
491 2801 614 2846 ἀνίεροι
634 2802 679 2836 D.
1043 2815 1095 2845 14.
1122 2808 1294 2840 ποιοῦντες
1310 2817 1373 2849 pro
1389 2807 1596 2851 πληροῦντες
1613 2808 1661 2842 D.

94 2854 146 2888 15.
172 2846 230 2878 τὸν
246 2846 341 2890 prius
359 2859 429 2881 om.
449 2848 494 2882 D.
544 2850 602 2882 τὸν
618 2848 721 2893 ἀμνὸν
739 2855 818 2893 post
835 2848 896 2895 νέῳ
914 2855 1046 2894 transp.
1067 2851 1114 2886 D.
1343 2853 1396 2886 18.
1423 2856 1482 2886 τοῦ
1500 2854 1534 2887 ἐν
1552 2856 1662 2893 Βαβυ-

90 2892 172 2925 λῶνι
188 2894 274 2925 λαοῦ
293 2893 337 2927 D.
358 2893 447 2928 Edd.
467 2898 532 2929 τῶν
550 2896 583 2929 ἐν
602 2901 637 2930 Β.
656 2897 747 2929 λαῶν
766 2896 806 2929 Β.
856 2901 921 2929 τῶν
937 2901 1095 2942 ποταμῶν
1114 2899 1160 2931 D.
1365 2910 1419 2943 23.
1445 2900 1557 2946 ἁγίας]
1578 2902 1663 2937 ἰδίας

89 2938 175 3018 ι’ίγιῖν
192 2938 284 2973 Edd.
495 2952 548 2984 24.
573 2942 606 2976 αἳ
624 2954 686 2987 pro
704 2943 756 2976 καὶ
774 2943 831 2976 alt.
852 2943 897 2976 D.
1117 2954 1171 2989 25.
1197 2946 1316 2980 λοιπὸν
1332 2945 1506 2991 ἀνεδείχθη
1524 2948 1663 2983 inverso

90 2996 144 3018 or(
157 2986 211 3018 ine
231 2985 276 3019 Ι).

149 3055 238 3084 VOL.
264 3057 309 3084 11.
863 3060 885 3085 F
