2049 3366
147 199 257 224 nnus,
687 186 896 224 INDEX
961 186 1201 223 RERUM.
1659 194 1729 226 (561

196 307 342 344 tivitate
364 310 440 345 528
466 320 507 353 a;
539 321 606 356 pro
626 307 781 346 Judaeis
802 308 901 357 prin-

197 373 339 421 cipibus
362 375 438 410 780
458 373 482 409 b
498 386 542 419 03
576 375 647 410 781
673 386 703 410 n.

143 438 290 479 Debita,
313 451 411 474 anno
428 439 587 486 septimo
601 438 755 474 Judacis
776 438 902 475 remit-

197 503 310 540 tenda
331 506 406 539 333
429 516 463 539 a.

143 567 294 608 Decem,
326 580 502 603 numerus
533 568 773 617 perfectionis
803 582 903 617 sym-

195 632 322 667 bolum
346 634 421 668 728
443 633 491 677 b;
523 633 606 668 vide
625 633 771 669 Tribus,

143 696 334 738 Decimae,
375 697 579 732 secundum
629 697 781 745 Legem,
821 697 902 733 Deo

196 761 352 807 dandae,
369 762 477 797 idolis
497 762 699 798 translatae
722 765 798 799 290
821 775 839 797 c
856 762 900 808 d;

195 825 304 862 idolis
354 826 475 867 datae,
524 827 674 862 dantem
722 827 899 874 populum

195 891 431 928 decimabant
470 894 546 928 298
577 905 598 928 a
626 892 673 937 b;
722 905 744 929 a
782 905 901 928 sacer-

194 956 344 992 dotibus
409 956 640 992 Judaeorum
707 957 900 1006 neglectae

194 1022 271 1057 858
295 1033 326 1057 e.

137 1085 394 1127 Declinantes,
416 1098 437 1122 a
462 1086 556 1127 Deo,
579 1086 810 1123 devoventur
833 1100 898 1124 ex-

192 1150 258 1186 itio
281 1153 358 1187 582
380 1163 401 1186 a
415 1163 448 1186 e.

138 1215 258 1264 Dejici
278 1215 389 1251 nimis
409 1228 484 1251 non
510 1221 668 1263 oportet,
690 1215 792 1263 quasi
812 1229 898 1252 nos-

193 1286 293 1316 trum
315 1293 507 1317 servorum
529 1280 635 1316 Illius
659 1280 900 1318 obliviscente

192 1346 286 1386 Deo,
308 1345 378 1381 Illo
404 1345 611 1394 castigante
634 1347 710 1382 862
733 1358 764 1382 e.

139 1409 358 1446 Delectatur
407 1410 522 1451 Deus,
574 1409 658 1446 vide
706 1410 901 1447 Laetifica-

194 1477 270 1509 tur.

140 1537 342 1579 Denarius,

191 1602 403 1651 symbolum
425 1604 475 1639 60
498 1615 529 1638 c.

136 1667 278 1704 Dentes
305 1667 517 1710 stridentes,
538 1680 606 1717 pro
625 1680 766 1717 angore
787 1669 899 1705 animi

189 1732 475 1781 intelligendum
517 1734 590 1770 291
633 1733 683 1775 d;
737 1735 812 1770 292
853 1747 897 1775 c;

190 1797 378 1845 quomodo
412 1803 564 1845 stupore
598 1797 749 1834 insolito
783 1799 896 1835 affici-

193 1867 304 1898 antur
325 1864 402 1898 292
424 1874 454 1898 c.

140 1925 328 1962 Deserere
353 1926 504 1962 domum
532 1925 617 1968 Dei,
638 1926 805 1963 moribus
829 1939 896 1963 no-

189 1996 249 2027 cet
284 1992 361 2027 635
398 2003 445 2037 a‚;
488 2003 572 2027 rore
607 1991 746 2028 Divino
775 1991 897 2039 privat

191 2057 268 2092 635
289 2055 313 2091 b
327 2068 359 2091 e.

135 2119 347 2166 Desertum,
369 2120 475 2168 cujus
501 2119 555 2156 rei
576 2119 623 2156 sit
647 2128 758 2169 typus
779 2123 828 2157 45
851 2133 895 2163 c;

188 2185 356 2232 speciosa
383 2185 566 2233 quaedum
593 2185 810 2233 plerumque
832 2186 896 2222 ha-

187 2249 252 2286 bet
277 2249 371 2292 loca,
401 2249 608 2286 Ecclesiam
636 2249 734 2286 inter
761 2250 893 2286 barba-

189 2326 251 2350 ros
270 2313 471 2350 referentia
492 2316 568 2351 213
590 2326 610 2350 e
626 2327 636 2361 3
670 2315 771 2361 (vide
798 2314 894 2351 Soli-

188 2378 314 2424 tudo.)

135 2442 402 2479 Desiderabilis
420 2448 531 2485 terra,
550 2456 572 2479 a
594 2443 777 2480 Malachia
791 2457 896 2492 prae-

189 2507 289 2542 dicta
310 2508 386 2543 860
407 2507 430 2543 b
445 2520 474 2543 c.

136 2571 330 2608 Desolatio
366 2585 556 2620 agrorum,
587 2585 655 2620 pro
690 2573 894 2610 incolarum

189 2636 348 2672 miseriis
369 2636 507 2673 dictum
532 2639 608 2673 207
630 2649 661 2673 e.

137 2700 406 2749 Desponsati0‚
443 2714 510 2749 per
544 2701 678 2750 legem,
723 2707 895 2738 aeternae

190 2766 490 2814 desponsationis
510 2766 630 2813 figura
652 2767 701 2802 52
723 2778 756 2802 a.

135 2830 260 2873 Dnus,
289 2842 355 2878 par
384 2830 464 2878 pari
494 2829 617 2866 reddit
645 2831 668 2866 4
688 2829 724 2865 b.
782 2830 895 2876 Deus,

191 2895 336 2943 Regem
363 2894 505 2930 Rhesin
532 2894 569 2930 in
598 2894 621 2930 J
626 2894 734 2930 udam
765 2894 895 2930 incitat

192 2959 214 2994 8
235 2970 267 2994 c.
326 2959 442 3001 Deus,
473 2971 541 3006 pro
570 2958 701 2995 nuntio
725 2958 891 2995 Verbum

405 1549 595 1579 numerus,
660 1538 900 1586 perfectionis

1027 308 1140 345 habet
1188 312 1233 346 10
1269 309 1303 346 b.
1380 309 1482 346 Deus
1528 308 1734 358 Supremus

1028 374 1118 410 recti
1147 374 1271 411 Judex
1307 377 1352 412 13
1377 375 1413 411 b.
1474 375 1592 418 Deus,
1623 389 1734 424 quam

1028 439 1278 475 obedientiam
1300 440 1463 488 requirat
1488 443 1533 477 13
1551 453 1580 476 c.
1621 441 1734 487 Deus,

1029 516 1141 550 quare
1180 504 1332 540 Saulem
1373 505 1517 553 Regem
1563 506 1735 553 rejecerit

1033 570 1077 604 13
1101 580 1141 613 e;
1174 582 1287 616 quare
1307 569 1438 605 Achab
1464 572 1508 606 14
1531 584 1564 606 a.
1620 571 1734 616 Deus,

1027 645 1098 679 qua
1122 645 1206 668 (rum
1233 635 1472 670 veneratione
1497 635 1734 672 consideran-

1026 697 1095 732 dus
1120 699 1165 733 15
1190 698 1224 733 Ι).
1285 699 1399 740 Deus,
1424 712 1489 746 per
1515 700 1654 747 figuras
1678 701 1732 736 lo-

1026 762 1150 809 quitur
1179 764 1224 799 16
1256 763 1292 799 b.

1025 826 1243 863 fornicantis
1261 828 1457 864 miseretur
1474 830 1523 865 20
1538 829 1574 865 b.
1616 830 1733 875 Deusn

1571 897 1644 930 145
1685 895 1732 940 b;

1358 764 1474 807 Deus,
1506 764 1734 813 Synagogac

1025 891 1149 927 resisti
1194 893 1321 939 nequit
1368 895 1415 930 23
1456 894 1503 939 b;

1026 958 1101 991 218
1143 969 1184 1002 c;
1235 960 1310 993 297
1347 970 1377 993 e.

1025 1021 1185 1069 castiget
1207 1021 1338 1069 impios
1360 1025 1408 1059 23
1429 1036 1461 1059 c.
1506 1024 1620 1065 Deus,
1643 1037 1732 1071 quo-

1458 958 1575 1000 Deus,
1621 972 1733 1007 quare

1025 1086 1137 1121 modo
1158 1092 1288 1122 contra
1309 1087 1484 1123 Israelem
1510 1088 1734 1136 pugnaverit

1024 1149 1103 1197 ipse
1140 1153 1188 1187 24
1219 1164 1260 1196 a;
1309 1151 1432 1188 Judae
1467 1153 1584 1199 parcit
1615 1155 1666 1190 25
1698 1166 1731 1189 a.

1025 1214 1139 1255 Deus,
1178 1216 1366 1256 virtutem,
1408 1229 1482 1252 non
1527 1218 1732 1253 multitudi-

1024 1292 1123 1321 nem,
1175 1286 1279 1316 curat
1322 1282 1370 1317 27
1412 1281 1444 1317 b.
1524 1282 1638 1323 Deus,
1686 1295 1733 1318 ne

1026 1356 1139 1379 unum
1183 1345 1330 1392 quidem
1371 1346 1516 1393 justum
1562 1353 1732 1383 orantem

1026 1409 1182 1456 despicit
1200 1411 1248 1446 27
1266 1423 1285 1445 c
1302 1410 1336 1445 d.
1387 1410 1500 1453 Deus,
1522 1411 1730 1448 misericor-

1019 1473 1123 1510 diam
1163 1474 1413 1510 reminiscitur
1447 1477 1493 1512 31
1528 1488 1558 1511 a.
1616 1477 1730 1519 Deus,

1025 1552 1101 1575 non
1130 1539 1209 1576 vult
1241 1539 1347 1575 ullius
1377 1540 1580 1588 perniciem
1614 1543 1663 1578 32
1696 1541 1730 1576 b.

1025 1602 1144 1644 Deus,
1166 1616 1237 1652 qua
1258 1604 1452 1652 disciplina
1471 1610 1598 1641 utatur
1619 1607 1668 1642 33
1686 1618 1729 1647 a;

1026 1671 1074 1705 34
1099 1681 1131 1704 a.
1190 1669 1308 1709 Deus,
1340 1669 1506 1705 omnium
1533 1682 1617 1705 cum
1647 1682 1729 1706 cae-

1023 1733 1184 1775 lestium,
1198 1738 1277 1768 tum
1295 1739 1528 1769 terrenorum
1543 1734 1730 1770 bonorum

1021 1797 1178 1845 largitor
1195 1799 1244 1834 36
1262 1810 1281 1833 e
1298 1812 1305 1839 ;
1334 1799 1382 1834 38
1399 1810 1418 1834 e
1434 1813 1441 1839 ;
1470 1801 1518 1836 39
1536 1811 1568 1834 c.
1609 1798 1729 1840 Deus,

1022 1862 1210 1909 quomodo
1234 1867 1271 1898 et
1298 1875 1410 1909 quare
1437 1862 1586 1898 resistat
1606 1863 1729 1911 impiis

1022 1929 1070 1963 37
1087 1927 1121 1962 b.
1178 1927 1292 1968 Deus,
1314 1932 1490 1974 tanquam
1511 1933 1617 1975 pater
1633 1927 1729 1963 filios

1020 1991 1180 2040 castigat
1212 1993 1259 2028 38
1291 2004 1322 2027 a.
1385 1992 1500 2033 Deus,
1536 2004 1645 2040 quam
1681 1991 1729 2028 sit

1020 2056 1224 2105 Zelotypus
1243 2058 1291 2093 38
1311 2069 1342 2092 e.
1393 2056 1508 2102 Deus,
1526 2069 1599 2104 quo
1615 2056 1728 2093 modo

1020 2123 1067 2157 sit
1094 2120 1319 2157 inaurandus
1349 2123 1397 2158 39
1423 2133 1455 2157 c.
1512 2121 1625 2162 Deus
1655 2133 1728 2169 quo

1019 2197 1129 2222 sensu
1151 2185 1303 2222 seducat
1320 2185 1453 2233 impios
1471 2188 1519 2223 45
1538 2198 1568 2222 a.
1609 2186 1725 2227 Deus,

1019 2250 1207 2298 quomodo
1236 2250 1518 2298 desponsaverit
1548 2249 1726 2286 Israelem

1021 2317 1066 2351 51
1119 2327 1167 2361 e3
1244 2314 1431 2362 quomodo
1491 2314 1727 2350 Christianos

1020 2382 1069 2416 52
1101 2392 1134 2415 a.
1198 2379 1311 2420 Deus,
1353 2378 1418 2415 Sui
1456 2378 1578 2427 Ipsius
1616 2391 1728 2415 causa

1017 2456 1087 2479 nos
1108 2444 1270 2480 conserit
1288 2446 1336 2480 57
1354 2444 1390 2479 b.
1438 2443 1552 2485 Deus,
1572 2443 1609 2481 in
1630 2443 1727 2479 Filio

1019 2514 1131 2544 notus
1153 2511 1201 2545 57
1219 2521 1251 2544 c.
1297 2508 1408 2549 Deus,
1426 2519 1472 2543 ex
1492 2507 1604 2544 insita
1622 2507 1727 2544 boni-

1018 2577 1095 2609 tate
1109 2585 1175 2608 sua
1187 2578 1244 2608 est
1259 2572 1469 2608 misericors
1484 2574 1532 2609 59
1543 2584 1574 2608 a.
1607 2572 1726 2614 Deus,

1018 2637 1056 2673 in
1072 2649 1165 2684 puro
1181 2637 1293 2672 corde
1309 2636 1453 2672 habitat
1472 2638 1520 2673 62
1538 2649 1569 2672 c.
1609 2637 1724 2678 Deus,

1019 2714 1129 2749 quam
1163 2701 1286 2737 lentus
1321 2700 1435 2737 fuerit
1472 2700 1509 2736 in
1543 2700 1724 2748 judicium

1020 2765 1168 2801 Israelis
1190 2767 1239 2802 64
1261 2777 1292 2801 a.

1018 2829 1102 2865 fons
1123 2834 1159 2866 et
1180 2829 1289 2878 origo
1308 2832 1356 2867 70
1373 2830 1409 2866 b.
1453 2830 1570 2872 Deus,
1592 2841 1724 2865 secun-

1018 2894 1107 2930 dum
1137 2906 1249 2942 opera
1278 2907 1344 2931 sua
1374 2907 1557 2942 quemque
1581 2895 1726 2943 judicat

1022 2960 1070 2994 70
1106 2970 1154 3004 c;
1207 2961 1254 2996 73
1289 2971 1322 2995 a.
1394 2958 1511 3003 Deus
1552 2959 1726 2996 consilio-

1352 2765 1471 2806 Deus,
1494 2765 1614 2801 omnis
1636 2765 1727 2801 boni
