2053 3382
294 192 378 232 486
689 194 736 232 B.
781 191 1057 233 CYRILLI
1100 191 1491 233 ALEXANDR.
1697 192 1882 243 xii.6,7.

294 302 388 348 τῶν
427 299 591 349 ἑαυτοῦ
629 297 938 366 σκηνωμάτων
973 299 997 348 ὁ
1034 302 1128 349 τῶν
1165 299 1292 349 ὅλων
1329 297 1516 363 Κύριος,
1549 300 1695 361 δῆλον
1730 297 1778 348 δὲ
1814 297 1883 348 ὅτι

295 379 521 445 Χριστὸς,
574 382 636 433 ὡς
688 379 799 443 ’ίσην
850 380 1004 433 αὐτοῖς
1056 381 1301 443 ἀπονεῖμαι
1353 381 1582 447 φροντίδα
1631 382 1689 446 τῇ
1733 378 1885 430 πάλαι

296 460 589 527 δεδωρημένῃ
633 461 1001 526 λελυτρωμένων
1042 461 1100 530 ἐξ
1142 460 1386 527 Αἰγύπτου
1430 465 1524 512 τῶν
1565 461 1621 529 ἐξ
1661 459 1879 525 Ἰσραήλ.

72 553 173 628 geut—
192 554 233 584 iv.
295 542 498 612 ἐξήγαγε
525 542 617 610 γὰρ
643 543 726 593 τὸν
751 542 954 606 Ἰσραήλ
981 543 1037 611 ἐξ
1061 543 1187 594 οἴκου
1213 544 1438 605 δουλείας,
1467 545 1540 593 καί
1568 550 1594 572 “
1611 544 1660 593 ἐκ
1691 542 1886 604 καμίνου

117 622 122 627 “
295 633 321 655 “
347 626 583 691 σιδηρᾶς,”
626 624 747 675 καθὰ
793 626 1069 692 γέγραπται,
1109 627 1184 676 καί
1229 625 1285 694 ἐξ
1327 624 1569 693 ἀφορήτου
1609 624 1926 692 πλεονεξίαςὸ

71 704 321 758 Ib-v-15-bc‘)
371 711 466 757 τῶν
515 706 641 757 ὅλων
693 707 829 769 Θεὸς,
876 714 903 736 “
919 708 967 757 ἐν
1017 709 1134 774 χειρὶ
1186 710 1384 775 κραταιᾷ
1446 709 1521 757 καὶ
1572 709 1619 757 ἐν
1669 706 1886 772 βραχίονι

71 786 175 816 Exod.

69 840 123 860 xv.
145 841 173 868 4,
195 837 224 868 5.

70 883 121 915 Ib-
148 894 195 914 ¹0·
294 878 321 900 ‘⁶
347 871 593 939 θαλάσσῃ·
633 870 805 925 πόντος
829 870 1070 938 ἐκάλυψεν
1096 869 1277 933 αὐτοὺς,
1305 873 1379 921 καὶ
1407 871 1581 921 ἔδυσαν
1602 873 1714 921 ὡσεὶ
1741 868 1879 932 μόλι-

297 796 323 819 “
352 789 566 858 ὑψηλῲ,”
595 788 671 840 ὅτε
706 791 781 840 καί
814 787 921 842 τοὺς
957 788 1210 843 διώκοντας
1236 797 1262 819 “
1280 788 1616 840 κατεπόντισεν
1640 790 1688 838 ἐν
1715 790 1887 856 ἐρυθρᾷ

295 959 322 982 “
348 958 436 1014 βος
474 955 522 1003 ἐν
555 954 685 1004 ὕδατι
726 954 960 1021 σφοδρῴ”
999 954 1073 1004 καί
1114 951 1498 1017 διεβιβάσθησαν
1535 951 1620 1014 μὲν
1654 956 1696 1002 οἱ
1735 959 1882 1002 λελυ-

72 1043 122 1117 ξῑί·
143 1042 209 1073 xiii.
292 1033 529 1100 τρωμένοι.
581 1034 760 1089 στύλος
797 1035 844 1085 δὲ
881 1036 1035 1085 αὐτῶν
1061 1035 1216 1101 ἡγεῖτο
1250 1033 1396 1100 πυρὸς
1423 1033 1507 1098 τὴν
1543 1033 1699 1095 νύκτα,
1735 1056 1882 1084 κατα·
1910 1059 1958 1084 10

118 1111 123 1117 ⁸
295 1117 513 1168 δεικνύων
540 1116 624 1180 τὴν
652 1116 774 1179 ὁδὸν,
801 1117 1085 1181 ἐπεκρέματο
1113 1116 1160 1167 δὲ
1187 1118 1261 1168 καί
1289 1119 1337 1167 ἐν
1365 1116 1511 1185 ἡμέρᾳ
1544 1116 1733 1183 νέφελη.
1789 1113 1888 1166 εἶτα

293 1199 375 1250 τὸν
402 1199 459 1268 ἐξ
492 1200 689 1264 οὐρανοῦ
723 1198 1092 1263 κατεδηδόκασιν
1119 1199 1280 1265 ἄρτον,
1313 1198 1536 1267 διέφυγον
1561 1200 1609 1248 ἐν
1635 1201 1692 1266 τῇ
1732 1197 1887 1267 ἐρήμῳ

294 1280 353 1332 τὰ
396 1285 491 1331 τῶν
530 1280 686 1349 ὄφεων
725 1281 955 1346 δήγματα,
1002 1280 1234 1346 κρείττους
1277 1279 1405 1345 ἦσαν
1443 1283 1638 1348 ἐχθρῶν,
1678 1279 1887 1341 διεβιβά-

258 1367 490 1426 οσθησαν
528 1362 610 1413 τὸν
635 1362 890 1428 Ἰορδάνην,
929 1361 1311 1429 περιετμήθησαν
1348 1363 1600 1430 μαχαίραις
1638 1363 1887 1429 πετρίναις,

297 1447 524 1508 εἰσῆλθον
550 1448 613 1498 εἰς
638 1444 723 1508 τὴν
750 1447 840 1510 γῆν
866 1447 949 1508 τῆς
975 1446 1276 1510 ἐπαγγελίας.
1912 1462 1958 1502 15

372 1530 538 1577 Ταῦτα
587 1530 813 1593 χαριεῖται
855 1525 1068 1591 Χριστὸς
1112 1530 1208 1579 τοῖς
1261 1525 1453 1592 ζητοῦσι
1502 1525 1562 1577 Tc}
1614 1526 1889 1594 σκηνώματα

299 1609 453 1670 αὐτοῦ,
481 1607 695 1659 τουτέστι
721 1607 806 1671 τὴν
827 1608 1135 1673 Ἐκκλησίαν·
1178 1609 1299 1658 οὕτω
1335 1609 1408 1658 καὶ
1444 1605 1612 1660 αὐτοὺς
1646 1607 1884 1670 ‹imo—ma,

300 1690 514 1743 δουλείας
558 1688 643 1752 μὲν
688 1688 976 1757 ἀπαλλάξας
1020 1692 1103 1753 τῆς
1150 1689 1238 1740 ὑπὸ
1283 1693 1349 1758 τῷ
1387 1688 1598 1757 διαβόλῳ
1639 1691 1772 1757 φημὶ,
1814 1691 1888 1739 καὶ

299 1770 630 1834 δαιμονιώδους
664 1769 941 1837 πλεονεξίας
978 1771 1165 1839 ἐξελὼν,
1203 1770 1490 1832 διαβιβάσας
1529 1770 1576 1821 δὲ
1614 1768 1778 1836 ὥσπερ
1813 1770 1889 1821 διὰ

300 1851 557 1917 θαλάσσης
586 1857 681 1903 τῶν
707 1854 756 1903 ἐν
781 1855 899 1922 τῷδε
931 1857 996 1921 τῷ
1031 1851 1198 1922 κόσμῳ
1230 1857 1583 1918 περισπασμῶν
1611 1853 1684 1902 καὶ
1711 1853 1887 1917 τύρβης
1911 1877 1960 1902 20

300 1935 485 1996 εἰκαίας,
532 1935 716 1985 στύλον
760 1933 807 1985 δὲ
857 1937 931 1985 καί
980 1935 1214 2000 ἑδραίωμα
1258 1933 1481 1999 λαμπρὸν
1525 1934 1690 1985 ἑαυτὸν
1735 1935 1889 1988 αὐτοῖς

301 2017 498 2079 ἀναθεὶς,
542 2016 804 2084 φωτίζοντα
848 2015 955 2069 τοὺς
1002 2018 1051 2066 ἐν
1089 2015 1265 2084 σκότῳ,
1310 2018 1385 2066 καὶ
1432 2015 1504 2066 οἶα
1550 2014 1751 2083 νεφέλην
1789 2019 1890 2068 ταῖς

253 2111 279 2151 d
302 2103 485 2162 νοηταῖς
524 2098 816 2164 κατάρδοντα
855 2098 1059 2162 δρόσοις·
1115 2097 1319 2164 γεγονὼς
1360 2097 1407 2148 δὲ
1446 2099 1599 2150 αὐτοῖς
1638 2100 1713 2147 καὶ
1750 2097 1890 2162 ἄρτος

301 2181 430 2246 ζωῆς,
466 2180 683 2246 ἄπρακτά
721 2202 769 2230 τε
807 2181 880 2230 καὶ
921 2181 1099 2246 ἀδρανῆ
1134 2179 1193 2230 τὰ
1227 2184 1321 2230 τῶν
1361 2184 1539 2243 νοητῶν
1574 2178 1730 2246 ὄφεων
1765 2180 1884 2229 ἀπο-

301 2262 454 2331 φήνας
494 2262 725 2327 δήγματα,
764 2264 840 2311 καὶ
879 2260 1168 2323 διαβιβάσας
1206 2261 1288 2311 τὸν
1313 2260 1570 2326 Ἰορδάνην,
1605 2262 1680 2311 καί
1721 2264 1779 2327 τῇ
1816 2259 1889 2310 διὰ
1912 2282 1960 2320 25

303 2343 577 2407 Πνεύματος
620 2346 847 2410 περιτομῇ
899 2341 1130 2409 καθαροὺς
1182 2344 1472 2411 ἀποφαίνων,
1525 2342 1797 2408 εἰσκομίζων
1842 2340 1889 2391 δὲ

303 2427 377 2476 καὶ
429 2429 490 2479 εἰς
539 2426 793 2487 βασιλείαν
844 2425 1067 2490 οὐρανῶν.
1143 2430 1291 2476 ταῦτα
1341 2430 1566 2492 χαριεῖται
1618 2429 1712 2477 τοῖς
1763 2423 1890 2477 ἰδίοις

352 2631 382 2655 1.
419 2620 516 2654 Haec
543 2621 560 2653 ὁ
586 2622 651 2654 τῶν
677 2619 975 2664 ὅλων-Χριστὸς
1000 2622 1223 2655 accesserunt
1249 2631 1289 2654 ex
1317 2618 1358 2654 C.
1384 2619 1533 2663 Χριστὸς
1557 2618 1661 2652 habet
1691 2629 1829 2663 quoque
1854 2619 1888 2653 b.

303 2677 334 2700 2.
361 2667 538 2710 ἀπονεῖμαι
558 2667 637 2701 C.b.
655 2666 832 2710 ἀπονέμειν
850 2666 942 2701 Edd.
1169 2678 1202 2712 3.
1227 2666 1490 2711 λελυτρωμένων
1509 2664 1760 2710 [λυτρουμένων
1777 2665 1831 2710 1).]
1853 2667 1890 2709 ἐξ

301 2713 475 2758 Αἰγύπτου
491 2717 557 2748 τῶν
576 2714 613 2756 ἐξ
634 2713 711 2747 C.b.
730 2713 946 2760 λυτρουμένῳ
965 2713 1002 2756 ἐξ
1020 2713 1096 2758 Αἰγ.
1113 2715 1159 2758 τῷ
1181 2712 1272 2747 Edd.
1499 2721 1529 2756 7.
1557 2712 1609 2744 καὶ
1629 2710 1724 2744 deest
1741 2711 1777 2744 in
1796 2712 1888 2747 Edd.

300 2760 333 2793 8.
359 2762 482 2795 πόντος
502 2759 542 2793 C.
562 2761 635 2803 (SI,
655 2769 697 2805 57
718 2772 789 2804 mg.
808 2761 852 2804 85
871 2762 961 2805 mg.)
978 2761 1089 2804 πόντῳ
1110 2760 1151 2793 B.
1175 2760 1274 2793 Pont.
1292 2760 1424 2793 πόντων
1443 2758 1524 2802 (sic)
1548 2757 1642 2791 Aub.
1704 2757 1830 2792 Statim
1853 2774 1890 2793 τε

300 2806 380 2840 add.
402 2806 430 2840 C
449 2818 521 2850 mg.
542 2818 649 2840 manu
667 2807 860 2841 recentiori.
924 2808 1068 2851 μόλιβος
1088 2806 1128 2841 C.
1148 2807 1314 2849 μόλιβδος
1334 2804 1425 2839 Edd.
1642 2814 1694 2836 10.
1721 2804 1834 2840 αὐτοῖς
1852 2805 1888 2839 b.

304 2863 315 2885 1
328 2864 356 2886 1.
384 2852 586 2896 ἐπεκρέμετο
606 2853 646 2887 C.
665 2854 735 2887 inv.
754 2853 788 2887 b.
1209 2863 1262 2886 12.
1289 2849 1408 2896 ἰίρτον]
1431 2854 1468 2891 -Ι-
1491 2849 1543 2883 καὶ
1562 2848 1653 2883 Edd.
1672 2850 1788 2885 invitis
1808 2851 1888 2886 C.b.

304 2907 356 2942 15.
382 2899 543 2942 εἰσῆλθον
562 2900 641 2934 C.b.
660 2898 765 2942 ἧλθον
784 2898 876 2934 Edd.
984 2910 1039 2933 20.
1067 2900 1184 2944 κόσμῳ
1203 2898 1244 2932 C.
1262 2898 1328 2943 βίῳ
1344 2897 1404 2932 iid.
1501 2907 1556 2930 21.
1583 2896 1718 2936 εἰκαίας,
1739 2897 1886 2943 στύλον]

300 2945 352 2977 καὶ
371 2945 499 2978 στύλον
518 2945 558 2980 C.
765 2957 820 2980 22.
848 2946 960 2992 σκότῳ
980 2945 1020 2980 C.
1040 2947 1153 2980 σκότει
1173 2944 1265 2979 Edd.
1472 2953 1526 2987 23.
1552 2943 1826 2986 καταρδεύουσαν
1845 2944 1887 2980 C.

302 3000 356 3031 24.
383 2990 558 3035 ἀποφήνας
578 2991 618 3026 C.
636 2991 816 3036 ἀποδείξας
836 2991 927 3027 Edd.
