2001 3361
284 181 359 215 740
815 175 1026 212 INDEX
1086 177 1330 212 RERUM.
1666 189 1865 213 SALOMON.

335 300 612 336 accurrentibus
640 298 820 345 templum
842 310 952 345 quam
979 310 1041 333 au-

335 364 551 413 gustissime
602 362 778 402 extruxit,
823 362 861 397 in
910 367 1041 410 typum

334 427 556 477 augustioris
571 426 759 462 Ecclesiae
774 429 850 462 425
863 439 897 472 c:
917 428 994 462 426
1009 439 1041 462 a.

281 493 418 533 Saltus,
439 504 624 532 moerens,
646 503 713 538 pro
741 490 885 539 vulgari
904 490 1043 538 populo

335 557 520 592 moerenti
541 555 680 591 dictum
708 557 783 591 756
805 555 828 590 b
850 567 880 590 c.

282 621 404 662 Salus„
425 633 491 668 per
508 620 701 656 Christum
722 620 906 667 promissa
928 622 977 656 45
999 631 1040 664 ες

335 698 400 733 per
420 685 533 720 fidem
560 685 680 720 solum
702 684 911 732 expetenda
932 686 981 720 92
999 696 1040 727 e;

334 762 410 784 non
439 749 484 784 ab
515 749 678 797 Angelo,
710 761 785 784 non
816 762 837 784 a
866 748 1042 796 deputato

335 813 478 861 quovis,
497 813 562 849 sed
578 826 599 849 a
618 813 699 848 Deo
722 816 796 849 437
815 813 838 848 d
854 826 862 858 ;
894 825 1042 848 causam

335 878 449 913 habet
470 877 601 919 solam,
623 890 789 913 amorem
811 878 881 913 Dei
902 880 978 914 557
1000 890 1041 922 c;

335 955 401 990 per
433 943 557 988 fidem,
592 942 821 990 justificatis,
861 948 897 978 et
936 954 1041 978 sanc-

335 1007 487 1043 tificatis
507 1007 690 1054 promissa
713 1010 789 1043 570
810 1019 842 1042 c.

282 1072 486 1108 Salvationi
514 1071 716 1107 multorum
745 1078 831 1107 sunt
858 1071 881 1106 ii
904 1070 964 1118 qui
985 1070 1044 1106 via

336 1142 438 1172 recta
458 1136 635 1172 incedunt
657 1138 732 1172 838
755 1136 790 1171 (1.

282 1201 463 1242 Samaria,
481 1201 706 1236 omnimodis·
727 1201 806 1237 Deo
828 1199 1044 1247 displicebat

336 1269 387 1302 90
427 1278 469 1307 a;
527 1266 656 1301 decem
701 1265 820 1301 tribus
859 1264 1044 1313 significat

341 1332 415 1367 106
431 1343 472 1375 a;
505 1343 596 1378 quas
618 1336 742 1378 pestes
760 1336 912 1377 propter
927 1329 1044 1364 idolo—

337 1395 482 1430 latriam
522 1407 630 1442 passa
670 1395 716 1430 sit
759 1397 831 1430 127
871 1407 912 1439 e;
961 1393 1044 1429 oleo

336 1459 552 1495 abundabat
573 1461 645 1495 167
662 1472 702 1503 e;
735 1462 812 1495 452
828 1459 871 1503 d;
903 1471 923 1493 a
939 1460 1044 1505 Rege

340 1525 579 1560 Salmanasar
600 1524 751 1559 obsessa
776 1526 849 1559 186
871 1523 915 1567 d;
951 1522 1045 1569 seip-

338 1601 416 1624 sam
430 1588 685 1636 perdidit,Deo
695 1588 898 1624 voluntarie
912 1599 1046 1637 repug-

338 1665 431 1688 nans
452 1655 525 1689 190
541 1666 582 1698 a;
614 1653 719 1689 novis
736 1652 924 1701 suppliciis
939 1651 1045 1699 puni-

339 1724 413 1759 tur,
432 1718 543 1753 etiam
564 1717 768 1753 infantibus
788 1718 825 1753 in
846 1723 952 1753 utero
968 1722 1045 1752 tru-

339 1782 470 1818 cidatis
491 1785 565 1819 190
582 1783 630 1823 b;
663 1783 798 1818 famem
821 1781 1045 1818 horrendam

339 1848 491 1895 patitur,
507 1860 527 1883 a
542 1847 650 1883 Joele
666 1847 894 1895 praedictam
911 1848 988 1883 200
1004 1858 1044 1890 a;

339 1912 563 1948 vinolentiae
598 1912 868 1948 condemnatur
898 1914 974 1948 202
1004 1923 1044 1955 a;

340 1982 397 2012 ter
431 1983 636 2024 quaterque
670 1977 863 2024 impunita,
896 1976 1046 2012 tandem

341 2041 452 2077 minis
491 2047 647 2089 urgetur
680 2043 755 2077 265
787 2041 834 2086 d3
879 2040 978 2089 quod
1012 2045 1048 2075 et

338 2106 522 2153 justitiam
537 2106 706 2153 etjustos
720 2106 906 2142 vendebat
921 2107 997 2141 265
1011 2117 1046 2150 e;

342 2176 379 2206 et
412 2183 592 2218 pauperes
628 2170 827 2207 crudeliter
864 2170 1048 2206 tractabat

344 2238 468 2280 266e3
491 2235 682 2271 montibus
696 2235 908 2271 abundabat
923 2237 1048 2280 28303

343 2301 379 2335 in
410 2312 539 2336 omnes
570 2299 710 2335 vicinos
743 2300 972 2348 superbiens,
1003 2299 1049 2335 ab

343 2365 516 2401 omnibus
574 2365 737 2409 obsessa,
790 2378 929 2412 poenas
987 2364 1050 2400 dat

346 2432 422 2466 283
445 2430 493 2475 d3
530 2442 549 2465 e
575 2429 745 2465 faucibus
774 2429 892 2465 leonis
922 2434 1051 2477 erepta

346 2497 421 2530 284
444 2507 490 2539 c;
519 2507 540 2530 a
567 2507 655 2542 rege
677 2494 916 2543 Assyriorum
943 2499 1051 2542 capta

347 2561 422 2595 284
439 2559 481 2605 d;
513 2559 550 2594 in
563 2557 758 2606 Assyriam
773 2559 900 2594 exulat
916 2562 992 2595 284
1008 2571 1049 2605 e3

346 2624 477 2659 domos
525 2623 687 2659 habebat
727 2629 765 2659 et
809 2624 968 2660 aestivas
1014 2630 1051 2660 et

345 2688 531 2736 hybernas
562 2690 638 2724 286
667 2701 713 2734 c3
753 2701 838 2724 cum
868 2689 1051 2725 ambobus

345 2753 508 2799 peritura
538 2753 763 2802 praedicitur
785 2755 861 2790 286
883 2754 906 2788 d
921 2766 931 2799 3
972 2760 1051 2790 tota

346 2817 453 2863 periit
481 2819 558 2853 286
581 2830 626 2863 e3
661 2823 814 2865 propter
839 2818 1048 2866 principum

346 2880 531 2917 luxuriam
585 2885 660 2918 287
705 2895 736 2924 c,
794 2882 1050 2919 crudelitatem

350 2946 425 2980 287
447 2945 482 2987 (1,
507 2946 741 2984 insolentiam
764 2949 840 2984 288
864 2960 907 2989 a3
939 2947 1048 2990 bello,

1167 299 1383 346 captivitati,
1403 298 1525 339 exilio,
1547 299 1682 335 devota
1702 302 1778 336 288
1796 313 1866 342 ac;

1168 363 1340 399 mulieres
1367 364 1621 411 quaestuarias
1651 364 1753 400 alens
1779 377 1867 400 con-

1168 427 1364 463 demnatur
1399 429 1474 464 288
1511 441 1557 470 e3
1602 440 1870 477 saepenumero

1167 497 1285 539 capta,
1321 492 1533 540 disciplinae
1567 505 1677 528 causa
1712 495 1789 530 304
1825 505 1867 534 c;

1167 557 1408 597 idololatriae,
1429 557 1550 605 magis
1566 569 1674 604 quam
1693 557 1871 593 Hieroso-

1167 621 1278 669 lyma,
1326 621 1472 657 addicta
1516 624 1590 658 307
1631 634 1672 667 a3
1720 627 1872 669 propter

1168 686 1338 721 fiduciam
1357 691 1394 722 et
1409 686 1724 734 contemptionem
1747 685 1871 722 Sionis

1168 751 1451 798 reprehenditur
1466 753 1537 787 311
1552 763 1588 792 e;
1616 751 1703 787 item
1718 756 1871 799 propter

1168 816 1354 852 luxuriam
1384 818 1459 852 315
1482 816 1517 859 d,
1545 815 1740 864 praecipue
1769 815 1868 862 prin-

1168 881 1290 928 cipum
1324 883 1399 918 316
1429 881 1474 922 b;
1516 894 1599 916 cum
1632 880 1761 916 incolis
1796 880 1871 915 suis

1169 945 1341 992 peritura,
1356 945 1580 993 praedicitur
1595 947 1669 982 318
1685 945 1708 980 d
1722 960 1729 986 ;
1762 944 1872 992 pesti-

1169 1009 1283 1045 lentia
1320 1010 1538 1046 decimanda
1578 1012 1653 1046 318
1693 1022 1739 1055 ες
1793 1009 1872 1056 ipsa

1170 1086 1256 1109 suos
1271 1075 1423 1122 sepelire
1438 1080 1567 1110 coacta
1581 1076 1657 1110 319
1672 1087 1709 1114 az
1740 1073 1872 1109 domos

1169 1138 1424 1174 habitantibus
1438 1151 1571 1175 vacuas
1585 1139 1726 1174 habens
1741 1140 1816 1175 319
1826 1138 1849 1173 b
1860 1150 1871 1183 3

1170 1203 1239 1238 Dei
1261 1203 1435 1239 Nominis
1462 1203 1649 1239 silentium
1677 1204 1871 1251 imponens

1172 1271 1247 1304 319
1269 1281 1310 1310 c;
1344 1271 1420 1305 320
1442 1281 1483 1310 c;
1520 1269 1565 1304 ab
1591 1268 1769 1316 Assyriis,
1791 1272 1872 1302 tan-

1170 1346 1279 1381 quam
1307 1334 1352 1368 ab
1379 1345 1533 1380 aucupe,
1560 1333 1702 1368 irretita
1729 1335 1804 1369 330
1825 1343 1872 1372 e;

1171 1398 1481 1433 Obscurationem
1497 1398 1583 1433 solis
1597 1397 1746 1445 signum
1762 1396 1874 1432 habet

1171 1462 1389 1498 calamitatis
1408 1464 1483 1499 336
1501 1475 1543 1504 a;
1574 1467 1719 1497 vastata
1735 1463 1811 1498 336
1826 1460 1850 1496 d
1865 1475 1872 1501 ;

1173 1528 1247 1562 338
1279 1539 1320 1567 e;
1372 1527 1496 1571 exitio,
1532 1533 1708 1574 tanquam
1748 1525 1872 1569 fluvio,

1172 1590 1305 1626 devota
1327 1594 1402 1627 344
1425 1604 1471 1636 ος
1501 1597 1651 1639 propter
1670 1591 1769 1626 idola
1795 1602 1873 1631 sua,

1172 1655 1319 1691 Israelis
1340 1661 1534 1703 peccatum
1554 1661 1708 1691 vocatur
1729 1657 1805 1691 396
1826 1654 1874 1696 b;

1171 1720 1207 1755 in
1256 1720 1460 1768 tugurium,
1514 1720 1613 1756 horti
1664 1719 1873 1755 custodiam

1172 1784 1375 1832 redigenda
1429 1784 1655 1832 praedicitur
1706 1786 1781 1820 397
1827 1795 1871 1824 c;

1172 1849 1261 1885 item
1319 1849 1364 1884 ab
1418 1849 1527 1885 idolis
1586 1849 1662 1884 suis
1721 1848 1876 1896 decepta

1175 1916 1250 1951 398
1267 1927 1310 1955 a;
1342 1926 1427 1949 cum
1447 1913 1568 1956 idolis,
1586 1919 1623 1949 et
1643 1912 1877 1949 mercedibus

1174 1979 1250 2014 suis
1287 1979 1450 2026 peritura
1489 1981 1564 2015 398
1597 1979 1646 2024 b;
1691 1977 1803 2021 nuda,
1839 1984 1876 2013 et.

1174 2044 1395 2080 discalceata
1442 2043 1662 2079 describitur
1711 2045 1786 2079 399
1825 2042 1874 2083 b;

1174 2109 1308 2156 quippe
1338 2120 1431 2156 quae
1461 2109 1606 2155 captiva
1637 2107 1765 2144 futura
1798 2112 1877 2143 erat

1175 2175 1251 2209 399
1282 2185 1323 2214 c;
1364 2186 1385 2208 a
1417 2173 1629 2221 Babyloniis
1663 2177 1879 2220 expugnata

1173 2238 1281 2286 gregi
1333 2243 1592 2273 consternatae
1642 2242 1879 2285 comparatur

1175 2304 1252 2338 416
1274 2302 1318 2343 b;
1355 2315 1376 2338 a
1401 2302 1482 2338 Deo
1509 2303 1646 2338 devota
1672 2301 1878 2338 afflictioni-

1175 2367 1244 2402 bus
1261 2370 1337 2403 434
1360 2380 1403 2408 a;
1435 2367 1599 2402 olearum
1621 2367 1724 2402 ferax
1741 2369 1817 2403 452
1835 2378 1877 2412 c;

1174 2438 1316 2467 vastata
1363 2432 1408 2467 ab
1458 2431 1633 2480 Assyriis,
1688 2430 1877 2466 Christum

1175 2509 1286 2544 super
1319 2496 1497 2532 Satanan]
1536 2497 1713 2532 victorem
1752 2507 1877 2544 repre-

1175 2566 1300 2597 sentat
1330 2563 1405 2598 538
1427 2573 1468 2601 a;
1509 2561 1739 2596 idololatriae
1767 2571 1878 2596 causa

1176 2626 1424 2662 condemnata
1453 2628 1530 2662 659
1551 2625 1597 2667 b;
1628 2638 1692 2673 per
1711 2625 1871 2673 figuram

1175 2690 1314 2726 montis
1344 2690 1565 2726 describitur
1592 2692 1669 2726 659
1690 2702 1731 2731 c;
1767 2701 1877 2736 quam

1174 2754 1284 2790 fuerit
1301 2754 1477 2795 desolata,
1494 2754 1650 2790 durante
1663 2753 1876 2801 captivitate

1177 2820 1253 2855 663
1294 2819 1315 2854 d
1334 2834 1342 2861 ;
1405 2819 1562 2860 mulieri,
1611 2817 1686 2853 alas
1733 2830 1877 2866 upupae

1174 2883 1337 2925 habenti,
1351 2887 1586 2931 comparatur
1600 2883 1675 2919 699
1690 2894 1726 2924 a;
1756 2881 1877 2932 Baby-

1174 2948 1310 2986 loniam
1332 2948 1454 2985 avolat
1474 2948 1550 2984 699
1572 2946 1605 2983 d.
