2018 3387
94 187 174 228 xiv.
199 198 295 240 5--7.
464 188 535 228 IN
579 188 797 228 ZACIIA
817 189 995 229 [ΝΛΜ.
1057 189 1206 229 ΤΟΜ.
1234 189 1309 228 vl.
1597 190 1679 227 519

93 294 350 360 πρέποντος
378 295 523 361 θήρας
549 294 845 361 ἀμοιρήσειεν
872 295 928 345 ἂν
955 297 1180 359 οὐδαμῶς.
1225 296 1315 361 ἔφη
1343 294 1434 361 γάρ
1460 316 1504 345 τι
1532 300 1680 345 τοιοῦ-
1701 304 1724 342 «l

93 398 176 426 τον
218 379 292 426 καὶ
338 377 363 427 ὁ
408 376 660 430 θεσπέσιος
699 376 909 430 Ἡσαΐας
955 380 1061 443 περὶ
1107 379 1259 428 αὐτῶν
1301 386 1326 406 “
1343 378 1474 427 Ἐκεῖ
1511 376 1682 443 ἔλαφοι
1746 385 1846 458 12·OE

96 463 123 486 “
151 457 458 521 συνήντησαν
484 460 559 508 καὶ
584 458 681 508 ἰ’δον
707 457 766 508 τὰ
791 457 1030 522 πρόσωπα
1057 459 1299 522 ἀλλήλων·
1343 460 1523 526 ἀριθμῷ
1555 480 1678 523 παρ·
1746 453 1861 511 '1356‘-

96 545 124 567 ‘⁶
149 541 314 601 ἦλθον,
341 541 416 589 καὶ
452 540 535 601 μία
571 541 723 589 αὐτῶν
755 540 836 589 οὐκ
873 539 1105 601 ἀπώλετο,
1131 541 1262 605 ἑτέρα
1296 539 1381 603 τὴν
1410 540 1570 605 ἑτέραν
1602 539 1685 588 οὐκ

55 622 124 661 5“
150 621 171 669 ε’
196 619 396 683 ήτησαν,
437 620 508 670 ὅτι
549 620 722 687 Κύριος
770 621 1026 671 ἐνετείλατο
1072 623 1231 675 αὐταῖς
1277 624 1352 671 καὶ
1396 620 1450 671 τὸ
1492 624 1686 683 Πνεῦμα

99 707 127 729 “
153 702 295 752 αὑτοῦ
326 700 600 766 συνήγαγεν
626 702 812 756 αὑτάς.”
865 702 1049 770 ψάλλει
1081 703 1134 753 δέ
1161 726 1253 754 που
1281 705 1355 753 καὶ
1383 704 1407 752 ὁ
1433 702 1687 754 θεσπέσιος

96 782 206 845 ἡμῖν
232 785 420 845 Δαυεὶδ,
446 782 532 846 τὴν
557 783 614 851 ἐξ
636 785 834 848 οὐρανοῦ
861 785 1204 851 καταφοίτησιν
1230 790 1312 835 τοῦ
1336 783 1528 835 πάντων
1554 784 1686 846 ἡμῶν

99 867 319 930 Σωτῆρος
339 869 556 930 Χριστοῦ
582 869 942 934 προαναφωνῶν
963 865 1112 916 66”’()τι
1138 867 1221 916 οὐκ
1247 866 1489 917 ἀπώσεται
1513 863 1687 929 Κύριος
1749 862 1801 945 ἐξ
1817 862 1905 945 {¹5⁶¹st

100 952 126 975 ‘⁶
153 944 235 997 τὸν
267 944 387 997 λαὸν
422 947 580 1006 αὑτοῦ,
609 949 685 997 καὶ
719 945 804 1010 τὴν
838 947 1154 1013 κληρονομίαν
1186 948 1327 998 αὐτοῦ
1362 948 1444 997 οὐκ
1478 947 1682 1011 ἔγκατα·
1706 968 1726 994 e

35 1034 126 1061 ¹0“
152 1028 323 1096 λείψει,
356 1027 440 1082 ἕως
474 1028 528 1078 οῦ
564 1029 835 1092 δικαιοσύνη
871 1029 1139 1097 ἐπιστρέψῃ
1176 1032 1236 1082 εἰς
1273 1030 1441 1095 κρίσιν,
1470 1030 1544 1078 καὶ
1578 1026 1682 1094 ἐχό-

99 1116 127 1138 “
153 1132 281 1171 μενοι
308 1110 450 1172 αὐτῆς
475 1109 647 1162 πάντες
670 1113 712 1160 οἱ
738 1110 880 1163 εὐθεῖς
914 1115 972 1177 τῇ
1009 1111 1215 1178 καρδίᾳ.”
1269 1109 1570 1173 δικαιοσύνην
1602 1108 1690 1172 μὲν

100 1189 194 1256 γὰρ
243 1189 454 1257 ὀνομάζει
498 1190 729 1257 Χριστὸν,
777 1191 1081 1259 ἐπιστρέψειν
1125 1191 1179 1242 δέ
1223 1195 1375 1260 φησιν
1420 1195 1482 1244 εἷς
1533 1192 1690 1256 κρίσιν

101 1272 257 1324 αὐτόν.
310 1272 557 1340 ἀνελήφθη
583 1272 666 1336 μὲν
691 1272 784 1339 γὰρ
814 1273 1035 1337 πατήσας
1069 1273 1152 1323 τὸν
1178 1272 1402 1335 θάνατον,
1433 1274 1509 1322 καὶ
1543 1273 1688 1336 ἀνέβη

99 1353 218 1419 πρὸς
255 1353 338 1405 τὸν
376 1357 423 1405 ἐν
463 1356 673 1420 οὐρανοῖς
714 1354 904 1421 Πατέρα
943 1356 1018 1405 καὶ
1058 1353 1198 1405 Sedu·
1259 1355 1369 1404 ἀλλ’
1411 1354 1689 1420 ἐπιστρέψει

35 1448 81 1488 15
103 1434 222 1485 κατὰ
256 1435 440 1502 καιροὺς
475 1440 537 1489 εἷς
573 1437 741 1502 κρίσιν,
769 1440 844 1486 καὶ
878 1434 970 1486 σὺν
996 1436 1121 1504 αὐτῷ
1158 1434 1330 1490 πάντες
1369 1439 1411 1486 οὶ
1449 1436 1593 1488 εὐθεῖς
1632 1439 1689 1503 τῇ

101 1518 281 1586 καρδία,
314 1517 558 1568 τουτέστιν
583 1521 625 1568 οἱ
653 1517 790 1583 ἅγιοι,
818 1517 1029 1583 καθάπερ
1055 1517 1175 1586 ε”φην
1202 1518 1383 1582 ἀρτίως.

167 1596 283 1649 ρΌτι
310 1598 358 1650 δὲ
384 1598 502 1650 κατὰ
528 1599 610 1650 τὸν
632 1602 714 1662 τῆς
735 1599 1007 1652 συντελείας
1028 1598 1188 1665 καιρὸν
1209 1599 1341 1665 ἑτέρα
1361 1621 1430 1653 τις
1451 1599 1586 1650 ἔσται
1605 1602 1686 1663 τῆς
1705 1624 1727 1648 a
1752 1615 1843 1650 800
1858 1614 1911 1650 A.

102 1680 338 1746 ὁρωμένης
373 1681 568 1735 κτίσεως
602 1681 631 1744 ἡ
667 1680 974 1742 κατάστασις,
1002 1683 1077 1731 καὶ
1111 1679 1442 1747 μετοιχήσεται
1469 1683 1544 1732 καὶ
1571 1681 1687 1745 αὑτὴ

101 1760 219 1828 πρὸς
241 1761 295 1813 τὸ
319 1762 507 1826 ἄμεινον
526 1763 834 1826 ἀνανεουμένη
855 1761 931 1812 διὰ
957 1766 1189 1828 Χριστοῦ,
1212 1762 1506 1813 πιστώσεται
1532 1762 1687 1827 λέγων

35 1860 84 1885 20
105 1844 130 1894 ὁ
157 1842 419 1911 Προφήτης
441 1848 510 1895 Ἐν
537 1845 667 1916 ἐκείνῃ
695 1849 742 1917 τῇ
770 1841 904 1914 ἡμέρᾳ,
932 1847 1006 1894 οὐκ
1035 1843 1159 1894 ἔσται
1187 1843 1285 1912 φῶς
1314 1849 1391 1894 καὶ
1419 1839 1578 1913 ψύχος
1607 1847 1687 1895 καὶ

103 1925 256 1991 πάγος
284 1925 410 1977 ἔσται
436 1926 544 1993 μίαν
571 1922 738 1993 ἡμέραν,
766 1930 844 1976 καὶ
874 1927 895 1985 ἦ
921 1924 1058 1993 ἡμέρα,
1092 1930 1222 1984 ἐκείνη
1248 1923 1417 1990 γνωστὴ
1447 1928 1505 1994 τῷ
1535 1927 1688 1995 Κυρίῳ.

104 2008 202 2057 νυνὶ
227 2006 312 2070 μὲν
339 2005 432 2073 γὰρ
457 2006 606 2073 ἡμέρα
631 2028 680 2056 τε
706 2007 781 2057 καὶ
809 2005 897 2075 νὺξ
921 2005 1211 2071 διακέκριται,
1235 2008 1310 2056 καὶ
1342 2005 1560 2072 διέλαχον
1582 2006 1691 2061 τοὺς

105 2087 291 2155 καιροὺς
324 2093 420 2141 τοῖς
450 2093 534 2139 τοῦ
572 2086 878 2151 πεποιηκότος
915 2087 1126 2149 νεύμασι,
1161 2089 1236 2137 καὶ
1271 2087 1454 2154 ἀνίσχει
1487 2086 1573 2151 μὲν
1607 2090 1690 2151 τῆς

105 2170 276 2236 ἡμέρας
301 2168 355 2221 τὸ
383 2174 499 2239 φῶς,
526 2167 622 2221 εἶτα
650 2169 907 2236 διαδέχεται
934 2168 1034 2237 νύξ.
1087 2167 1270 2220 ἐπειδᾶν
1298 2168 1346 2218 δὲ
1370 2168 1688 2234 παραγένηται

39 2259 86 2298 25
107 2252 132 2302 ὁ
180 2250 368 2317 Κριτὴς,
411 2252 436 2301 ὁ
479 2249 635 2302 πάντα
677 2249 1034 2315 μετασκευάζων
1078 2249 1196 2301 κατὰ
1239 2248 1293 2301 τὸ
1339 2251 1463 2319 αὐτῷ
1508 2252 1688 2314 δοκοῦν,
1706 2259 1733 2299 b

107 2332 277 2399 ἑτέραν,
305 2335 366 2386 ὡς
400 2332 532 2400 ἔφην,
559 2332 586 2395 ἡ
622 2332 771 2386 κτίσις
805 2331 890 2396 τὴν
922 2330 1238 2395 διακόσμησιν
1271 2331 1467 2399 δέξεται*
1520 2335 1562 2382 οὐ
1597 2330 1689 2396 γὰρ

108 2415 173 2464 ἔτι
200 2413 298 2482 φῶς
325 2412 450 2464 ἔσται
480 2416 555 2464 καὶ
580 2409 740 2482 ψύχος
770 2421 846 2464 καὶ
876 2413 1031 2479 πάγος
1059 2419 1118 2467 εἷς
1148 2419 1257 2480 μίαν
1283 2414 1452 2481 ἡμέραν.
1508 2414 1583 2462 καὶ
1615 2411 1692 2462 διὰ

108 2493 192 2556 μὲν
217 2500 299 2546 τοῦ
326 2492 476 2563 φωτὸς
503 2493 588 2558 τὴν
614 2495 789 2561 ἡμέραν
809 2496 1039 2558 σημαίνει,
1067 2493 1143 2544 διὰ
1169 2494 1224 2544 δέ
1243 2516 1298 2559 γε
1322 2499 1405 2544 τοῦ
1432 2493 1615 2559 πάγους
1641 2515 1690 2543 τε

159 2673 190 2695 2.
217 2662 269 2696 καὶ
287 2661 383 2695 deest
399 2661 435 2695 in
453 2660 545 2694 Edd.
723 2672 755 2705 3.
782 2660 854 2695 ἴδον
872 2660 913 2695 C.
933 2660 1073 2705 (Alex.)
1092 2657 1181 2694 εἶδον
1199 2659 1291 2694 Edd.
1470 2659 1502 2694 6.
1529 2660 1630 2697 αὐτάς
1649 2660 1691 2695 C.

112 2708 245 2751 (Alex.)
263 2707 383 2743 αὐτούς
402 2707 444 2741 Β.
464 2707 557 2741 Edd.
578 2706 641 2751 (22
661 2706 724 2751 al.)
788 2722 853 2741 που
871 2713 904 2741 et
922 2707 999 2751 ἡμῖν
1015 2713 1196 2751 assumpta
1213 2719 1254 2740 ex
1274 2706 1314 2740 C.
1577 2716 1608 2752 7.
1635 2708 1691 2740 οὐ·

111 2757 214 2799 ρανοῦ
233 2754 273 2788 C.
293 2754 378 2788 Nik.
395 2754 432 2787 in
450 2765 502 2798 ps.
521 2754 611 2787 xciii.
629 2753 778 2798 οὐρανῶν
796 2753 889 2788 Edd.
1041 2764 1095 2787 10.
1122 2753 1325 2798 ἐπιστρέψει
1345 2752 1385 2786 C.
1541 2763 1594 2786 12.
1621 2753 1693 2787 ἐπι-

114 2801 282 2845 στρέψειν
300 2800 341 2834 C.
359 2799 570 2844 ἐπιστρέψαι
588 2799 648 2834 iid.
1028 2811 1080 2841 14.
1107 2798 1158 2843 ἐν]
1183 2804 1220 2838 -1-
1241 2801 1311 2834 τοῖς
1331 2799 1372 2832 Β.
1438 2798 1615 2844 ἐπιτρέψει
1633 2799 1692 2834 iid.

118 2855 171 2891 17.
196 2847 246 2881 τίς
264 2847 357 2881 ἐστιν
374 2848 472 2881 ἕσται
490 2846 579 2891 (Sic)
600 2846 632 2879 b.
839 2857 893 2880 20.
919 2845 1010 2891 φῶς]
1036 2850 1072 2886 4-
1095 2846 1147 2878 καὶ
1166 2847 1288 2880 σκότος
1306 2845 1352 2879 D.
1542 2856 1598 2891 23.
1624 2845 1693 2880 ἀνί-

114 2907 194 2937 σχει
214 2893 298 2926 D.b.
318 2892 410 2926 Edd.
431 2893 460 2927 C
477 2904 586 2927 manu
602 2891 793 2926 recentiori.
813 2892 937 2938 ἀνέσχε
956 2897 996 2927 ut
1014 2892 1083 2927 vid.
1104 2891 1133 2925 C
1151 2903 1258 2925 manu
1275 2892 1399 2935 prima.
1595 2903 1649 2934 25.
1676 2894 1694 2925 ὁ

115 2939 212 2984 prius
231 2950 301 2972 om.
320 2938 361 2973 C.
427 2941 444 2972 ὁ
463 2940 521 2973 alt.
539 2944 759 2983 assumptum
777 2950 818 2972 ex
838 2938 917 2973 C.b.
1159 2947 1212 2982 27.
1239 2937 1292 2971 καὶ
1310 2938 1364 2971 διὰ
1381 2937 1543 2981 μὲν-διὰ
1560 2938 1598 2973 δέ
1616 2938 1694 2973 C.b.

117 2986 271 3030 σημαίνει
289 2985 324 3019 δέ
344 2985 399 3019 διά
416 2984 507 3019 Edd.
698 2985 752 3019 28.
777 2986 904 3030 πάγους
924 2984 1002 3019 C.b.
1023 2985 1115 3019 Aub.
1134 2985 1243 3029 πάγου
1264 2984 1304 3018 Β.
1324 2984 1426 3018 Pont.
