2053 3382
308 203 385 240 660

362 323 555 360 conculcat
570 324 646 360 463
661 333 680 358 c
689 337 697 364 ;
720 319 924 363 Ecclesiae,
937 318 1066 354 hostes

361 400 448 424 suos
477 386 742 428 conculcantis,
771 391 884 434 typus
917 384 995 420 463
1023 392 1064 427 e;

361 465 433 500 quo
463 464 575 488 sensu
604 464 625 487 a
652 451 737 487 Deo
764 449 962 486 mandatus
987 448 1064 483 489

359 516 404 561 b;
435 516 533 552 leoni
559 522 806 564 eomparatur,
831 514 867 550 in
896 513 1065 549 Nineven

359 580 524 616 insiliens
545 583 621 618 495
644 581 693 627 d3
725 586 733 599 ‘
748 578 952 616 insuffiare’
974 575 1064 613 dici-

357 651 431 687 tur,
446 645 608 682 liberans
620 645 786 682 Judaeos
800 647 877 681 495
895 656 931 685 e;
953 648 1064 690 typus

359 709 643 758 Redemptionis
668 712 744 747 497
770 722 818 755 e3
849 706 1062 747 Ninevitas,

358 780 400 810 ut
419 774 515 811 vites
539 787 716 811 excussas
743 782 780 810 et
805 778 965 815 exustas,
988 771 1061 807 dis-

356 839 478 887 perdit
503 842 579 876 498
602 853 622 876 c
638 840 687 886 d3
720 845 757 876 et
782 838 998 879 terroribus,
1023 842 1063 872 ut

356 903 461 940 fumo
491 918 591 952 apes,
622 910 659 941 et
689 905 736 947 vi,
770 903 966 940 Ninevitas
996 914 1059 949 opu

356 969 492 1016 pressit
517 972 593 1007 503
616 970 699 1015 de3
730 981 856 1005 muros
883 967 1060 1008 Nineves‚

358 1039 399 1070 ut
431 1039 599 1070 maturos
631 1035 735 1077 fieus,
762 1033 869 1069 facile
899 1031 1061 1068 decussit

358 1100 435 1135 510
453 1111 472 1135 e
490 1112 498 1145 ;
529 1099 706 1148 Assyrius
727 1098 909 1147 arguitur,
932 1102 1061 1144 utpote

357 1176 377 1199 e
403 1163 530 1199 Persis
561 1170 768 1212 prognatus
799 1165 874 1199 514
897 1175 941 1203 a;
974 1173 1061 1197 con-

357 1229 492 1276 sopivit
538 1229 748 1270 Ninevitas‚
788 1240 856 1264 ceu
904 1226 1062 1262 Satanas

356 1293 523 1330 Judaeos
572 1296 648 1330 514
688 1294 711 1329 b
729 1306 772 1338 c;
830 1291 1060 1340 Babylonem

356 1359 505 1407 capiens
541 1359 733 1395 Christum
768 1357 1061 1404 triumphantem

355 1424 541 1460 referebat
563 1426 639 1460 533
661 1423 710 1469 d3
742 1424 818 1459 536
840 1422 886 1467 d;
920 1423 995 1458 537
1018 1432 1059 1465 a3

356 1489 431 1526 538
465 1489 512 1530 b;
553 1500 636 1524 cum
676 1487 842 1524 exercitu
874 1498 952 1531 suo,
983 1484 1059 1521 bel-

353 1553 500 1589 luarum
552 1552 776 1589 saevissimis
823 1554 1060 1599 comparatus

356 1620 432 1655 545
464 1617 516 1663 d;
564 1623 694 1665 captos
736 1616 944 1656 remittens,
984 1615 1058 1650 Re-

355 1682 560 1730 demptoris
580 1688 691 1730 typus
713 1683 789 1718 548
812 1693 857 1727 a;
890 1681 925 1716 in
948 1678 1058 1715 Chal-

354 1747 480 1790 daeos,
500 1747 714 1794 vicinasque
743 1752 876 1794 gentes
902 1744 1057 1792 impres-

354 1812 498 1848 sionem
545 1811 756 1847 incursione
804 1823 870 1847 sua
917 1809 1058 1858 gravis-

354 1877 486 1913 simam
506 1876 594 1913 fecit
615 1878 692 1912 614
714 1888 747 1912 e.

661 1994 699 2030 D

299 2071 536 2113 DAEMONES,
553 2072 772 2118 Apostatae,
793 2075 964 2106 auctores
980 2079 1057 2104 see-

352 2136 471 2172 lerum
511 2137 559 2172 36
601 2148 645 2181 a;
694 2135 740 2171 ab
788 2134 920 2170 animis
957 2132 1059 2181 puris

352 2201 544 2249 refugiunt
583 2203 632 2236 45
668 2200 717 2246 d;
769 2204 946 2248 quantam
991 2210 1056 2245 po-

353 2270 528 2301 testatem
552 2265 715 2301 habeant
743 2267 792 2302 76
821 2276 864 2310 a;
895 2263 1056 2299 immun-

354 2330 454 2366 ditiis
481 2335 640 2378 pascunt
671 2330 833 2366 cultores
863 2341 949 2364 suos
983 2329 1055 2363 128

353 2407 372 2430 e
388 2409 396 2436 ;
433 2394 640 2437 samaritis,
672 2393 696 2431 J
701 2395 904 2430 udaeorum
929 2393 1057 2429 adver-

354 2459 459 2495 sariis
476 2459 678 2507 comparati
697 2461 773 2496 235
791 2471 809 2494 c
826 2471 835 2504 3
864 2457 1057 2494 Christum

353 2523 535 2560 timebant
568 2526 644 2560 395
678 2524 727 2570 b;
758 2523 859 2559 domi
891 2528 1055 2563 manent,

353 2594 439 2636 post
469 2588 610 2624 Christi
634 2588 835 2624 adventum
857 2599 922 2635 per
951 2598 1056 2622 sanc-

352 2657 477 2689 torum
494 2652 727 2701 vigilantiam
747 2652 900 2688 cohibiti
917 2653 995 2688 440
1011 2664 1030 2686 e
1047 2666 1055 2693 ;

354 2717 551 2766 tyrannide
586 2730 653 2753 sua
689 2717 791 2753 exuti
829 2729 895 2764 per
928 2715 1057 2752 Chris-

352 2787 433 2818 tum
477 2784 553 2819 470
593 2782 650 2828 d;
704 2781 866 2818 silebunt
906 2781 1055 2817 tandem

353 2849 429 2883 470
469 2859 513 2892 e;
566 2852 742 2894 precepta
788 2846 858 2882 Dei
905 2846 942 2882 in
989 2858 1058 2881 nos

352 2910 606 2946 misericordia
646 2916 862 2958 stupescent
904 2911 977 2947 471
1012 2910 1057 2955 b;

358 2975 543 3020 quomodo
570 2975 803 3022 serpentibus
824 2975 960 3011 similes
982 2977 1054 3010 471

841 195 1053 234 INDEX
1112 195 1354 233 RERUM.

1755 207 1892 233 CYRUS.

1192 329 1233 363 e;
1255 317 1334 354 viso
1356 317 1508 354 Christo
1529 317 1732 354 formidant
1751 319 1828 354 470
1842 315 1866 352 d
1883 328 1894 362 3

1191 395 1258 431 per
1305 383 1497 419 Christum
1545 381 1689 431 expulsi
1729 383 1805 418 495
1843 381 1893 422 b;

1191 448 1338 495 quantis
1367 448 1571 484 terroribus
1602 459 1747 495 semper
1770 446 1896 482 vexati

1190 512 1264 548 sint
1281 514 1358 549 499
1374 513 1418 558 d3
1449 525 1518 561 per
1534 512 1726 549 Christum
1748 511 1895 559 spoliati

1191 579 1264 613 501
1290 589 1333 623 ος
1365 590 1474 625 quam
1496 578 1650 613 robusta
1669 577 1743 612 sint
1764 575 1895 624 malig-

1189 641 1305 678 nitate
1327 644 1403 679 560
1426 642 1470 688 d;
1503 642 1644 678 Christi
1665 641 1810 689 jaculis²
1831 641 1892 677 i.e.

1189 706 1394 754 Apostolis,
1416 707 1658 743 vulnerantur
1679 708 1755 743 569
1777 706 1814 742 b.

1135 771 1368 817 Damasceni,
1413 772 1511 808 inter
1553 772 1682 808 hostes
1725 770 1892 808 Judaeo-

1186 849 1269 872 rum
1314 837 1483 873 acerrimi
1527 838 1604 873 236
1644 848 1692 882 a3
1744 835 1894 871 insolita

1187 901 1406 938 crudelitate
1458 902 1623 938 Judaeos
1680 900 1893 937 tractabant

1187 968 1263 1003 255
1286 979 1315 1003 a.

1136 1031 1356 1073 Damascus,
1389 1031 1518 1080 Syriae
1548 1030 1765 1079 metropolis
1795 1033 1816 1066 9
1845 1042 1890 1076 a;

1186 1103 1424 1145 expugnatur
1465 1097 1511 1133 ab
1552 1096 1717 1143 Assyriis
1755 1097 1804 1132 92
1845 1095 1890 1140 b;

1191 1164 1263 1198 145
1286 1162 1330 1207 d;
1363 1162 1478 1210 Regis
1503 1160 1609 1197 Ader
1638 1161 1726 1197 urbs
1755 1159 1892 1208 regalis

1188 1228 1265 1263 250
1304 1239 1345 1272 a;
1398 1239 1464 1274 per
1500 1225 1680 1275 Assyrios
1728 1229 1893 1261 cremata

1187 1293 1260 1328 251
1290 1292 1337 1337 d;
1372 1304 1482 1339 saepe
1513 1291 1636 1328 Deum
1666 1289 1891 1331 offendebat,

1186 1369 1295 1404 saepe
1326 1356 1603 1393 misericordem
1633 1360 1810 1405 expertus
1833 1359 1891 1390 est

1186 1423 1262 1458 254
1299 1422 1342 1467 (1;
1392 1422 1428 1457 in
1460 1421 1642 1457 foeminas
1674 1419 1890 1456 Galaaditas

1185 1486 1384 1522 crudeliter
1417 1486 1585 1522 saeviens
1619 1485 1890 1521 condemnatur

1186 1554 1262 1587 254
1298 1564 1342 1596 e;
1386 1553 1461 1588 255
1497 1563 1541 1596 a;
1587 1562 1653 1598 per
1684 1548 1816 1585 Oziam
1853 1554 1890 1584 et

1184 1616 1414 1652 Hieroboam
1451 1627 1591 1664 poenas
1629 1615 1692 1650 dat
1732 1616 1807 1650 255
1847 1625 1888 1659 c;

1183 1680 1324 1717 Judam
1366 1685 1595 1729 persecutus,
1637 1679 1682 1715 ab
1723 1678 1888 1726 Assyriis

1184 1752 1314 1794 captus
1344 1758 1483 1794 poenas
1521 1746 1585 1781 dat
1625 1747 1701 1781 284
1733 1756 1773 1788 e;
1823 1755 1889 1790 pro

1185 1810 1379 1859 Babylone
1409 1810 1572 1858 ponitur,
1592 1814 1723 1857 utpote
1752 1808 1887 1844 Orien-

1183 1881 1261 1911 tem
1299 1882 1473 1923 speetans
1513 1876 1589 1911 310
1629 1886 1674 1919 e;
1725 1874 1798 1910 391
1840 1873 1886 1918 d;

1186 1942 1261 1977 458
1297 1953 1341 1986 e;
1381 1946 1418 1976 et
1449 1939 1669 1988 descriptus,
1703 1945 1741 1975 et
1773 1937 1888 1974 exitio

1184 2006 1340 2042 devotus
1357 2007 1433 2042 598
1451 2017 1470 2041 e
1485 2017 1494 2050 ;
1522 2004 1748 2041 Phoenicum
1765 2009 1801 2039 et
1818 2002 1887 2038 Pa-

1182 2070 1338 2107 lestinae
1359 2069 1576 2118 metropolis
1595 2069 1731 2105 dicitur
1747 2070 1823 2104 730
1840 2079 1873 2104 e.

1129 2136 1225 2177 Dan,
1244 2135 1331 2171 urbs
1348 2134 1616 2171 Samaritarum
1632 2133 1784 2169 illustris
1805 2134 1827 2169 5
1844 2144 1865 2167 a
1876 2144 1886 2178 ;

1182 2199 1314 2241 tribus,
1344 2199 1473 2236 relicta
1502 2211 1580 2240 sua,
1610 2210 1746 2234 novam
1775 2209 1885 2233 occu-

1184 2269 1272 2315 pant
1298 2270 1449 2306 terram,
1475 2263 1615 2306 Lais-a,
1643 2263 1766 2310 ibique
1786 2261 1889 2298 idola

1182 2330 1309 2366 colunt
1333 2331 1406 2366 134
1422 2329 1554 2366 b-136
1569 2340 1612 2374 c;
1642 2333 1762 2364 terrae
1783 2338 1887 2363 sanc-

1181 2400 1241 2431 tae
1261 2394 1442 2430 terminus
1464 2396 1540 2431 340
1557 2393 1593 2429 b.

1128 2459 1274 2502 Darius,
1301 2458 1432 2507 templi
1461 2457 1768 2494 instaurationem
1797 2468 1885 2504 pro-

1181 2529 1308 2560 movet
1347 2525 1423 2560 627
1454 2535 1498 2568 c;
1539 2524 1616 2559 628
1649 2521 1694 2567 b;
1735 2523 1811 2558 632
1842 2531 1884 2566 a3

1182 2590 1258 2625 633
1279 2588 1317 2624 b.

1127 2652 1260 2697 David,
1278 2652 1471 2688 Christum
1488 2651 1661 2699 exprimit
1681 2649 1884 2686 secundum

1181 2729 1343 2761 carnem,
1366 2729 1411 2753 ex
1435 2717 1576 2752 semine
1596 2715 1750 2752 Davidis
1770 2715 1819 2751 62
1842 2727 1861 2750 e
1874 2726 1883 2760 3

1182 2781 1237 2817 vir
1256 2782 1403 2830 sapiens
1425 2783 1501 2818 302
1526 2793 1571 2826 a;
1600 2785 1751 2828 propter
1771 2779 1884 2815 fidem

1181 2851 1218 2882 et
1239 2846 1415 2895 pietatem
1441 2845 1612 2881 laudatus
1637 2845 1713 2880 322
1732 2843 1776 2889 b;
1809 2844 1882 2879 ori-

1181 2911 1302 2947 undus
1321 2923 1364 2946 ex
1379 2908 1599 2946 Bethlehem
1616 2910 1692 2944 435
1710 2920 1750 2953 c;
1775 2920 1881 2956 prae-

1182 2975 1269 3011 dicit
1298 2974 1457 3010 reditum
1487 2972 1717 3009 Judaeorum
1745 2985 1764 3008 e
1795 2985 1880 3020 cap-
