2001 3361
276 180 352 215 696

324 301 466 349 judicio
500 300 693 348 subjectus
726 300 837 336 fuerit
873 302 950 337 605
983 301 1031 348 b3

327 365 490 401 edictum
530 364 708 400 Divinum
756 377 832 400 non
879 366 1033 402 audiens

328 429 507 464 doctrinis
537 429 731 464 hominum
759 429 933 466 studebat
954 432 1031 466 606

328 506 348 528 a
385 494 429 538 b;
480 492 562 528 Deo
610 506 685 529 non
728 493 859 535 fretus,
899 501 1031 542 gentes

326 558 464 593 auxilio
484 558 631 593 vocavit
653 560 730 594 606
748 570 787 604 c;
819 559 1031 606 rapacitatis

325 628 363 658 et
402 622 576 658 saevitiae
614 623 798 658 belluinae
836 630 1032 670 accusatur

326 688 404 723 606
426 699 466 732 e;
497 687 535 722 in
552 688 709 734 patriam
726 688 927 729 rediturus,
949 688 1031 725 Deo

324 750 542 793 serviturus,
573 752 799 800 praedicitur
829 755 905 789 616
937 766 957 789 a
986 766 1030 799 c;

324 815 556 852 idololatriae
583 816 790 857 convictus
812 816 938 852 Deum
965 830 1029 853 ex-

324 886 454 927 pertus
481 886 538 916 est
559 893 742 923 severum,
767 888 897 928 postea
923 882 1031 917 mise-

323 944 507 980 ricordem
539 947 615 982 673
642 946 690 990 b;
729 946 822 981 torri
853 947 1031 982 semiusto

324 1016 564 1059 comparatus
592 1013 669 1047 674
695 1024 736 1057 a;
772 1012 964 1060 signorum
995 1019 1030 1048 et

324 1080 586 1122 portentorum
629 1076 821 1111 studiosus
865 1078 941 1112 677
983 1076 1029 1121 d;

324 1152 345 1175 a
361 1139 444 1175 Deo
458 1140 884 1181 dilectus,comfortatur
902 1143 977 1177 748
993 1141 1030 1185 d;

325 1204 539 1252 spiritualis
589 1206 648 1253 qui
699 1206 746 1242 sit
787 1209 862 1243 772
903 1219 945 1251 c;
994 1207 1030 1242 in

324 1268 472 1309 Exodo,
491 1269 528 1304 in
546 1269 706 1311 deserto,
722 1271 757 1306 in
775 1278 874 1307 terra
889 1277 1030 1312 sancta,

326 1333 515 1370 Ecclesiae
555 1341 666 1382 typus
707 1338 781 1372 779
821 1349 843 1371 a
873 1348 916 1381 c;
964 1348 1032 1383 pro

324 1398 437 1445 priori
469 1397 696 1446 Captivitate
717 1400 855 1436 dictum
888 1402 964 1436 842
987 1413 1031 1446 c;

325 1474 392 1510 per
425 1463 598 1499 mulieres
622 1464 851 1512 alienigenas
882 1477 1034 1512 corrup-

325 1532 389 1562 tus
409 1528 485 1563 842
508 1540 526 1563 e
544 1540 552 1572 3
581 1530 657 1564 843
678 1528 728 1574 b3
754 1529 923 1564 victimas
942 1529 1033 1565 viles

326 1603 412 1626 cum
436 1591 637 1640 lachrymis
661 1592 834 1634 offerens,
856 1593 1031 1629 condem·

326 1662 436 1692 natur
467 1658 543 1692 844
567 1657 589 1692 b
613 1670 657 1703 c3
689 1657 922 1705 ignorantiae
946 1671 1035 1694 cou-

326 1720 457 1761 victus,
479 1720 599 1756 Deum
628 1721 830 1769 injustitiae
854 1735 1032 1758 accusans

328 1787 405 1821 854
428 1798 470 1830 a;
501 1786 546 1821 ab
572 1787 745 1834 exemplo
772 1788 887 1836 patris
913 1787 1033 1824 Jacob

327 1850 527 1886 declinavit
561 1852 638 1886 856
671 1863 712 1896 c;
754 1864 847 1899 quae
884 1852 982 1888 bona
1013 1865 1033 1887 a

329 1914 411 1951 Deo
450 1916 645 1962 acceperit,
687 1928 780 1963 quae
818 1916 914 1952 mala
951 1917 1034 1952 red-

328 1980 463 2015 diderit
485 1982 558 2016 861
584 1980 606 2016 d
627 1993 659 2016 e.

275 2045 479 2085 Israelitae,
515 2057 597 2080 cum
636 2045 784 2081 seminis
826 2046 1033 2082 idololatris

330 2122 408 2145 rem
436 2109 624 2146 habebant
654 2113 703 2146 85
739 2111 786 2156 d;
819 2124 895 2147 uno
920 2113 1033 2147 verbo

331 2186 462 2210 omnes
502 2174 717 2210 idololatrac
750 2182 855 2211 erant
891 2178 961 2212 131
992 2189 1032 2221 e;

329 2239 364 2274 in
401 2239 640 2286 Captivitate,
677 2241 771 2276 sicut
801 2241 837 2276 in
873 2242 1033 2282 deserto,

331 2304 521 2351 perierunt
559 2304 706 2352 plurimi
750 2308 819 2341 141
862 2318 906 2350 a;
949 2311 1035 2353 post

332 2368 597 2416 Captivitatem
615 2382 732 2417 regno
749 2370 881 2417 privati
905 2372 978 2406 179
993 2383 1011 2405 a
1026 2383 1034 2415 ;

331 2432 369 2469 in
390 2433 537 2469 deserto
551 2434 597 2470 ab
615 2434 801 2470 Idumaeis
818 2435 1036 2483 refugerunt

334 2500 408 2534 261
446 2511 486 2543 ος
519 2511 541 2534 a
573 2511 662 2547 rege
692 2499 836 2535 Pharao
866 2500 1035 2541 Nechao,

333 2569 371 2599 et
397 2576 418 2599 a
440 2576 529 2612 rege
556 2564 921 2605 Nabuchodonosor,
943 2577 1036 2612 quae

333 2628 432 2675 passi
465 2628 540 2664 sint
574 2631 650 2665 282
679 2629 724 2674 (1;
756 2631 830 2665 284
857 2642 900 2673 a;
934 2629 1036 2665 nullo

333 2699 578 2741 persequente
609 2694 788 2742 fugerunt
820 2697 895 2730 413
927 2707 970 2739 c;
1017 2707 1037 2729 a

334 2756 417 2793 Deo
433 2758 602 2806 inspirati
622 2759 816 2794 aedificare
835 2765 1037 2806 coeperunt

336 2823 411 2858 638
439 2835 471 2863 a,
507 2836 581 2858 non
615 2823 685 2858 nisi
718 2836 821 2859 mora
854 2823 965 2858 trium
1000 2830 1037 2859 et

335 2886 467 2933 viginti
488 2887 629 2923 dierum
655 2887 875 2935 interposita
893 2889 968 2924 638
992 2900 1037 2933 03

337 2962 473 2986 novum
515 2952 695 2999 templum
733 2952 846 2999 priori
884 2952 1034 2999 postha-

811 179 1019 215 INDEX
1081 180 1325 217 RERUM.

1706 194 1857 218 ISRAEL.

1156 301 1318 338 buerunt
1348 303 1425 338 639
1459 301 1506 347 b;
1541 302 1714 349 perpauci
1740 315 1760 337 a
1786 303 1856 338 Ba-

1156 366 1292 414 bylone
1318 367 1508 402 redierunt
1540 368 1617 403 639
1639 379 1681 412 c;
1718 367 1754 402 in
1784 367 1855 402 As-

1156 431 1276 479 syrios
1292 444 1313 467 a
1328 443 1417 479 rege
1434 431 1670 468 Salmanasar
1689 430 1858 466 translati

1158 498 1233 532 709
1255 496 1299 541 b;
1335 508 1445 543 super
1465 496 1643 543 templum
1666 496 1857 531 incensum

1155 560 1390 596 sanctificant
1418 560 1603 609 jejunium
1631 563 1706 597 710
1731 560 1776 605 b;
1813 559 1859 594 de

1155 625 1295 672 templo
1333 625 1425 660 nihil
1471 631 1644 661 curantes
1693 627 1768 662 710
1814 637 1856 665 c;

1155 689 1313 725 duritiae
1344 690 1478 731 cordis,
1513 690 1722 737 Prophetas
1754 700 1856 736 sper-

1154 760 1297 795 nentes,
1329 754 1629 790 condemnantur
1664 756 1739 790 713
1770 755 1792 788 b
1813 765 1857 798 c;

1153 819 1343 865 poenitere
1381 819 1553 855 nolentes
1600 819 1800 866 ejiciuntur
1838 831 1859 853 a

1154 882 1237 918 Deo
1271 885 1346 919 713
1380 883 1428 928 d3
1460 896 1596 919 uxores
1631 883 1858 931 alienigenas

1154 953 1237 994 post
1304 948 1567 996 Captivitatem
1629 948 1858 996 quaerebant

1155 1014 1232 1049 840
1266 1025 1307 1057 e;
1358 1019 1510 1060 peccata
1550 1013 1672 1048 solum
1710 1019 1857 1061 patrum

1154 1089 1306 1112 suorum
1333 1078 1577 1113 imitabantur
1604 1080 1679 1114 857
1703 1090 1746 1123 a;
1776 1077 1859 1113 Ma-

1153 1141 1294 1177 lachiae
1314 1148 1494 1191 tempore,
1511 1142 1633 1178 Deum
1655 1142 1859 1190 injustitiae

1155 1206 1379 1242 accusabant
1417 1209 1491 1242 861
1535 1219 1578 1252 c;
1624 1207 1736 1243 etiam
1774 1213 1859 1254 post

1154 1271 1406 1318 captivitatem
1445 1271 1688 1320 negligebant
1726 1272 1858 1312 Deum,

1156 1335 1266 1371 iidem
1288 1335 1411 1371 Deum
1434 1336 1687 1384 negligentiae
1708 1348 1858 1372 accusa-

1155 1400 1245 1436 bant
1276 1402 1352 1437 862
1374 1400 1422 1441 b;
1454 1399 1577 1436 Deum
1608 1401 1655 1436 ad
1685 1401 1858 1436 Montem

1156 1477 1302 1501 sacrum
1330 1465 1545 1513 loquentem
1577 1478 1653 1501 non
1673 1464 1858 1501 sustinue-

1155 1535 1243 1565 runt
1265 1532 1341 1566 870
1363 1542 1394 1565 a.

1102 1594 1217 1634 Issus,
1241 1593 1392 1630 Ciliciae
1415 1595 1519 1635 urbs,
1542 1594 1741 1642 sepulchro
1768 1595 1856 1631 Per-

1155 1663 1279 1694 tarum
1299 1658 1478 1707 insignita
1500 1662 1574 1695 702
1597 1659 1632 1695 d.

1104 1723 1253 1767 Itinera,
1268 1736 1335 1771 pro
1349 1723 1540 1759 Mandatis
1562 1724 1701 1759 dictum
1724 1726 1796 1760 561
1818 1737 1858 1769 c;

1155 1800 1222 1835 pro
1262 1788 1431 1824 doctrina
1469 1788 1607 1824 Christi
1647 1791 1719 1824 561
1758 1789 1781 1825 d
1815 1801 1858 1834 e;

1156 1853 1364 1901 Evangelii,
1386 1859 1537 1889 aeterna
1559 1855 1635 1890 562
1656 1854 1692 1889 b.

1467 1970 1492 2008 J

1099 2046 1238 2093 JACOB,
1260 2059 1327 2094 pro
1347 2047 1445 2083 Juda
1471 2054 1509 2083 et
1534 2047 1758 2094 Benjamino
1784 2047 1859 2083 dic-

1155 2118 1234 2148 tum
1260 2113 1329 2147 151
1354 2112 1399 2157 b;
1431 2125 1513 2147 cum
1536 2112 1684 2160 Angelo
1704 2112 1862 2157 luctans,

1154 2177 1274 2212 Judae
1323 2189 1405 2211 cum
1455 2176 1621 2224 Assyriis
1672 2176 1860 2218 luctantis,

1156 2248 1267 2289 typus
1295 2243 1363 2277 151
1390 2253 1430 2285 c;
1472 2241 1554 2283 Dei,
1586 2253 1662 2276 non
1692 2254 1772 2282 suo,
1803 2254 1862 2276 ro-

1156 2306 1246 2342 bore
1269 2305 1473 2353 praevaluit
1498 2307 1568 2342 151
1593 2306 1641 2347 d;
1677 2319 1761 2341 cum
1783 2312 1863 2342 tota

1158 2371 1272 2418 stirpe
1310 2371 1449 2406 electus
1487 2370 1556 2406 fuit
1595 2372 1666 2406 157
1702 2371 1737 2411 b,
1777 2383 1859 2406 cum

1157 2442 1237 2472 tota
1257 2436 1423 2483 peccavit
1448 2438 1521 2471 157
1543 2436 1587 2481 d;
1618 2448 1639 2471 a
1665 2436 1748 2471 filiis
1774 2436 1860 2475 suis,

1157 2500 1322 2541 Judaeis,
1344 2500 1600 2541 dedecoratus,
1623 2513 1644 2536 a
1669 2500 1754 2536 Deo
1781 2500 1858 2535 vin-

1159 2566 1302 2601 dicatur
1344 2567 1416 2601 168
1453 2577 1496 2606 c;
1542 2564 1579 2600 in
1616 2571 1724 2600 utero
1763 2564 1860 2611 quod

1157 2630 1258 2671 fecit,
1280 2643 1301 2665 a
1321 2629 1404 2665 Deo
1424 2629 1608 2665 excitatus
1627 2629 1715 2665 fecit
1738 2630 1810 2664 168
1826 2640 1860 2673 e;

1158 2694 1298 2730 electus
1317 2694 1353 2729 in
1376 2700 1481 2730 utero
1501 2694 1581 2735 fuit,
1602 2699 1755 2743 propter
1774 2693 1863 2728 obe-

1159 2759 1335 2794 dientiam
1353 2771 1373 2793 a
1386 2758 1470 2794 Deo
1486 2758 1691 2806 praevisam
1710 2759 1783 2793 169
1795 2758 1860 2802 ab;

1158 2835 1224 2871 per
1243 2823 1389 2858 labores
1410 2835 1501 2870 quos
1521 2822 1673 2857 Labano
1693 2821 1860 2869 perfecit,

1159 2888 1196 2924 in
1226 2888 1347 2924 Deum
1377 2886 1579 2935 praevaluit
1608 2887 1680 2921 169
1702 2898 1742 2930 c;
1778 2898 1862 2921 cum

1161 2951 1305 2999 Angelo
1316 2950 1702 2996 luctans,Judae01-um
1712 2950 1862 2986 Christo
