2053 3382
339 155 423 194 518
730 159 781 200 Β.
825 159 1107 201 CYRILLI
1148 161 1537 203 ALEXANDR.
1714 163 1924 216 xiv.5-—7.

336 263 558 328 μνήματα
593 266 738 332 λε’γοι,
766 268 923 336 φαμὲν
949 269 1020 320 ὅτι
1053 272 1129 321 καὶ
1163 269 1245 321 τὸν
1278 270 1482 322 θάνατον
1516 269 1658 321 αὑτὸν
1687 271 1775 321 ε”δει
1810 272 1921 337 ὁρᾶ-

116 360 203 395 799
219 359 267 394 Α.
301 349 454 396 ασθαι
479 348 785 411 νενικημένον,
814 350 1134 406 ἀποθανόντος
1160 355 1377 418 Χριστοῦ
1403 355 1547 418 σαρκὶ
1574 353 1629 403 δι’
1656 353 1777 417 ἡμᾶς
1807 357 1927 404 οἶκο-

115 438 220 521 ,Ιίιίῖωῷ
338 431 551 491 νομικῶς,
578 435 604 457 “
625 429 699 481 ἵνα
725 433 801 482 καὶ
828 437 1002 498 νεκρῶν
1028 436 1103 485 καὶ
1130 433 1314 499 ζώντων
1341 434 1610 502 κυριεύσῃ.”

338 683 412 724 Καὶ
451 685 543 727 ἥξει
584 684 734 742 Κύριος
771 689 793 730 ὁ
832 689 940 731 Θεὸς
982 706 1075 742 μου,
1114 691 1182 732 καὶ
1225 692 1383 733 Πάντες
1424 689 1461 732 οἰ
1505 692 1615 738 ἅγιοι
1655 692 1737 740 μετ’
1774 691 1924 761 ςαύτοῦ.

248 774 269 807 6
294 781 312 818 7
401 767 445 808 ὲν
472 767 614 826 ἑκείνῌ
642 774 692 827 τῷ
722 771 861 830 ἡμέρᾳ
889 774 964 813 οὐκ
991 773 1109 815 ἔσται
1138 775 1247 830 φῶς,
1276 774 1343 815 καὶ
1370 775 1504 830 ψύχος
1537 774 1604 814 καὶ
1638 774 1773 821 ΠάΓοε
1807 775 1925 816 ἔσται
1947 778 1968 816 5

400 849 499 897 μίαν
528 851 707 908 ἡμέραν,
743 855 812 895 καὶ
851 855 873 895 ἡ
914 856 1051 912 ἡμέρα
1087 857 1228 897 ἐκείνΗ
1265 857 1431 903 Γνωστὲι
1466 858 1527 910 τῷ
1564 856 1718 913 Κυρίῳ,
1750 857 1818 898 καὶ
1852 856 1926 912 οὐχ

402 932 541 990 ἡμέρα
577 935 645 975 καὶ
676 936 766 991 οὐχὶ
800 938 886 989 νὺξ,
921 939 988 979 καὶ
1022 941 1130 996 Πρὸς
1163 941 1348 996 ἑσπέραν
1382 940 1502 982 ἔσται
1536 939 1644 995 φὼε.

409 1092 759 1162 Ἐπιτροχάδην
789 1096 931 1148 εἰπὼν
957 1097 1016 1149 τὰ
1052 1100 1131 1150 ε’πί
1164 1123 1217 1165 γε
1254 1103 1320 1169 τῷ
1357 1098 1549 1150 πάντων
1579 1099 1709 1162 ἡμῶν
1742 1101 1926 1163 Σωτῆρι

293 1176 537 1243 ὺΧριστῲ
582 1181 675 1227 τῶν
713 1179 952 1230 Ἰουδαίων
991 1181 1419 1247 ἀνοσιουργήματα,
1461 1183 1535 1232 καὶ
1580 1183 1662 1244 τῆς
1699 1181 1926 1234 Ἰουδαίας

334 1255 419 1319 τὴν
470 1255 656 1309 ἅλωσιν
707 1263 781 1311 καὶ
835 1263 989 1313 αὐτῶν
1043 1263 1090 1314 δὲ
1141 1268 1235 1314 τῶν
1279 1263 1642 1329 Ἱεροσολύμων,
1694 1263 1762 1314 ἐπ’
1812 1261 1925 1313 αὐτὸ
1951 1284 1997 1308 10

334 1338 504 1389 λοιπὸν
530 1340 711 1408 ἔρχεται
743 1349 826 1394 τοῦ
860 1343 1094 1410 παρόντος
1125 1350 1289 1399 αἰῶνος
1316 1346 1369 1396 τὸ
1396 1345 1546 1407 τέλος,
1574 1347 1649 1395 καὶ
1676 1346 1926 1412 ἀφηγεῖται

334 1421 580 1486 χρησίμως
624 1422 709 1487 τὴν
748 1425 805 1492 ἐξ
845 1427 1043 1491 οὐρανοῦ
1087 1428 1433 1495 καταφοίτησιν
1474 1432 1556 1478 τοῦ
1594 1426 1920 1491 Ἐμμανουήλ.

335 1504 657 1568 καταβήσεται
691 1506 784 1573 γὰρ
819 1508 937 1571 μετὰ
972 1514 1065 1560 τῶν
1093 1511 1240 1575 ἁγίων
1267 1510 1487 1576 ἀγγέλων
1520 1512 1568 1560 ἐν
1597 1514 1656 1577 τῇ
1691 1509 1808 1578 δόξῃ
1843 1515 1926 1560 τοῦ

114 1587 168 1669 f}
185 1598 256 1617 xcv.
336 1588 461 1635 Θεοῦ
488 1587 563 1636 καὶ
593 1587 796 1652 Πατρὸς,
822 1590 897 1640 ἵνα
923 1598 950 1619 “
967 1592 1099 1659 κρίνῃ
1127 1591 1211 1655 τὴν
1237 1591 1508 1656 οἰκουμένην
1534 1592 1583 1642 ἐν
1610 1591 1922 1658 δικαιοσύνῃ·”

114 1694 129 1713 2
150 1684 223 1715 Cor.
336 1670 398 1721 ὡς
423 1667 516 1734 γὰρ
543 1670 568 1718 ὁ
593 1671 846 1725 θεσπέσιος
874 1671 1047 1740 γράφει
1076 1677 1271 1728 Παῦλος
1297 1682 1324 1702 “
1342 1672 1466 1728 Τοὺς
1497 1673 1677 1726 πάντας
1708 1673 1828 1736 ἡμᾶς
1862 1676 1933 1724 δεῖ
1950 1690 1994 1728 15

114 1738 143 1757 V.
168 1738 212 1758 ΙΟ-

335 1756 363 1778 “
390 1754 719 1817 φανερωθῆναι
764 1753 1034 1819 ἔμπροσθεν
1072 1760 1155 1805 τοῦ
1197 1754 1410 1819 βήματος
1451 1761 1534 1805 τοῦ
1573 1759 1809 1821 Χριστοῦ,
1852 1755 1927 1805 ἵνα

336 1838 364 1861 “
391 1834 642 1896 κομίσηται
676 1833 875 1889 ἕκαστος
909 1834 968 1887 τὰ
1000 1843 1082 1887 τοῦ
1117 1836 1339 1901 σώματος
1373 1835 1492 1902 πρὸς
1527 1836 1558 1886 ἂ
1591 1836 1806 1905 ἔπραξεν,
1838 1837 1926 1888 ε’ίτε

299 1920 364 1959 0“
391 1915 572 1980 ἀγαθὸν
606 1915 694 1966 ε’ίτε
729 1916 964 1983 φαῦλον.”
1018 1919 1103 1987 ἥξει
1140 1917 1196 1981 δὴ
1233 1919 1313 1969 οῦν
1341 1919 1439 1988 ἥξει,
1474 1921 1611 1985 φησὶ,
1649 1923 1725 1969 καὶ
1763 1917 1926 1973 πάντες

337 2002 371 2047 οἱ
399 1995 522 2062 ἑίγιοι
552 2001 647 2065 μετ’
677 2001 824 2057 αὐτοῦ,
853 2000 1097 2051 τουτέστιν
1125 2001 1151 2064 ἡ
1183 2005 1277 2051 τῶν
1302 2002 1429 2051 ι’δίων
1456 2000 1676 2065 ἀγγέλων
1703 2003 1919 2066 καθαρω-

335 2078 452 2142 τάτη
477 2077 678 2143 πληθὺς,
704 2081 1039 2149 δορυφοροῦσά
1064 2105 1157 2133 που
1182 2082 1370 2136 πάντως
1402 2084 1475 2133 καὶ
1509 2081 1795 2148 ὑπουργικὴν
1819 2084 1919 2132 εἰσ·
1946 2101 1995 2126 20

335 2159 551 2227 φέρουσα
595 2160 681 2225 τὴν
719 2162 1043 2228 παράστασιν.
1119 2164 1266 2233 Κύριος
1306 2164 1399 2230 γάρ
1444 2166 1546 2214 ἐστι
1591 2168 1685 2214 τῶν
1730 2162 1857 2214 ὅλων
1900 2164 1925 2213 ὁ

334 2241 657 2306 Ἐμμανουήλ,
698 2247 773 2294 καὶ
812 2245 1137 2313 δοξολογεῖται
1174 2245 1305 2311 παρὰ
1349 2246 1540 2297 πάντων
1580 2247 1640 2298 ὡς
1683 2243 1804 2298 Θεὸς
1849 2247 1925 2295 καὶ

336 2323 684 2392 συγκατάρχων
710 2329 776 2393 τῷ
800 2326 1113 2392 γεγεννηκότι.
1169 2331 1205 2377 εἰ
1231 2326 1280 2378 δὲ
1307 2326 1363 2391 δή
1395 2349 1464 2379 τις
1496 2327 1628 2391 λέγοι
1658 2328 1731 2376 καὶ
1758 2325 1924 2379 αὐτοῦς

121 2426 132 2446 1
152 2416 263 2448 Thess.
336 2404 461 2472 αὐτῷ
486 2407 991 2472 συμπαραστήσεσθαι
1016 2407 1122 2463 τοῦς
1150 2409 1310 2473 ἁγίους
1341 2408 1639 2474 ἀρπαγέντας
1667 2409 1755 2458 “ε’ν
1782 2407 1917 2474 νεφέ-

128 2472 157 2490 v.
177 2467 225 2490 1*.

115 2472 125 2490 ¹
200 2478 209 2499 ¹
336 2492 363 2513 ‘⁶
389 2493 495 2540 λαις
521 2491 583 2540 εἷς
609 2487 876 2553 ἀπάντησιν
902 2491 1044 2541 αὐτοῦ
1071 2495 1133 2544 εἷς
1160 2490 1313 2556 ἀέρα,”
1342 2489 1459 2554 μετά
1483 2512 1537 2554 γε
1562 2487 1648 2553 τὴν
1675 2491 1724 2539 ἐκ
1751 2493 1922 2553 νεκρῶν
1943 2516 1960 2539 2
1969 2515 1990 2551 5

334 2568 613 2628 ἀναβίωσιν,
652 2569 773 2620 καθὰ
808 2574 882 2621 καὶ
917 2575 984 2640 τῷ
1019 2572 1290 2641 σοφωτάτῳ
1332 2571 1515 2640 Παύλῳ
1554 2573 1688 2632 δοκεῖ,
1722 2572 1805 2632 τῆς
1839 2575 1922 2620 τοῦ

388 2742 416 2763 1.
434 2730 531 2775 λέγοι
549 2729 590 2765 C.
610 2731 702 2775 λέγει
724 2731 814 2766 Edd.
864 2733 921 2766 τὸν
939 2732 1010 2766 θάν.
1029 2733 1129 2767 αὐτὸν
1145 2733 1212 2767 ἔδει
1228 2733 1268 2768 C.
1286 2734 1386 2767 αὐτὸν
1403 2733 1469 2767 ἔδει
1487 2732 1545 2767 τὸν
1558 2731 1630 2766 θάν.
1646 2731 1706 2766 iid.
1804 2745 1836 2774 4.
1855 2748 1919 2774 μου

335 2784 559 2821 assumptum
577 2790 616 2811 ex
637 2778 678 2812 C.
698 2777 793 2812 deest
811 2779 846 2812 in
866 2779 903 2813 F.
924 2779 1015 2813 Edd.
1129 2779 1160 2814 6.
1186 2780 1341 2825 γνωστὴ]
1364 2784 1400 2820 -1-
1423 2779 1497 2814 ἐστι
1516 2779 1558 2813 Β.
1677 2787 1708 2822 7.
1735 2778 1812 2823 οὐχὶ
1832 2779 1919 2815 B.C.

335 2823 374 2855 οὐ
394 2823 484 2857 Edd.
506 2824 612 2866 (A.V.
631 2824 710 2867 διο.)
899 2837 950 2860 10.
976 2825 1148 2861 ἀνάλωσιν
1167 2826 1209 2861 C.
1227 2827 1337 2861 invito
1354 2826 1389 2861 b.
1574 2834 1626 2870 15.
1652 2827 1718 2870 γὰρ
1736 2838 1806 2859 orn.
1827 2825 1918 2860 Edd.

339 2877 391 2912 17.
417 2872 476 2903 τοῦ
494 2872 651 2914 σώματος
670 2871 711 2906 C.
731 2871 800 2905 κατ’
819 2871 916 2915 ἀξίαν
932 2872 993 2906 iid.
1168 2884 1220 2916 19.
1246 2873 1338 2907 ἰδίων
1357 2873 1397 2906 C.
1415 2872 1519 2918 ἁγίων
1535 2870 1595 2905 iid.
1771 2883 1827 2907 20.
1852 2886 1918 2906 που

334 2922 557 2960 assumptum
574 2929 615 2951 ex
635 2916 675 2951 C.
805 2929 858 2952 22.
885 2919 1017 2954 πάντων
1036 2919 1123 2954 B.C.
1142 2919 1268 2954 τούτων
1286 2918 1378 2954 Edd.
1500 2928 1554 2960 24.
1581 2917 1818 2963 ἁρπασθέντος
1837 2918 1915 2954 C.b.

336 2969 390 3004 25.
416 2961 601 3005 ὑπάντησιν
619 2964 698 2998 C.b.
